1728 3184
208 168 306 241 418
711 202 764 242 ιΝ
805 200 1177 243 ΤΗΕΟΡΗΑΝΕΜ

207 315 376 412 {somnus
405 329 556 358 comes,
626 323 829 372 quattuor
877 316 994 357 addit
1042 317 1170 358 codex
1219 317 1305 359 Pal.
1335 318 1679 371 quattuordecim

243 386 378 428 υἷι-οι.

320 443 423 498 253,
453 444 516 484 18.
573 444 846 496 ἐβασίλευσεν
870 444 1108 502 Ἰουστῖνος]
1139 446 1242 487 haec
1271 446 1418 487 iisdem
1446 461 1554 501 pene
1581 462 1679 487 ver-

207 501 266 541 bis
294 500 544 542 Theodorus
575 503 723 543 lector.

315 573 432 618 mid,
465 574 531 615 21.
590 576 697 623 τινὲς
725 575 775 616 δὲ
806 576 955 631 φασίν]
986 576 1218 617 chronicon
1252 574 1479 616 Alexandr.

318 643 413 699 254,
446 646 487 689 6.
548 646 731 702 ζηλωτὴς
759 647 989 702 ὀρθοδόξου
1030 650 1221 704 πίστεως]
1252 647 1503 690 Theodorus
1532 648 1685 690 lector.-

315 721 423 762 lbid.
453 720 490 762 9.
549 719 807 769 Βιταλιανὸς
835 721 883 762 δὲ
921 719 945 762 ὅ
979 721 1254 777 προρρηθείς]
1293 722 1558 763 Marcellinus
1596 722 1680 762 boc

206 776 355 818 eodem
397 793 521 818 anno.
553 778 784 818 Vitalianus
813 778 968 832 Scytha
1011 779 1155 819 lustini
1197 779 1398 833 principis
1441 780 1597 834 pietate
1629 777 1682 818 ad

207 835 509 888 rempublicam
545 841 777 882 revocatus,
807 835 889 874 CP.
920 835 1121 889 ingressus
1149 843 1234 876 est:
1269 836 1533 891 septimoque
1562 849 1683 875 rece-

191 891 358 945 ptionis
384 891 454 932 die
487 892 682 946 magister
710 891 881 931 militiae
910 892 1141 932 ordinatus.

316 964 423 1007 Ibid.
463 968 526 1007 11.
593 962 668 1004 καί
705 959 963 1015 ὑπατεῦσαι]
995 965 1111 1020 quod
1154 979 1265 1005 anno
1311 965 1456 1006 Iustini
1497 964 1680 1006 secundo

204 1021 396 1075 contigit,
431 1020 653 1061 lornandes
684 1020 735 1060 de
764 1035 880 1075 regn.
917 1027 959 1061 et
987 1027 1113 1076 temp.
1143 1035 1311 1062 success.

321 1094 430 1134 Ibid.
468 1095 531 1134 12.
591 1090 664 1134 καί
694 1092 859 1148 κόμητα
887 1093 1157 1146 Πρεσέντου]
1207 1094 1404 1147 magister
1433 1093 1604 1135 militiae
1639 1094 1681 1133 in

201 1150 429 1201 Praesenti,
461 1151 547 1190 sive
578 1150 850 1191 Praesentalis
879 1150 1112 1201 dicebatur,
1143 1151 1214 1205 qui
1245 1151 1442 1191 Praesens
1474 1151 1573 1204 imp.
1602 1150 1683 1190 ob-

200 1207 345 1261 sequio
392 1207 615 1261 deputatus
656 1214 762 1248 erat.
837 1207 888 1247 de
926 1207 1012 1247 eius
1052 1207 1294 1249 muneribus
1333 1207 1595 1248 Pancirollus
1639 1207 1680 1246 in

203 1270 291 1306 not.
326 1264 425 1317 imp.

311 1335 417 1379 Ibid.
451 1334 518 1376 13.
577 1329 687 1375 ὥστε
713 1332 787 1375 καί
815 1331 1004 1389 Σεύηρον
1033 1331 1286 1388 προστάξαι]
1319 1335 1521 1391 Euagrius
1551 1335 1619 1375 lib.
1654 1331 1682 1374 4

202 1405 292 1447 cap.
323 1390 363 1447 4,
394 1399 437 1433 et
467 1392 689 1433 Liberatus
720 1393 762 1432 in
792 1392 1007 1432 breviario
1040 1406 1130 1447 cap.
1165 1391 1227 1432 19.

310 1475 406 1528 255,
437 1476 478 1516 2.
539 1473 818 1525 συνετάξαντο
859 1479 944 1524 τοῖς
982 1473 1223 1531 διπτύχοις]
1268 1483 1314 1517 ut
1340 1482 1480 1517 sancta
1510 1483 1680 1531 patrum

201 1531 373 1572 illorum
411 1531 644 1572 haberetur
681 1533 898 1583 memoria,
933 1539 975 1574 et
1003 1548 1154 1574 eorum
1186 1534 1344 1573 sancita
1381 1533 1682 1587 probarentur.

200 1587 299 1627 hine
329 1594 500 1642 patrum
530 1590 716 1628 omnium
748 1588 800 1629 ad
830 1589 1012 1630 diversas
1053 1590 1235 1645 synodos
1268 1590 1554 1630 oecumenicas
1580 1603 1682 1628 con-

201 1644 485 1696 venientium,
516 1660 596 1700 pro
637 1646 804 1701 synodis
844 1647 1012 1701 singulis
1053 1647 1178 1687 festos
1205 1647 1332 1687 etiam
1376 1646 1461 1687 dies
1503 1647 1683 1701 singulos

202 1708 331 1755 agunt
362 1702 514 1742 Graeci
558 1701 608 1742 ad
640 1702 891 1743 hodiernum
933 1718 1063 1758 usque
1093 1703 1232 1744 diem:
1263 1703 1315 1745 de
1344 1703 1496 1758 quibus
1528 1717 1682 1743 consu-

201 1758 373 1798 lendum
402 1772 552 1799 eorum
585 1761 820 1800 Menaeum.

315 1842 507 1888 Ibid.11.
561 1841 792 1896 Ἀμάντιόν
817 1857 861 1885 τε
889 1841 1185 1897 πραιπόσιτον]
1215 1845 1447 1886 lornandes
1480 1844 1532 1886 de
1564 1858 1684 1898 regn.

203 1904 247 1938 et
276 1905 405 1954 temp.
438 1915 610 1943 success,
640 1901 847 1955 Euagrius
878 1900 949 1941 lib.
982 1900 1011 1940 4
1043 1915 1134 1955 cap,
1168 1902 1207 1953 2,
1240 1901 1475 1942 chronicon
1509 1901 1686 1942 Alexan-

203 1955 387 2009 drinum,
415 1962 458 1997 et
487 1957 736 1997 Marcellini.

317 2027 413 2080 256,
447 2028 507 2071 5.·
544 2027 682 2085 ἐφάνη
714 2024 868 2085 ἀστήρ]
898 2029 1001 2071 haec
1032 2036 1080 2069 ut
1114 2029 1410 2085 praecedentia
1452 2043 1561 2085 pene
1591 2044 1689 2070 ver-

203 2085 335 2126 batim
364 2100 412 2127 ex
444 2086 647 2127 chronico
678 2086 977 2127 Alexandrino.

318 2169 431 2212 Ibid.
463 2169 502 2213 9.
577 2168 834 2220 Βιταλιανός
862 2170 1172 2226 ἐδολοφονήθη]
1206 2187 1369 2212 causam
1400 2169 1536 2211 caedis
1565 2170 1688 2210 aliam

206 2228 432 2280 proferunt
472 2228 677 2281 Euagrius
719 2234 760 2268 et
799 2228 1025 2268 lornandes
1064 2230 1193 2270 citati.
1254 2229 1306 2270 de
1333 2228 1478 2269 eadem
1507 2227 1690 2267 Marcel-

207 2285 315 2326 linus
348 2299 458 2325 anno
485 2284 629 2325 Iustini
659 2284 859 2326 secundo.

318 2357 432 2398 [bid.
469 2355 534 2398 16.
603 2353 944 2412 ἐδημοκράτησεν
986 2356 1031 2398 τὸ
1073 2357 1252 2399 Βὲνετον
1291 2354 1438 2411 μέρος]
1485 2361 1692 2412 quattuor

206 2414 497 2470 Aurigantium
527 2415 566 2455 in
590 2414 705 2455 circo
738 2414 903 2455 colores
920 2420 963 2455 et
980 2415 1179 2456 factiones
1200 2415 1252 2455 ad
1269 2414 1462 2456 Prasinos
1492 2420 1534 2454 et
1552 2413 1693 2453 Vene-

207 2477 325 2511 netos
355 2472 535 2526 posteris
566 2471 827 2524 temporibus
860 2471 1076 2522 reductos,
1110 2471 1183 2526 qui
1213 2471 1264 2512 de
1294 2469 1555 2511 Circensibus
1588 2468 1692 2509 ludis

207 2528 417 2581 copiosius
448 2534 702 2576 tractavere,
739 2527 994 2567 edisserunt:
1029 2543 1130 2583 quas
1159 2542 1243 2568 non
1276 2527 1317 2567 in
1348 2526 1516 2566 ludicris
1542 2525 1691 2577 modo,

207 2584 277 2624 sed
308 2590 349 2624 et
378 2585 419 2624 in
449 2585 565 2625 seriis
595 2592 635 2625 et
664 2583 846 2637 politicis
878 2585 1001 2624 rebus
1029 2584 1108 2625 sibi
1140 2584 1405 2625 infensissime
1437 2582 1687 2628 adversatus,

208 2654 254 2679 ex
286 2639 558 2682 historiarum
591 2641 697 2682 serie
719 2639 934 2681 discimus:
975 2656 1082 2696 quae
1104 2642 1248 2696 paucis
1279 2639 1451 2694 exponit
1473 2639 1689 2679 Balsamon

208 2696 250 2734 in
277 2697 505 2738 Trullanae
536 2697 685 2754 synodi
724 2711 813 2737 can.
847 2695 914 2736 24.
981 2694 1076 2737 τότε
1113 2696 1197 2738 τῶν
1227 2693 1372 2750 δήμων
1412 2695 1692 2744 κατεξουστα-

209 2749 366 2800 ζόντων
392 2754 437 2794 ἐν
466 2759 561 2802 ταῖς
592 2750 896 2806 ἱπποδρομίαις
914 2786 925 2802 ,
955 2749 1026 2793 καὶ
1052 2750 1286 2794 ποιούντων
1314 2749 1485 2804 ταύτας,
1513 2746 1586 2790 ὅτε
1618 2747 1694 2789 κατ’

209 2802 322 2855 ὅπως
351 2807 607 2862 ἠβούλοντο,
643 2811 690 2851 ἐκ
734 2806 1048 2862 δαπανημάτων
1076 2808 1258 2861 οἰκείων,
1303 2804 1361 2856 ὦς
1401 2807 1474 2848 καί
1506 2806 1692 2859 ἐχόντωνΥ
