1768 3268
273 183 365 234 134
468 188 747 230 ANASTASu
792 187 1052 231 HISTORIA
1090 183 1502 228 ECCLESIASTICA

266 309 522 359 procurator
551 303 602 345 ab
625 303 809 345 exercitu
825 302 1048 344 destinatus
1066 299 1381 342 contradicebat
1401 297 1581 352 imperio
1611 301 1724 339 tuo.’'

265 366 325 401 ast
356 361 587 414 imperator
625 361 690 405 ‘ait
728 360 871 400 “cuius
914 366 974 399 est
1015 358 1224 413 qualitatis
1239 357 1276 398 ?’'
1344 355 1417 410 qui
1449 355 1507 394 ait
1536 354 1725 395 “iuvenis

262 417 521 466 temerarius,
550 416 619 457 sed
642 422 684 458 et
715 416 922 457 timidus.”
979 421 1080 456 tunc
1098 413 1325 455 Mauricius
1354 411 1414 451 “si
1441 410 1611 452 timidus
1642 412 1724 452 est'’

260 473 397 527 inquit
426 473 648 527 “profecto
679 480 721 514 et
748 472 995 513 homicida.”
1056 476 1098 511 et
1136 470 1346 511 referebat
1380 466 1619 522 Philippico
1649 482 1719 508 so-

257 529 358 568 mnii
388 525 694 570 revelationem.
726 544 860 583 porro
906 533 1028 568 nocte
1064 527 1132 567 illa
1160 527 1244 566 visa
1283 532 1342 565 est
1374 524 1491 565 stella
1523 525 1565 564 in
1592 524 1722 577 caelo,

258 599 363 639 quae
384 585 539 626 dicitur
568 591 758 630 cometes,
791 586 831 624 in
859 585 1085 625 crastinum
1109 588 1245 625 autem
1263 581 1459 636 pervenit
1483 581 1720 637 magistria-
1746 590 1752 599 ⁸

257 655 347 692 nus,
379 642 451 697 qui
484 642 621 683 missus
665 644 800 682 fuerat
832 641 883 681 ad
919 647 1083 680 sanctos
1121 638 1279 680 heremi
1308 643 1476 694 patreS,
1507 638 1641 679 ferens
1669 638 1722 679 ab

259 697 305 737 iis
349 713 592 752 responsum
628 698 879 739 huiusmodi.
957 696 1083 737 “deus
1127 702 1296 750 recepta
1342 694 1603 749 poenitentia
1648 700 1720 735 tua

132 754 427 810 p.4425alvavit
456 754 633 795 animam
662 761 792 806 tuam,
821 761 862 795 et
892 759 932 793 te
955 767 1047 792 cum
1065 753 1214 791 sanctis
1243 766 1338 792 cum
1365 757 1456 792 tota
1488 751 1615 792 domo
1645 758 1719 792 tua

256 811 496 861 constituet,
529 811 708 865 imperio
739 824 837 850 vero
865 824 959 849 cum
1000 809 1223 863 ignominia
1263 815 1305 848 et
1336 807 1575 849 discrimine
1607 807 1720 853 deci-

257 867 366 906 des.'’
425 867 484 907 his
514 867 660 907 auditis
682 866 905 908 Mauricius
939 865 1187 920 glorificavit
1223 865 1439 920 magnifice
1468 864 1603 911 deum.
1642 865 1719 920 igi-

254 929 326 962 tur
355 925 542 964 autumni
570 931 762 979 tempore
802 922 1046 973 accedente,
1082 937 1176 962 cum
1217 921 1443 962 Mauricius
1483 922 1719 976 imperator

252 978 424 1020 iussisset
451 980 578 1020 Petro
609 987 655 1021 ut
686 981 726 1020 in
756 979 1047 1020 sclavinorum
1082 979 1251 1034 regione
1289 979 1470 1032 populus
1498 977 1718 1029 hiemaret,

250 1036 494 1076 restiterunt
525 1037 718 1086 Romani,
752 1036 832 1076 hoc
862 1037 1000 1076 facere
1031 1050 1114 1075 non
1147 1035 1463 1086 consentientes,
1494 1041 1580 1076 tam
1608 1049 1717 1089 pro-

249 1097 347 1145 pter
378 1107 582 1146 equorum
609 1092 938 1132 humiliationem
968 1107 1092 1146 quam
1131 1099 1314 1145 propter
1348 1091 1465 1146 quod
1496 1091 1713 1146 copiosam

249 1147 608 1189 circumducerent
636 1149 848 1203 praedam,
879 1163 954 1188 nec
987 1162 1071 1187 non
1104 1148 1157 1188 ob
1180 1148 1467 1189 multitudines
1499 1148 1714 1189 barbaro-

248 1218 355 1255 rum,
389 1219 494 1259 quae
522 1219 599 1258 per
628 1205 842 1260 regionem
869 1205 1040 1245 diffusae
1071 1204 1436 1259 dignoscebantur,
1463 1211 1506 1246 et
1533 1204 1715 1245 seditio-

248 1273 341 1299 nem
374 1261 560 1301 meditati
587 1267 695 1304 sunt.
752 1267 930 1315 praetor
959 1267 1100 1301 autem
1130 1261 1368 1316 indignatus
1397 1268 1546 1302 contra
1574 1275 1715 1316 popu-

244 1316 330 1355 lum
361 1316 400 1356 in
431 1316 780 1358 dementationem
809 1332 876 1358 eos
912 1317 1092 1357 immisit.
1150 1317 1342 1358 incidunt
1370 1319 1516 1374 itaque
1544 1318 1714 1372 pluviae

244 1372 517 1413 creberrimae
560 1388 686 1428 super
715 1373 933 1428 populum,
975 1380 1017 1414 et
1044 1374 1173 1428 frigus
1204 1375 1400 1415 multum.
1459 1375 1610 1415 Petrus
1638 1389 1712 1415 au-

243 1433 327 1468 tem
355 1429 500 1484 viginti
527 1430 688 1470 milibus
717 1430 869 1485 procul
899 1430 950 1470 ab
979 1431 1165 1471 exercitu
1193 1432 1453 1472 morabatur.
1485 1430 1713 1471 Mauricius

243 1490 381 1524 autem
411 1486 540 1528 Petro
582 1501 661 1542 per
700 1486 858 1528 litteras
895 1488 1090 1528 molestus
1131 1493 1222 1528 erat
1249 1494 1296 1528 ut
1326 1490 1479 1529 Istrum
1513 1488 1713 1529 transiret

242 1547 285 1581 et
313 1540 503 1582 hiemales
531 1558 637 1583 escas
665 1544 812 1598 populi
845 1543 895 1584 de
913 1544 1209 1585 Sclavinorum
1228 1551 1412 1586 sumeret
1442 1544 1629 1599 regione,
1660 1559 1713 1586 ne

242 1596 435 1638 alimenta
463 1600 629 1653 publica
660 1607 882 1655 cogeretur
912 1600 1110 1641 Romanis
1143 1602 1362 1655 praebere.
1419 1607 1598 1656 praetor
1632 1617 1710 1642 au-

243 1659 328 1693 tem
357 1657 554 1696 accersito
585 1656 808 1697 G'unduhin
854 1657 911 1697 ait
955 1658 1102 1697 “nimis
1140 1658 1242 1698 mihi
1270 1657 1414 1712 gravia
1443 1658 1709 1713 imperatoris

241 1719 464 1765 praecepta
505 1712 544 1752 in
587 1713 718 1753 aliena
757 1720 869 1754 terra
916 1713 1102 1754 hiemare
1130 1716 1342 1755 Romanos
1373 1714 1587 1755 iubentia:
1617 1730 1713 1755 nam

243 1765 403 1806 illinon
423 1768 624 1810 obaudire
652 1784 815 1809 saevum
844 1776 915 1821 est,
945 1778 987 1811 et
1016 1785 1157 1811 rursus
1181 1771 1387 1812 obaudire
1415 1771 1706 1815 saevissimum.

113 1828 231 1874 p.443
245 1822 401 1862 nullum
430 1824 586 1864 bonurn
616 1827 728 1879 parit
748 1827 934 1878 avaritia,
966 1834 1102 1868 mater
1134 1833 1272 1868 autem
1292 1828 1480 1869 omnium
1499 1829 1708 1868 malorum

243 1879 439 1931 consistit,
473 1896 556 1935 qua
599 1883 830 1936 imperator
859 1884 1054 1939 languens
1095 1884 1250 1925 horum
1280 1885 1557 1925 maximorum
1588 1899 1709 1924 causa

242 1935 451 1976 malorum
477 1937 670 1977 Romanis
705 1938 918 1983 efficitur.”
978 1941 1183 1981 accersitis
1218 1955 1391 1997 quoque
1422 1941 1570 1995 populi
1601 1941 1709 1981 taxi.-

242 1990 388 2041 archis,
419 1992 680 2047 imperatoris
710 1996 763 2036 eis
808 1997 1082 2038 intentionem
1115 1998 1299 2052 aperuit.
1354 1998 1536 2052 populus
1567 2003 1708 2038 autem

240 2045 322 2110 hoc
352 2048 494 2089 audito
522 2051 739 2092 seditiones
759 2053 1092 2107 concitaverunt,
1121 2061 1161 2094 et
1190 2055 1365 2109 insignes
1387 2054 1558 2110 quidam
1585 2054 1707 2109 prin-

240 2115 350 2166 cipes
380 2119 426 2144 ex
455 2105 510 2145 eis
537 2107 735 2162 fugientes
780 2109 829 2150 ad
856 2118 1099 2164 praetorem
1131 2117 1355 2152 venerunt.
1430 2125 1566 2165 porro
1597 2110 1707 2151 mul-

238 2159 438 2201 titudines
485 2161 526 2201 in
571 2178 699 2204 unum
745 2174 1019 2222 congregatae
1058 2169 1303 2221 provehunt
1337 2167 1561 2209 exarchum
1586 2167 1707 2207 Pho-

239 2229 329 2255 cam
359 2218 675 2272 centurionem,
706 2227 748 2261 et
787 2236 912 2276 super
941 2223 1119 2277 clipeum
1163 2226 1271 2265 hunc
1312 2224 1535 2265 exaltatum
1569 2224 1707 2264 laudi-

236 2270 313 2311 bus
345 2273 568 2314 exarchum
599 2276 944 2320 acclamaverunt.
1018 2280 1078 2320 his
1119 2282 1268 2322 Petrus
1311 2281 1462 2322 auditis
1492 2281 1534 2320 in
1564 2280 1707 2334 fugam

237 2342 376 2392 versus
407 2335 478 2379 est,
508 2337 549 2370 et
579 2333 714 2372 omnia
739 2334 984 2387 imperatori
1012 2339 1224 2378 manifesta
1243 2339 1356 2378 fecit.
1380 2345 1440 2378 ast
1469 2337 1705 2392 imperator

238 2382 298 2423 his
337 2385 568 2427 difficilibus
604 2389 751 2429 auditis
789 2392 923 2430 celare
961 2394 1247 2435 multitudines
1291 2410 1339 2435 ea
1383 2394 1586 2435 tentabat.
1642 2408 1705 2434 se-

240 2440 373 2505 cunda
407 2457 507 2482 vero
538 2442 604 2484 die
650 2452 691 2485 ct
718 2445 859 2486 ludum
890 2448 1113 2490 celebravit
1151 2458 1409 2505 equestrem,
1439 2449 1704 2491 incommoda

238 2498 485 2539 intelicitatis
530 2500 752 2542 occultans.
827 2505 970 2557 vulgus
1005 2512 1140 2546 autem
1182 2508 1456 2548 Prasinorum
1486 2507 1702 2558 clamabat,

237 2553 583 2595 “Constantinus''
624 2556 812 2611 inquiens
852 2564 922 2600 “et
950 2562 1252 2614 Domentiolus,
1287 2565 1456 2605 domine
1483 2565 1701 2604 Romano..

236 2621 331 2647 rum
355 2615 625 2674 terAuguste,
654 2614 767 2667 plebi
799 2622 893 2656 tuae
915 2618 1120 2659 molestias
1150 2620 1357 2675 ingerunt,
1389 2627 1434 2660 ut
1453 2634 1597 2661 cruces
1617 2619 1703 2659 dis-

235 2670 367 2727 ponat
399 2681 444 2730 ιι).
470 2683 517 2707 ea
554 2684 659 2724 quae
689 2670 884 2712 habemus
915 2680 1098 2726 peccata.
1131 2675 1242 2728 deus,
1276 2679 1348 2732 qui
1379 2677 1522 2717 omnia
1551 2676 1702 2716 condi-

236 2719 309 2769 «lit,
342 2722 531 2764 subiiciat
560 2725 636 2765 tibi
656 2740 822 2768 omnem
843 2729 1055 2770 inimicum
1085 2739 1125 2772 et
1152 2733 1312 2774 hostem
1340 2741 1426 2774 tam
1457 2733 1697 2774 intestinum

235 2790 359 2831 quam
391 2785 605 2821 externum
634 2783 718 2824 sine
756 2786 963 2840 sanguiue..
1043 2795 1084 2828 at
1118 2804 1213 2830 vero
1250 2792 1480 2846 imperator
1505 2789 1696 2845 plebibus
