1768 3268
250 213 313 260 90
460 216 742 259 ANASTASn
786 214 1049 259 HlSTORlA
1097 212 1517 258 ECCLESIASTICA

252 335 554 376 interemerunt
581 347 690 374 eum.
748 337 922 373 atvero
942 331 1113 371 Aeacius
1146 331 1342 385 magister
1369 328 1566 382 militum,
1594 336 1728 386 quot·

127 397 238 444 p.252
252 398 358 447 quot
390 405 541 446 capere
569 390 729 444 potuit,
763 388 987 430 interfecit.
1048 387 1151 428 haec
1182 386 1349 428 audiens
1371 386 1608 440 imperator
1639 387 1729 428 ira-

250 455 315 489 tus
344 453 404 490 est
435 447 631 489 adversus
663 460 746 488 eos.
820 460 956 501 porro
986 444 1215 486 Dioscorus
1251 442 1531 484 interveniens
1560 443 1730 498 mitiga..

250 505 310 546 vit
337 519 444 546 eum.
517 504 630 544 inter
673 502 796 544 Indos
836 516 939 543 vero
983 507 1024 544 et
1064 502 1209 542 Persas
1252 507 1436 541 castrum
1465 505 1526 540 est
1556 501 1731 543 nomine

250 561 490 609 Zuhdaber,
522 560 595 601 ubi
623 560 773 601 multas
801 558 997 614 pecunias
1028 565 1070 599 et
1109 557 1264 612 lapides
1299 556 1506 612 pretiosos
1537 571 1621 598 esse
1649 559 1730 598 Ca..

249 617 373 659 bades
404 631 475 658 rex
499 617 724 659 Persarum
753 616 957 666 ediscens,
987 616 1218 670 quaerebat
1239 615 1321 654 hoc
1354 613 1727 667 comprehendere.

253 675 472 716 daemones
514 681 654 715 autem
692 673 784 714 loco
815 672 1036 714 insidentes
1071 672 1355 727 prohibebant
1396 670 1510 711 illum
1541 670 1728 726 aggredi.

253 731 366 771 omni
395 743 496 785 ergo
529 737 644 772 mota
674 730 978 785 excogitatione
1017 743 1241 784 magorum
1270 742 1454 777 suorum,
1490 727 1730 783 deindeque

256 787 507 828 ludaeorum
534 787 707 829 consilio
735 788 981 837 frustratus,
1011 785 1193 826 credidit
1223 799 1301 840 per
1330 784 1568 825 orationem
1600 784 1729 826 Chri-

253 846 516 895 suanorum,
548 859 654 899 quae
683 844 731 883 fit
757 844 810 884 ad
839 843 976 894 deum,
1007 843 1107 883 huic
1136 842 1367 891 dominari3
1409 847 1451 883 et
1482 841 1730 896 episcopum

254 900 859 955 quendamChristianorum,
888 900 965 955 qui
997 900 1108 953 apud
1144 899 1291 940 Persas
1323 904 1458 947 erant,
1490 912 1619 952 super
1648 899 1730 939 hoc

254 958 500 1012 deprecatus
531 962 604 998 est.
661 958 735 1013 qui
763 957 938 998 collecta
968 957 1179 998 celebrata
1226 956 1470 996 divinorum
1502 955 1729 1012 mysterio-

252 1028 347 1054 rum
370 1014 642 1069 participatus
663 1020 734 1069 est,
765 1022 808 1056 et
826 1013 1024 1055 accedens
1053 1012 1106 1053 nd
1134 1013 1273 1053 locum
1291 1013 1526 1064 daemones,
1561 1013 1635 1068 qui
1666 1012 1727 1052 illi

253 1069 444 1122 inerant,
474 1072 664 1126 pepulit,
712 1077 754 1112 et
784 1071 872 1113 sine
915 1070 1064 1111 labore
1111 1077 1295 1111 castrum
1330 1069 1488 1111 Cabadi
1530 1069 1725 1111 tradidit.

251 1128 503 1182 stupefactus
532 1134 671 1168 autem
697 1142 824 1183 super
872 1127 956 1169 hoc
986 1127 1104 1182 signo
1138 1126 1321 1167 Cabades
1356 1127 1494 1181 prima
1524 1126 1726 1167 cathedra

251 1185 494 1239 episcopum
521 1184 761 1236 honoravit,
791 1199 889 1225 cum
920 1198 1049 1239 usque
1086 1183 1139 1224 ad
1167 1183 1270 1224 illud
1300 1189 1463 1239 tempus
1493 1182 1729 1225 Manichaei

254 1247 380 1295 atque
412 1241 551 1281 Iudaei
580 1241 895 1296 praesiderent;
928 1254 1063 1296 porro
1086 1241 1326 1282 volentibus
1356 1241 1563 1296 baptizari
1592 1240 1727 1282 licen..

252 1296 352 1337 tiam
382 1297 588 1352 praebuit.

330 1370 537 1411 Vicesimo
553 1369 729 1425 septimo
746 1369 1127 1424 imperiiAnastasii
1146 1385 1256 1411 anno
1279 1371 1387 1412 vidit
1405 1370 1516 1412 idem
1539 1370 1726 1426 impera..

251 1431 321 1466 tor
339 1426 380 1467 in
394 1426 481 1467 visu
495 1426 634 1467 virum
655 1426 902 1479 terribilem,
920 1433 1163 1483 portantem
1183 1427 1396 1478 codicem;
1414 1429 1488 1484 qui
1506 1427 1617 1468 hunc
1633 1442 1732 1483 ape-

121 1499 156 1534 p.
170 1490 237 1525 253
254 1483 373 1535 riens,
402 1489 443 1524 et
461 1484 667 1524 inveniens
698 1498 851 1524 nomen
880 1484 1162 1538 imperatoris,
1193 1484 1295 1526 dicit
1315 1485 1359 1526 ei
1390 1485 1516 1526 “ecce
1542 1491 1727 1540 propter

248 1541 398 1581 malam
426 1539 550 1581 fidem
581 1546 698 1581 tuam
728 1541 845 1581 deleo
879 1541 1260 1597 quattuordecim,'’
1281 1549 1323 1583 et
1355 1541 1510 1583 delevit
1540 1556 1622 1583 eos.
1655 1557 1728 1583 ex-

250 1597 509 1652 pergefactus
538 1603 702 1649 autem,
744 1603 786 1638 et
814 1596 1016 1639 advocato
1047 1598 1296 1638 Adamantio
1327 1598 1589 1654 praeposito,
1620 1598 1730 1640 dixit

251 1653 288 1693 ei
318 1654 529 1694 visionem.
585 1654 654 1694 “et
696 1658 798 1710 ego'’
842 1656 900 1696 ait
929 1655 1044 1696 “vidi
1074 1655 1178 1696 haec
1207 1656 1284 1696 ista
1315 1663 1464 1707 nocte,
1505 1655 1604 1711 quia
1631 1656 1731 1696 assi—

252 1710 376 1751 stenti
406 1710 506 1749 mihi
538 1710 715 1765 irnperio
751 1718 825 1752 tuo
855 1726 1008 1766 porcus
1038 1727 1210 1768 magnus
1240 1712 1426 1766 veniens,
1459 1718 1502 1754 et
1530 1727 1730 1768 compre-

250 1767 375 1807 hensa
405 1773 618 1820 praetexta
648 1783 765 1819 mea,
794 1769 973 1823 proiecit
1014 1784 1081 1810 me
1127 1770 1169 1809 in
1199 1774 1360 1810 terram
1403 1777 1445 1811 et
1476 1770 1730 1811 interemit.''

253 1830 484 1864 convocato
517 1838 617 1879 ergo
633 1824 817 1867 Proculo
862 1826 1106 1866 coniectore
1135 1829 1167 1877 *)
1198 1825 1327 1866 edixit
1357 1826 1394 1867 ei
1425 1842 1534 1882 quae
1559 1828 1730 1868 fuerant

251 1880 365 1932 visa3
411 1880 483 1933 qui
519 1880 635 1936 quod
664 1881 786 1921 ambo
819 1883 961 1923 forent
988 1888 1081 1936 post
1112 1882 1330 1937 paululum
1372 1884 1572 1924 morituri
1605 1898 1730 1938 prae-

253 1935 368 1977 dixit.
425 1936 647 1978 Timotheo
693 1952 795 1978 vero
847 1939 1263 1995 Constantinopoleos
1302 1940 1501 1995 episcopo
1535 1946 1730 1994 mortuo,

253 1994 448 2034 Ioannem
482 1994 773 2047 Cappadocem
803 1996 1044 2050 episcopum
1089 2002 1131 2037 et
1170 1997 1398 2052 syncellum
1428 1997 1731 2039 Constantino..

252 2050 398 2104 poleos
436 2050 679 2104 episcopum
723 2059 989 2093 creaverunt.
1064 2053 1133 2093 hic
1179 2060 1447 2095 consecratus
1485 2054 1618 2095 tertio
1663 2053 1732 2095 die

253 2108 429 2162 paschae
459 2107 728 2161 apostolicam
760 2109 926 2150 indutus
957 2117 1016 2150 est
1051 2110 1213 2152 stolam.
1272 2111 1453 2165 populus
1486 2117 1626 2152 autem
1656 2111 1728 2151 in-

253 2164 445 2204 stantiam
472 2163 645 2203 multam
671 2165 817 2219 agebat
837 2174 884 2208 ut
904 2168 1078 2207 Ioannes
1102 2167 1478 2209 anathematizaret
1505 2169 1730 2209 Severum.

254 2235 387 2275 porro
416 2220 561 2261 eodem
593 2235 702 2261 anno
733 2229 924 2264 mortuus
967 2229 1026 2264 est
1057 2224 1207 2278 impius
1235 2226 1485 2276 Anastasius,
1517 2233 1558 2265 et
1589 2225 1730 2280 impe-

259 2277 364 2318 ravit
395 2277 488 2330 pius
509 2277 683 2317 Iustinus
712 2293 793 2332 pro
825 2294 891 2331 eo,
919 2280 986 2320 vir
1006 2281 1147 2321 senior
1165 2288 1207 2322 et
1225 2282 1404 2321 multum
1431 2282 1620 2336 peritus,
1654 2281 1729 2336 qui

257 2351 277 2374 a
310 2334 516 2375 militibus.
539 2333 736 2388 incipiens
765 2350 894 2390 usque
924 2337 974 2377 ad
1004 2345 1192 2378 senatum
1219 2339 1416 2392 profecit,
1450 2338 1637 2395 illyricus
1659 2352 1732 2392 ge-

259 2405 371 2430 nere.
441 2389 613 2445 quidam
655 2398 793 2431 autem
822 2393 937 2434 aiunt
978 2393 1092 2449 quod
1123 2394 1266 2437 divino
1305 2395 1480 2436 fulmine
1511 2409 1732 2451 percussus

260 2445 490 2487 Anastasius
518 2447 722 2502 periisset.

370 2513 518 2555 Mundi
549 2528 658 2554 anno
677 2513 800 2566 6011,
832 2516 996 2558 divinae
1022 2518 1321 2560 incarnationis
1356 2534 1464 2560 anno
1496 2517 1593 2571 511,
1621 2534 1734 2559 anno

81 2580 199 2628 p,254
226 2571 424 2626 9imperii
450 2571 590 2612 lnstini
619 2571 774 2626 primo,
795 2573 1024 2614 Vitalianus
1052 2583 1148 2628 post
1167 2585 1346 2618 mortem
1364 2576 1565 2617 Anastasii
1595 2577 1733 2616 eidem

262 2627 506 2683 imperatori
534 2628 656 2669 valde
688 2628 901 2670 familiaris
930 2632 1099 2672 effectus
1131 2640 1216 2681 est,
1247 2634 1304 2675 ita
1333 2640 1382 2674 ut
1411 2635 1553 2674 consul
1583 2633 1732 2688 appel-

306 2785 338 2825 Ἴ
363 2785 583 2829 coniectore]
620 2785 793 2819 Glossae:
834 2785 1086 2833 ὀνειροκρίτης
1124 2791 1327 2832 coniector,
1360 2791 1646 2830 somnisolutor‚
1669 2801 1727 2824 so·

353 2832 530 2867 maiorum
558 2835 747 2880 interpres.
775 2846 806 2867 v.
832 2835 947 2869 plaut.
974 2837 1114 2870 Curcul.
1153 2845 1220 2872 act.
1246 2840 1268 2873 2
1296 2851 1342 2873 sc.
1372 2843 1387 2876 1
1415 2845 1452 2873 et
1476 2839 1508 2873 2
1562 2839 1668 2872 msa,
