1768 3268
567 175 640 217 Ex
678 174 1006 218 NJCEPHORO
1048 173 1133 218 GP.

105 280 240 325 Simul
269 278 423 321 veteris
437 278 697 321 Testamenti
721 282 820 319 sunt

164 338 264 380 libri
296 336 363 382 22.

107 463 176 505 Hi
197 472 329 505 autem
342 470 435 503 sunt
445 461 546 504 novi
566 460 825 503 Testamenti,

106 565 383 621 Evangelium
431 563 664 606 secundnm
706 565 821 606 Mat-

164 623 354 673 thaeum,
385 637 526 664 versus
556 620 684 663 2500.

107 678 387 735 Evangelium
430 678 662 721 secundum
704 680 822 721 Mar.

167 751 281 788 cum,
309 752 452 779 versus
485 735 610 780 2000.

107 793 384 851 Evangelium
403 794 636 835 secundum
646 794 821 843 Lucam,

166 866 307 892 versus
336 849 466 892 2600.-

110 909 384 964 Evangelium
422 906 654 950 secundum
695 908 824 948 Ioan-

168 981 277 1018 nem,
310 980 454 1008 versus
484 963 609 1006 2300.

110 1026 280 1122 Δοῑιιῧο
302 1023 622 1080 apostolorum,
681 1036 825 1064 versus

110 1137 238 1180 Pauli*
263 1138 445 1193 apostoli
475 1137 679 1193 epistolae
717 1151 826 1192 qua-

169 1194 428 1246 tuordecim,
462 1209 604 1235 versus
636 1193 760 1235 5300.

112 1252 566 1307 Catholicaeepistolae
577 1251 718 1292 iacobi
726 1266 825 1301 una,

166 1309 287 1350 Petri
302 1308 424 1361 duae,
443 1309 608 1350 Ioannis
640 1314 738 1359 tres,
762 1310 829 1348 lu·

169 1365 249 1407 dae
288 1380 385 1411 una.
459 1365 582 1406 simul
634 1371 824 1422 septem,

169 1437 315 1464 versus
338 1437 443 1464 vero
476 1421 599 1464 1300.

110 1479 246 1521 Simul
286 1480 443 1522 veteris
480 1479 653 1535 quidem
678 1479 828 1520 Testa·

167 1537 300 1579 menti
338 1537 437 1579 libri
469 1537 524 1578 22
563 1542 606 1578 et
641 1538 742 1578 novi
786 1535 827 1588 7,

170 1601 220 1636 ut
247 1609 378 1651 supra
411 1600 694 1636 monstratum
724 1599 798 1636 est.

115 1721 160 1762 E
159 1731 176 1763 ι
201 1721 275 1777 qui
286 1721 432 1761 vetent<
447 1728 551 1771 sunt,
564 1721 706 1778 quibus
733 1735 830 1762 con-

114 1779 352 1830 eradat-itur,
395 1786 436 1819 et
471 1792 554 1818 non
583 1780 832 1836 recipiuntur

341 1834 395 1877 ab
421 1835 604 1876 ecclesia.

116 1937 378 1980 Machabaici
409 1943 507 1989 tm,
537 1951 678 1978 versus
702 1935 828 1978 7300.

117 1995 335 2051 Sapientia
380 1994 642 2047 Salomonis,
687 2009 831 2037 versus

116 2051 335 2151 Salfflgffia
363 2109 455 2151 Iesu
483 2107 660 2162 sirach,
688 2123 835 2151 versus

118 2165 344 2266 PsaliiiiiLet
370 2222 544 2264 Cantica
580 2222 836 2277 Salomonis,

177 2295 322 2321 versus
350 2279 477 2320 2102.

0 2342 108 2391 ιι.’78““1
124 2337 290 2390 Hester,
322 2351 463 2378 versus
491 2335 590 2378 308.

122 2394 251 2448 ludit,
280 2409 423 2436 versus
457 2392 580 2436 1700.

122 2453 328 2501 Susanna,
366 2466 506 2491 versus
535 2450 632 2492 500.

121 2510 264 2551 Tobet
293 2514 337 2551 et
357 2509 528 2560 Tobias,
568 2522 710 2550 versus
737 2505 835 2549 700.

1528 174 1594 220 23

885 277 946 319 Ec
975 278 1115 334 quibus
1155 281 1256 320 novi
1294 280 1597 323 contradicitur.

887 369 1162 426 Apocalypsis
1208 371 1373 412 Ioannis
1388 402 1401 424 ,
1458 388 1600 415 versus

887 425 1159 540 Aploiigigipsis
1173 483 1306 536 Petri,
1320 500 1463 527 versus
1476 481 1602 528 4800.

890 541 1106 582 Barnabae
1116 541 1307 596 epistola,
1321 557 1463 584 versus
1476 542 1602 586 1306.

887 598 1166 654 Evangelium
1174 598 1405 640 secundum
1415 600 1607 643 Hebrae-

948 669 1010 706 os,
1042 669 1184 697 versus
1200 655 1328 698 2200.

889 759 951 800 Ec
977 773 1083 815 quae
1109 770 1203 800 sunt
1226 761 1418 816 apocr-fit
1444 761 1606 801 oeoeris.

890 837 1059 890 Enoch,
1091 853 1233 880 versus
1266 837 1388 880 1500.

891 895 1188 946 Patriarchae,
1225 911 1367 937 versus
1396 892 1522 940 4800.

894 953 1049 994 Oratio
1077 953 1252 1008 Ioseph,
1286 969 1428 994 versus
1449 953 1574 995 5100.

892 1011 1215 1109 Tesuiffieumm
1263 1012 1426 1068 Moysi,
1464 1027 1608 1053 versus

894 1125 1135 1180 Assumptio
1151 1125 1303 1181 Moysi,
1325 1140 1468 1166 versus
1482 1125 1611 1167 4100.

894 1181 1124 1233 Abraham,
1155 1197 1299 1223 versus
1332 1181 1430 1224 300.

895 1239 1003 1279 Elab
1034 1245 1078 1281 et
1107 1239 1280 1290 Modad‚
1311 1255 1452 1281 versus
1484 1239 1581 1282 200.

897 1295 1043 1337 Heliae
1072 1296 1316 1352 prophetia,
1348 1312 1492 1338 versus
1512 1296 1611 1340 316.

895 1352 1143 1408 Sophoniae
1183 1354 1432 1410 prophetia,
1471 1369 1612 1397 versus

894 1466 1129 1509 Zachariae
1146 1467 1280 1523 patris
1300 1468 1482 1523 loannis,
1512 1483 1614 1511 ver-

952 1539 1020 1566 sus
1047 1523 1146 1567 500.

895 1581 1064 1623 Baruch
1080 1612 1092 1631 ,
1130 1581 1380 1634 Ambacum,
1406 1582 1611 1624 Ezechie-

952 1638 1002 1680 lis
1032 1645 1075 1681 et
1089 1639 1276 1682 Danielis
1307 1641 1409 1681 falsa
1437 1640 1611 1696 scripta.

923 1740 984 1782 Ec
1011 1756 1116 1798 quae
1147 1743 1244 1783 novi
1267 1751 1360 1784 sunt
1381 1744 1583 1799 apocrifa.

897 1820 1166 1862 itinerarium
1177 1822 1313 1874 Pauli,
1326 1837 1469 1865 versus
1484 1821 1615 1864 3600.

899 1877 1171 1920 itinerarium
1186 1880 1318 1931 Petri,
1337 1894 1478 1920 versus
1490 1879 1615 1921 2800.

901 1936 1171 1978 ltinerarium
1221 1936 1386 1978 loannis
1400 1971 1413 1992 ,
1471 1951 1615 1979 versus
1627 1960 1663 1995 p.
1677 1947 1748 1982 788

954 1991 1080 2035 2500.

902 2050 1176 2092 nium-arium
1210 2050 1428 2103 Thomae‚
1472 2066 1615 2092 versus

962 2105 1085 2148 1600.

901 2163 1179 2220 Evangelium
1223 2165 1456 2206 secundum
1494 2164 1615 2205 Tho..

958 2237 1085 2273 mam,
1116 2236 1259 2263 versus
1298 2221 1417 2262 1300.

901 2279 1113 2320 Doctrina
1143 2279 1451 2335 apostolorum,
1474 2293 1617 2319 versus

904 2334 1133 2435 Clgiiigiatis
1164 2408 1306 2434 versus
1336 2391 1466 2433 2600.

905 2451 1054 2508 ignatii
1085 2457 1130 2491 et
1151 2451 1401 2508 Polycarpi,
1431 2449 1618 2491 Pastoris

962 2513 1006 2550 et
1033 2508 1232 2550 Hermae.
