1768 3268
273 213 370 258 212
475 213 757 258 ANASTAsu
800 214 1059 257 HISTORIA
1106 210 1519 256 ECCLESIASTlCA

271 329 322 370 de
350 328 432 370 fide
460 330 598 371 sincere
637 331 812 371 verbum
854 336 895 371 et
942 328 1126 370 novitate
1152 328 1309 368 violare
1337 326 1509 382 antiqua
1540 324 1731 381 dogmata

269 386 461 427 ecclesiae
493 385 735 438 catholicae,
763 401 870 442 quae
897 401 919 426 a
951 385 1099 426 sanctis
1130 384 1316 439 patribus
1347 388 1408 422 est
1431 382 1682 437 praedicata.

382 455 502 494 Anno
534 453 700 508 imperii
730 454 880 494 Leonis
908 453 1070 493 decimo
1105 451 1236 491 movit
1266 450 1492 490 exercitum
1524 450 1739 489 Masalmas

269 515 418 551 contra
449 511 689 550 Caesaream
716 509 1017 563 Cappadociae,
1049 514 1089 548 et
1120 507 1232 560 cepit
1260 520 1362 546 eam.
1419 505 1604 546 Mauhias
1634 519 1734 545 vero

268 564 374 605 filius
403 565 554 606 Hisami
582 566 712 606 aciem
740 567 873 606 movit
903 571 1053 605 contra
1096 561 1366 614 Romaniano,
1400 567 1442 602 et
1470 577 1564 602 cum
1595 561 1737 601 deam-

268 621 458 672 bulasset,
489 636 676 662 reversus
706 628 777 662 est.
835 621 876 660 in
906 621 994 675 ipso
1025 634 1132 659 anno
1176 618 1331 659 aestivo
1362 623 1556 672 tempore
1586 631 1735 671 vapor,

130 697 165 732 p.
187 682 316 720 6221st
349 691 397 718 ex
426 677 590 718 camino
623 678 745 732 ignis,
785 677 891 717 visus
922 682 981 716 est
1012 674 1187 716 ebullire
1215 678 1328 715 inter
1356 674 1513 715 Theras
1545 681 1589 715 et
1618 673 1734 714 The-

269 733 393 774 rasias
424 733 571 774 insulas
602 748 649 774 ex
665 733 878 788 profundo
908 731 1030 771 maris
1062 745 1140 786 per
1157 731 1319 786 aliquot
1349 730 1470 777 dies.‚
1508 745 1594 785 quo
1627 744 1737 784 pau-

269 789 382 829 latim
415 790 638 831 incrassato
660 796 701 830 et
726 789 897 830 dilatato
919 788 1035 842 igniti
1067 792 1195 827 aestus
1220 786 1428 838 incendio,
1454 791 1568 826 totus
1598 786 1736 825 fumus

266 846 408 899 igneus
440 846 763 886 monstrabatur.
798 858 931 898 porro
952 843 1224 884 crassitudine
1252 848 1448 883 terrenae
1477 843 1734 883 substantiae

267 902 448 955 petrinas
468 903 649 956 pumices
677 902 850 956 grandes
875 905 921 938 ut
947 900 1133 939 cumulos
1166 898 1366 954 quosdam
1394 898 1623 938 transmisit
1653 913 1733 952 per

267 965 399 997 totam
432 959 635 998 minorem
663 958 797 997 Asiam
826 963 868 997 et
885 956 1078 1006 Lesbum,
1110 955 1302 1011 Abydum
1334 961 1375 995 et
1397 955 1606 995 maritima
1639 957 1733 995 Ma-

267 1013 482 1065 cedoniae,
514 1014 570 1053 ita
612 1020 658 1053 ut
693 1019 781 1053 tota
818 1012 1053 1066 superficies
1086 1011 1210 1051 maris
1240 1010 1359 1051 huius
1389 1011 1626 1065 pumicibus
1658 1025 1731 1050 su.-

265 1069 579 1124 pernatantibus
611 1075 713 1109 esset
755 1069 931 1123 repleta.
992 1068 1033 1107 in
1062 1067 1200 1108 medio
1232 1073 1369 1107 autem
1394 1067 1501 1108 tanti
1532 1067 1636 1122 ignis
1664 1066 1732 1106 in-

265 1127 351 1166 sula
379 1141 425 1166 ex
454 1131 594 1165 terrae
619 1126 814 1180 congerie
842 1125 947 1164 facta
980 1124 1147 1175 insulae,
1175 1138 1281 1179 quae
1307 1138 1424 1165 sacra
1456 1123 1626 1174 dicitur,
1654 1137 1731 1163 co.-

297 1183 404 1221 ulata
433 1187 507 1232 est,
540 1181 723 1222 nondum
763 1181 879 1235 prius
923 1181 1119 1231 existens,
1159 1194 1306 1221 verum
1343 1180 1450 1221 sicut
1492 1179 1734 1234 praedictae

270 1238 426 1278 I'herae
467 1236 729 1292 videlicetsst
755 1237 980 1278 Therasiae
1022 1237 1178 1277 insulae
1224 1236 1434 1292 quondam
1466 1236 1734 1286 ebullierunt,

263 1295 318 1333 ita
349 1301 390 1333 et
420 1294 505 1347 ipsa
532 1308 654 1344 nunc,
686 1294 946 1348 temporibus
976 1293 1171 1335 videlicet
1201 1293 1506 1348 impugnatoris
1539 1293 1606 1333 dei
1624 1294 1734 1332 Leo-

262 1349 347 1398 nis,
381 1351 450 1403 qui
494 1349 676 1389 divinam
705 1350 811 1391 iram
842 1356 990 1391 contra
1030 1364 1071 1390 se
1099 1363 1181 1404 pro
1213 1365 1255 1391 se
1289 1350 1384 1390 fore
1414 1348 1620 1403 opinatus,
1650 1349 1734 1388 im—

261 1404 480 1459 pudentius
523 1414 671 1447 contra
729 1413 888 1447 sanctas
928 1413 969 1447 et
1001 1405 1256 1447 venerabiles
1286 1405 1483 1462 imagines
1523 1404 1730 1460 praelium

260 1462 462 1511 excitavit,
492 1462 690 1517 collegam
722 1470 760 1503 et
795 1463 1085 1503 auxiliatorem
1113 1462 1265 1503 hahens
1292 1463 1417 1503 Beser
1448 1461 1512 1503 dei
1546 1462 1730 1515 abnega-

252 1524 397 1557 ‘torem
427 1524 468 1558 et
507 1518 874 1560 irrationabilitate
903 1518 981 1559 sibi
1009 1519 1287 1570 simillimum,
1318 1519 1443 1559 ambo
1475 1518 1632 1573 quippe
1663 1518 1734 1558 in-

262 1574 500 1615 eruditione
537 1583 659 1617 erant
699 1581 741 1616 et
775 1575 1155 1631 indisciplinatione
1203 1575 1371 1628 referti,
1412 1589 1459 1615 ex
1491 1590 1571 1630 qua
1600 1574 1732 1615 multa

264 1631 469 1670 malorum
498 1646 648 1686 genera
677 1633 861 1673 veniunt.
896 1633 1047 1673 turbae
1082 1638 1236 1683 autem,
1269 1646 1374 1686 quae
1407 1631 1448 1671 in
1480 1631 1592 1686 regia
1623 1631 1732 1672 urbe

133 1706 169 1740 p.
181 1693 251 1731 623
264 1694 382 1726 erant
411 1686 528 1728 valde
556 1688 692 1729 tristes
720 1703 848 1744 super
876 1689 992 1730 novis
1014 1688 1216 1730 doctrinis
1246 1689 1432 1738 effectae,
1465 1687 1731 1729 meditaban-

265 1749 335 1782 tur
361 1743 402 1782 in
450 1758 543 1783 eum
573 1744 809 1799 insurgere,
851 1752 894 1787 et
935 1745 1137 1801 quosdam
1167 1745 1304 1800 regios
1335 1744 1525 1785 homines
1559 1743 1730 1791 occide-

265 1805 377 1849 runt,
406 1799 562 1840 ‹lomini
591 1800 844 1856 deponentes
874 1802 1038 1842 iconam
1059 1817 1166 1858 quae
1185 1816 1313 1856 super
1339 1816 1533 1856 magnam
1563 1815 1732 1840 aeneam

263 1861 431 1907 portam
469 1857 605 1910 posita
642 1859 918 1908 cernebatur,
955 1858 1058 1900 adeo
1102 1866 1148 1899 ut
1178 1858 1298 1898 multi
1331 1873 1479 1899 eorum
1507 1871 1588 1911 pro
1618 1852 1732 1897 veri-

264 1915 349 1950 tate
377 1914 631 1966 punirentur
671 1915 960 1955 membrorum
1003 1914 1397 1956 detruncationibus
1437 1913 1660 1968 flagrisque
1691 1919 1734 1953 et

263 1967 390 2007 exiliis
422 1983 645 2024 rerumque
675 1971 866 2022 iacturis,
907 1972 1167 2028 maximeque
1210 1972 1267 2011 illi
1301 1971 1373 2026 qui
1418 1969 1639 2010 nobilitate
1684 1983 1734 2008 ac

263 2024 394 2063 verbo
421 2024 519 2064 clari
551 2040 632 2066 esse
662 2027 928 2077 videbantur,
957 2030 1012 2068 ita
1047 2034 1093 2066 ut
1120 2035 1158 2068 et
1182 2025 1658 2074 eruditionum-scholas¹
1690 2030 1732 2066 et

263 2079 374 2132 piam
405 2081 682 2122 eruditionem
727 2099 749 2123 a
776 2091 944 2124 sanctae
989 2084 1217 2124 memoriae
1259 2083 1533 2123 Constantino
1577 2096 1731 2136 magno

264 2136 476 2191 hucusque
516 2145 719 2178 servatam
760 2141 1035 2194 extingueret.
1108 2141 1223 2180 cuius
1268 2139 1462 2180 videlicet
1503 2153 1597 2178 cum
1644 2138 1731 2177 aliis

265 2205 433 2246 quoque
481 2194 617 2234 multis
663 2196 783 2236 honis
827 2197 1069 2237 destructor
1095 2198 1181 2237 Leo
1217 2197 1348 2236 factus
1379 2203 1453 2246 est,
1484 2196 1583 2246 eius,
1613 2195 1730 2235 cuius

262 2255 304 2286 et
334 2249 556 2302 Saraceni,
600 2265 735 2292 sensus
767 2252 954 2293 existens.
1024 2253 1066 2292 in
1097 2254 1157 2293 his
1191 2259 1291 2308 ergo
1326 2252 1414 2292 zelo
1450 2250 1592 2291 divino
1624 2250 1731 2291 moti

261 2304 569 2346 tun-mltuantur
609 2315 756 2348 contra
784 2323 878 2349 eum
918 2325 1066 2364 magna
1110 2309 1402 2363 congressione
1431 2308 1584 2347 navalis
1615 2321 1731 2347 exer-

263 2360 367 2400 citus
400 2363 661 2415 concinnata,
691 2372 775 2405 tam
805 2365 1008 2406 Helladici
1044 2382 1168 2422 quam
1198 2367 1240 2406 hi
1272 2366 1343 2421 qui
1377 2364 1606 2419 Cycladum
1635 2364 1732 2403 fue-

262 2423 358 2456 rant
389 2418 627 2460 insularum.
700 2422 931 2475 Agallianus
974 2429 1112 2463 autem
1151 2421 1392 2464 turmarcha
1419 2420 1731 2461 Helladicorum

262 2477 354 2535 erat
384 2474 555 2516 militiae
585 2477 677 2527 dux,
707 2477 827 2517 simul
854 2483 896 2518 et
928 2479 1174 2533 Stephanus,
1221 2478 1295 2534 qui
1327 2484 1369 2518 et
1396 2476 1537 2531 regiae
1567 2490 1730 2532 appro-

261 2535 455 2590 ximantes
485 2531 580 2571 urbi
610 2531 771 2572 decimo
816 2539 969 2588 quarto
1017 2535 1207 2575 kalendas
1237 2534 1363 2575 Maias
1398 2533 1583 2575 decimae
1616 2533 1728 2572 indi..

262 2585 411 2624 ctionis
438 2595 691 2640 superantur
709 2590 920 2643 congressi
942 2606 1034 2630 cum
1065 2591 1283 2642 szantiis,
1312 2591 1389 2630 sibi
1409 2590 1601 2630 consecto
1635 2589 1730 2643 igne

263 2639 433 2701 navibus
463 2645 749 2685 concrematis.
825 2653 867 2685 et
908 2646 972 2685 alii
1017 2640 1186 2701 quidem
1229 2648 1384 2688 horum
1412 2646 1728 2700 demerguntur,

263 2701 374 2734 inter
414 2711 516 2750 quos
555 2705 596 2739 ct
637 2701 868 2755 Agallianus
921 2710 1103 2744 armatus
1152 2719 1193 2745 se
1236 2705 1369 2758 ipsum
1411 2701 1727 2757 praecipitavit:

127 2759 249 2806 p‚624
263 2764 396 2814 porro
431 2756 718 2806 superstitibus
750 2758 799 2797 ad
836 2758 1131 2811 imperatorem
1166 2760 1471 2801 confluentibus
1496 2759 1659 2798 cosmas
1689 2763 1731 2797 et

263 2807 493 2861 btcphanus
525 2811 702 2854 abscissis
733 2814 937 2868 capitibus
969 2815 1217 2869 puniuntur.
1277 2816 1427 2867 crescit
1461 2815 1604 2871 itaque
1635 2828 1728 2854 ma-
