1794 3250
600 203 669 248 E‘x
701 204 1046 247 TiffioPnAnn.
1444 199 1543 251 245

90 317 361 375 optimafit’bm
390 331 516 375 quam
543 320 723 375 populo,
755 325 797 360 et
825 319 933 360 visus
965 325 1025 360 est
1052 317 1103 359 ad
1122 319 1250 360 breve
1270 325 1432 375 tempus
1453 321 1547 376 pius

89 390 187 425 csse,
218 383 468 431 sanctaeque
497 377 564 416 dei
592 375 804 432 genitricis
834 390 883 416 ac
913 374 1217 416 monachorum
1246 376 1410 418 amicus.
1439 376 1550 419 unde

89 437 133 472 et
160 432 510 486 metropolitanos
538 447 584 473 ex
613 432 825 472 monachis
866 432 908 471 in
950 431 1094 486 primis
1122 431 1283 472 sedibus
1316 433 1549 485 collocavit,

88 487 342 543 militiamque
355 502 436 542 per
453 489 632 529 themata
651 489 748 529 fecit
761 488 921 538 multas,
946 493 988 528 et
1005 487 1172 528 ordines
1192 487 1233 526 in
1253 489 1356 529 urbe
1373 490 1550 544 amplifi-

88 544 212 584 cavit.
231 545 508 600 quamobrem
524 545 750 585 thematum
766 543 977 598 principes
993 544 1099 583 moti
1113 544 1283 598 ingressi
1301 551 1397 584 sunt
1410 559 1550 586 omnes

88 614 185 640 cum
204 599 469 641 multitudine
490 602 636 655 populi
662 601 849 655 copiosa,
877 605 1061 654 petentes
1077 600 1393 640 Constantinum
1423 602 1552 642 filium

88 656 174 697 eius
193 657 236 697 in
257 656 573 711 imperatorem.
604 664 646 698 at
667 657 746 707 ille,
777 663 825 696 ut
853 656 980 696 moris
1011 661 1071 696 est
1090 656 1365 710 principibuS‚
1397 672 1551 698 renun-

87 712 209 753 tiavit.
235 713 309 757 eis.
336 713 652 769 “lilius''.inquit
676 715 817 752 “meus
839 713 983 752 unicus
1005 719 1063 752 est
1078 711 1192 751 mihi.
1222 711 1380 753 idcirco
1402 728 1554 754 vereor

83 767 170 810 hoc
194 769 346 821 facere,
364 784 416 810 ne
438 771 550 811 forte
569 770 784 823 contingat
805 769 907 808 mihi
929 768 1045 824 quod
1064 767 1289 808 humanum
1304 775 1376 819 est,
1396 776 1437 810 et
1458 785 1553 810 cum

86 824 223 866 adhuc
250 826 306 867 sit
334 827 528 879 parvulus
558 826 687 866 morti
718 840 814 865 eum
844 825 1043 876 tradatis,
1073 830 1114 865 et
1142 824 1267 864 alium
1298 840 1553 879 promovea-

85 881 177 922 tisfl’
241 887 287 922 at
328 881 387 922 illi
425 897 519 922 cum
550 882 791 923 iuramentis
820 881 1133 936 profitebantur
1161 896 1203 922 se
1231 881 1361 922 ullum
1390 882 1554 923 satisfa-

85 943 227 979 cturos
257 937 426 978 minime
464 946 736 994 regnaturum
765 944 936 992 praeter
974 937 1104 977 filium
1134 938 1244 988 eius,
1275 939 1428 978 etiamsi
1460 953 1554 978 eum

85 994 197 1036 mori
224 993 323 1035 deus
353 993 560 1035 voluisset.
618 994 699 1035 hoc
730 1001 868 1035 autern
899 1009 922 1034 a
951 992 1156 1033 dominica
1184 993 1250 1033 die
1283 1010 1364 1049 qua
1393 994 1555 1048 palma..

85 1065 181 1092 rum
208 1051 444 1091 solemnitas
474 1050 632 1106 agitur,
663 1065 791 1105 usque
821 1050 871 1090 ad
915 1049 1064 1090 feriam
1093 1050 1280 1105 quintam
1322 1050 1553 1091 hebdoma-

85 1105 162 1147 dae
193 1107 387 1157 maioris,
435 1106 596 1162 populo
639 1105 679 1145 in
722 1105 1028 1160 Hippodromio
1071 1113 1323 1147 coacervato
1367 1113 1551 1161 petente,

82 1166 224 1204 sancta
249 1177 479 1218 parasceue
522 1163 635 1203 iussit
675 1162 815 1202 iurare
845 1162 957 1210 illos,
989 1168 1032 1202 et
1068 1162 1221 1202 iuravit
1251 1164 1384 1203 omnis
1412 1178 1552 1218 popu-

84 1218 145 1259 lus
173 1218 215 1259 in
249 1218 507 1260 honorandis
537 1227 578 1259 et
606 1218 778 1258 vivificis
812 1218 951 1272 lignis,
979 1223 1065 1257 tam
1091 1219 1246 1259 scilicet
1277 1233 1324 1259 ex
1353 1216 1688 1263 themati-P·⁶9⁶

82 1275 159 1316 bus
174 1280 218 1316 et
235 1281 382 1316 senatu
409 1290 534 1330 quam
557 1289 605 1316 ex
626 1274 899 1315 interioribus
921 1274 1139 1314 ordinibus
1166 1281 1207 1315 et
1227 1275 1382 1316 civibus
1413 1276 1551 1320 omni..

82 1331 158 1372 bus
189 1337 232 1372 et
271 1327 611 1387 hergasteriacis,
644 1330 942 1384 imperatorem
972 1345 1056 1370 non
1090 1330 1335 1371 admittendi
1373 1333 1551 1386 exceptis

79 1388 223 1430 Leone
248 1401 322 1429 seu
348 1387 622 1427 Constantino
653 1401 701 1427 ac
720 1387 874 1427 semine
903 1387 1102 1440 ipsorum.
1160 1395 1201 1427 et
1228 1389 1420 1428 fecerunt
1446 1388 1553 1428 scri-

80 1451 178 1499 pta,
210 1443 563 1500 quemadmodum
596 1444 855 1493 iuraverunt,
883 1443 1086 1497 propriae
1116 1458 1272 1484 manus.
1302 1449 1343 1484 et
1376 1444 1418 1483 in
1450 1458 1552 1484 cra-

78 1500 253 1552 stinum,
279 1500 456 1541 sabbato
484 1499 642 1540 scilicet
669 1506 826 1549 sancto,
868 1499 992 1539 exivit
1023 1500 1255 1553 imperator
1282 1501 1323 1539 in
1356 1500 1551 1540 tribuna..

77 1556 181 1598 lium
207 1555 351 1597 decem
377 1562 419 1596 et
449 1570 598 1596 novem
631 1556 911 1606 accubituum,
956 1562 998 1594 et
1023 1556 1218 1609 provexit
1250 1556 1550 1604 nobilissimum

76 1612 359 1654 Eudocimum
389 1613 567 1653 fratrem
596 1627 714 1651 sunm
746 1616 855 1663 (nam
880 1610 1117 1651 Anthimum
1142 1611 1280 1652 vivens
1307 1618 1433 1666 pater
1462 1612 1548 1654 eius

75 1671 370 1724 provexerat),
403 1674 444 1709 et
471 1669 676 1723 processit
716 1669 949 1722 imperator
979 1682 1074 1707 cum
1105 1668 1275 1723 reliquis
1306 1669 1548 1709 Caesaribus

77 1731 120 1765 et
150 1725 287 1766 tribus
317 1724 577 1766 nobilissimis
604 1739 651 1764 ac
681 1738 791 1764 novo
811 1723 1087 1764 Constantino
1117 1724 1170 1764 ad
1191 1739 1380 1779 magnam
1410 1726 1547 1766 eccle..

73 1780 190 1832 siam,
217 1789 260 1822 et
291 1787 455 1821 mutato
498 1781 768 1830 indumento,
799 1780 906 1821 sicut
956 1780 1279 1834 imperatoribus
1309 1781 1437 1821 moris
1466 1787 1541 1829 est,

74 1838 296 1878 ambonem
323 1838 509 1878 ascendit
538 1852 632 1877 cum
667 1837 753 1876 filio
787 1850 861 1875 suo
894 1836 1014 1877 simul
1046 1841 1087 1876 et
1116 1837 1372 1891 patriarcha,
1404 1843 1446 1877 et
1475 1838 1541 1877 in..

74 1908 231 1949 gressus
259 1893 392 1934 omnis
420 1893 601 1948 populus
630 1899 866 1947 posuerunt
897 1893 1051 1947 scripta
1081 1907 1152 1932 sua
1184 1894 1224 1933 in
1253 1900 1391 1934 sancta
1422 1909 1542 1934 men-

73 1965 129 2000 sa,
162 1955 206 1990 et
250 1950 485 2005 imperator
525 1950 689 1990 locutus
733 1956 792 1989 est
822 1949 892 1989 sic.
961 1952 1065 1999 “en,
1100 1951 1263 2000 fratrea
1295 1950 1542 2004 petitionem

72 2012 252 2047 vestram
282 2006 507 2061 adimpleo,
538 2012 579 2046 et
608 2006 721 2046 dono
748 2006 867 2046 vobis
910 2005 1042 2044 filium
1067 2021 1205 2046 meum
1238 2006 1278 2046 in
1307 2007 1541 2060 imperato..

73 2076 177 2103 rem.
235 2075 332 2103 ecce
371 2063 424 2102 ab
464 2062 633 2103 ecclesia
664 2067 706 2102 et
749 2060 800 2102 de
828 2076 954 2101 manu
993 2061 1146 2102 Christi
1174 2077 1269 2102 eum
1297 2063 1539 2116 suscipitis.''

71 2124 117 2158 at
144 2117 204 2158 illi
242 2132 390 2172 magna
430 2132 537 2159 voce
578 2118 864 2158 clamaverunt
905 2117 1087 2158 dicentes
1121 2119 1364 2159 “fideiussor
1396 2126 1540 2160 noster

70 2180 174 2225 esto,
204 2174 261 2213 fili
290 2174 383 2224 dei,
417 2175 515 2229 quia
561 2174 614 2215 de
657 2188 783 2214 manu
814 2181 886 2214 tua
914 2174 1154 2228 suscipimus
1184 2175 1399 2215 dominum
1425 2177 1539 2215 Con-

69 2230 301 2271 stantinum
330 2230 629 2284 imperatorem
659 2230 711 2270 ad
741 2229 1060 2270 custodiendum
1078 2246 1174 2270 eum
1202 2237 1244 2271 et
1272 2232 1537 2272 moriendum

67 2301 152 2341 pro
181 2289 272 2327 eo.''
330 2291 372 2326 et
402 2286 443 2325 in
477 2287 717 2337 crastinum,
759 2286 930 2340 qnando
960 2287 1155 2327 videlicet
1187 2302 1354 2342 magnus
1386 2296 1426 2328 et
1458 2287 1536 2327 do-

67 2343 245 2382 minicus
259 2342 436 2397 paschae
468 2342 551 2382 dies
578 2344 808 2382 celebratus
831 2349 905 2392 est,
938 2343 1099 2383 decimo
1132 2349 1282 2382 octavo
1312 2344 1389 2383 kal.
1408 2344 1534 2383 Maias

69 2398 254 2439 decimae
285 2404 460 2454 quartae
492 2398 756 2448 indictionis,
800 2413 979 2438 aurorae
1012 2400 1258 2453 crepusculo
1290 2401 1423 2439 exiens
1453 2400 1532 2438 im-
1546 2397 1663 2444 Ρ-697

67 2461 246 2509 perator
273 2469 355 2494 una
381 2468 478 2494 cum
506 2453 750 2507 patriarcha
781 2454 822 2492 in
855 2454 1225 2508 Hippodromium,
1256 2456 1394 2496 delato
1429 2456 1533 2494 alta-

67 2511 154 2562 rio,
186 2510 302 2551 omni
330 2512 492 2564 populo
521 2511 847 2561 contemplante,
879 2511 1122 2564 patriarcha
1153 2512 1251 2552 fecit
1279 2513 1532 2564 orationem,

68 2572 111 2607 et
138 2567 361 2606 coronavit
390 2567 621 2620 imperator
651 2566 779 2606 filium
811 2581 957 2614 suum3
985 2574 1026 2606 et
1057 2568 1112 2606 ita
1132 2568 1334 2621 processit
1364 2566 1413 2606 ad
1444 2583 1533 2607 ma-

65 2637 191 2677 gnam
219 2623 435 2663 ecclesiam
480 2628 660 2678 uterque
701 2622 936 2676 imperator
967 2637 1060 2662 cum
1100 2623 1260 2662 duobus
1291 2623 1533 2663 Caesaribus

66 2685 109 2719 et
135 2678 269 2719 tribus
297 2678 572 2718 nobilissimis.
632 2679 833 2732 processit
864 2684 1002 2719 autem
1034 2685 1074 2718 et
1106 2679 1348 2731 imperatrix
1379 2679 1530 2719 Heire.

67 2748 139 2784 ne,
180 2748 276 2774 cnm
317 2735 630 2788 praecessissent
667 2734 966 2788 imperatores,
1008 2735 1180 2787 sceptris
1211 2735 1531 2789 obsequentibus

66 2804 145 2844 per
163 2790 323 2831 scholas
345 2791 547 2842 antelatis,
565 2796 607 2831 et
626 2789 940 2832 ascendentibus
957 2806 1032 2845 per
1052 2804 1202 2831 aeneae
1222 2796 1370 2844 portae
1385 2806 1530 2833 ascen-
