1728 3184
228 170 324 214 520
724 173 780 214 ΙΝ
820 171 1191 214 THEOPIIANEM

227 293 367 332 Massa
383 294 465 332 leo
485 294 859 348 appropinquasset.
893 293 1087 342 miscella,
1117 293 1403 346 contemplatus
1428 292 1558 357 igitur
1576 306 1621 345 pt
1624 307 1698 330 ·-ae

226 357 293 387 tor
317 349 430 403 quod
452 349 688 388 masalmae
713 350 1085 419 appropinquasset.
1119 348 1338 402 legendum
1364 348 1507 418 itaque
1537 341 1600 387 ὅτι
1630 345 1702 387 ἐπὶ

228 403 485 453 ῘΙΙασαλμᾶν
514 405 756 457 ἑπλησιᾛασε

341 475 538 526 598,10.
597 473 675 517 δύο
716 472 920 527 ὖπάτους]
955 491 1091 532 neque
1122 471 1356 528 προβόλους
1385 475 1571 516 consules
1604 489 1701 514 cum

228 534 441 573 Anastasio
483 534 772 599 interpretor,
814 548 951 589 neque
980 531 1287 586 ἐξοχωτάτους,
1333 546 1539 587 supremos
1566 534 1699 572 vz·.·ros

227 589 298 629 sed
325 590 605 630 caduceatores
632 590 786 644 potius,
816 597 889 630 aut
918 589 1029 645 pacis
1060 587 1241 644 agendae
1269 594 1517 643 sequestros.

341 668 451 710 Ibid.
476 668 538 709 17.
597 667 658 716 εἰς
704 664 1002 718 Θεοδοσιανοὶ]
1045 666 1470 722 Theodosianopolim
1498 665 1706 721 Pbrygiae

227 723 477 765 Pacatianae
512 726 690 766 urbem:
746 725 862 764 cuius
910 724 1268 776 Chalcedonense,
1307 727 1349 765 et
1391 723 1470 764 CP.
1509 722 1705 778 quintum

229 780 405 821 concilia
431 781 672 822 meminere.
719 781 918 821 OrtelIus.

341 859 435 913 599,
464 861 504 902 3.
557 857 821 916 Ἀκρωὶνόν]
875 861 1109 918 Bithyniae.
1139 860 1399 912 Anastasius,
1427 860 1674 901 Acroenum.

340 933 446 974 Ibid.
466 933 530 973 21.
587 931 637 973 τὰ
668 933 843 985 μανίκια
870 933 944 987 τῆς
966 933 1106 985 δεξιᾶς
1132 929 1294 986 χειρός]
1317 931 1564 982 Anastasius,
1596 930 1705 994 deog-

230 998 336 1028 terae
363 1005 502 1030 numus
540 1005 634 1030 suae
664 990 867 1039 manicas,
915 987 991 1037 τοῖς
1016 989 1214 1043 χειρῖδας
1257 1003 1341 1028 των
1373 987 1519 1037 δεξιῶν
1549 1000 1707 1039 χειρων

230 1044 426 1086 dise1tio1
449 1045 712 1099 Nicephorus
743 1045 897 1100 posuit.
957 1047 1151 1087 petavius
1182 1044 1378 1086 reddidit.
1435 1045 1566 1084 omnis
1598 1043 1706 1083 dex-

229 1111 316 1141 trae
349 1115 495 1142 manus
520 1102 683 1157 digitos.
714 1117 765 1142 an
798 1117 881 1142 non
910 1102 1096 1156 χειρίδες
1123 1101 1334 1143 manica&
1377 1101 1435 1141 ita
1463 1099 1707 1155 glossarium

229 1156 447 1198 Anastasii.

339 1228 434 1281 600,
463 1229 502 1270 4.
561 1230 608 1270 ἐκ
648 1230 723 1284 τῆς
766 1229 1075 1284 Ιερμανικώον]
1118 1236 1166 1271 ut
1194 1229 1459 1272 Germanicia
1487 1227 1538 1269 ad
1570 1228 1706 1293 Syro-

231 1299 324 1325 rum
356 1294 398 1327 et
427 1287 603 1327 Cilicum
644 1288 743 1328 fines
785 1288 937 1328 nobilis
967 1288 1082 1339 urbs,
1115 1288 1171 1328 ita
1203 1287 1359 1327 Isauria
1388 1285 1610 1340 provincia
1641 1284 1708 1324 in-

230 1341 474 1396 digenarum
507 1343 734 1384 latrociniis
764 1350 806 1385 et
842 1344 1041 1385 barbarie
1071 1344 1246 1385 infamis.
1313 1344 1398 1383 Leo
1429 1357 1474 1383 ex
1504 1341 1584 1382 hac
1613 1341 1709 1382 ori-

229 1372 367 1494 unz-{lus-
402 1401 571 1440 alterius
624 1415 839 1457 nunquam
895 1401 1060 1475 patriae
1108 1400 1317 1442 honorem
1372 1399 1453 1440 sibi
1509 1398 1709 1440 asciscere

229 1462 294 1495 stu
329 1456 401 1497 uit.

343 1529 450 1570 Ibid.
486 1528 550 1569 16.
618 1528 791 1584 βρόμος]
830 1529 1204 1586 propriefhedor,
1235 1529 1524 1585 metaphorice
1550 1530 1707 1581 horror,

233 1591 273 1624 et
302 1586 462 1625 aversio
492 1588 635 1627 animi.

347 1670 557 1712 Ibzd.17.
618 1670 662 1711 ἑν
687 1668 884 1728 Ἀλανιά]
919 1670 998 1711 alia
1030 1671 1186 1726 lectio,
1214 1670 1427 1727 Ἀλβανιά.

346 1739 442 1794 604,
461 1743 498 1783 9.
556 1740 663 1795 μετὰ
692 1742 979 1801 κυκλοπὸδων]
1000 1744 1248 1801 cyclopedes
1268 1745 1578 1799 interpretatur
1597 1745 1710 1785 Ana-

233 1799 390 1839 stasius.

348 1872 455 1913 Ibid.
491 1871 552 1913 19.
611 1873 738 1927 δηλοῖ
765 1869 916 1924 αυτόν]
934 1872 1153 1914 accusandi
1177 1873 1267 1915 vice
1295 1872 1426 1915 dativi
1455 1887 1569 1914 casus
1598 1874 1712 1930 apud

239 1929 495 1969 recentiores
525 1930 894 1984 frequentissimus.

347 2009 442 2063 605,
475 2011 515 2052 5.
574 2012 635 2059 εἰς
668 2010 740 2052 τὸν
770 2010 975 2065 κάματον]
1004 2014 1125 2055 labor
1149 2014 1315 2055 diurnus
1344 2014 1489 2055 iisdem
1515 2011 1713 2070 κάματος,

237 2074 279 2108 et
309 2065 470 2118 κάμνω,
502 2069 655 2109 laboro.

347 2149 446 2202 608,
464 2151 501 2193 2.
560 2150 758 2204 κατήνας]
789 2154 924 2194 mirae
950 2155 1242 2209 magnitudinis
1268 2155 1454 2211 scaphas,
1484 2162 1527 2196 et
1555 2155 1711 2195 iterum

233 2209 413 2263 grandes
441 2221 571 2249 naves
597 2209 727 2249 vertit
758 2210 1002 2251 Anastasius.

349 2292 461 2334 Ῑῠιᾱ.
497 2292 538 2332 3.
598 2291 680 2333 απὸ
714 2294 786 2347 τῆς
805 2292 1096 2349 Μαγναύρας]
1129 2296 1330 2351 palatium
1346 2298 1575 2352 Magnaura
1611 2310 1713 2337 cor..

238 2354 364 2404 rupte
395 2349 509 2405 quasi
541 2352 689 2406 Magna
731 2350 832 2390 Aula
873 2352 1031 2392 dicitur
1070 2353 1331 2408 Luitprando
1374 2352 1425 2393 de
1466 2353 1586 2408 legat.
1643 2352 1713 2393 alii

237 2406 496 2446 Anastasium
537 2406 576 2446 in
618 2421 669 2447 eo
699 2407 870 2447 fulmine
912 2423 1151 2462 percussum
1190 2425 1344 2463 magna
1370 2424 1472 2449 aura
1499 2409 1641 2465 perire
1670 2423 1714 2450 se

238 2461 459 2503 deflentem
491 2468 678 2503 narrant.
738 2464 1176 2519 pluiaLuitpiandus‚
1212 2467 1382 2522 Gyliim,
1414 2466 1522 2520 orig.
1553 2467 1630 2507 CP.
1660 2465 1713 2507 ad

240 2520 435 2573 angulum
466 2519 777 2560 meridionalem
811 2520 937 2561 situm
971 2521 1158 2562 declarat
1183 2528 1410 2563 contextus.

350 2603 458 2644 Ibid
491 2604 534 2644 5.
604 2603 664 2652 εἷς
707 2603 758 2645 τὰ
795 2605 1038 2658 Ειῖτροπιόυ
1076 2603 1151 2646 καί
1187 2604 1440 2658 ἸΑιθιμιόυ]
1478 2613 1628 2660 portus
1657 2604 1709 2648 ad

242 2658 571 2713 Chalcedone1n‚
607 2661 659 2701 ab
700 2661 912 2715 Eutropio
959 2664 1136 2703 Zenonis
1186 2664 1550 2717 protospathario,
1592 2664 1708 2704 aiunt

240 2715 349 2769 orig.
382 2716 465 2756 GP.
497 2733 649 2759 nomen
683 2718 849 2773 accipit,
881 2718 932 2759 de
963 2735 1047 2774 quo
1079 2727 1229 2761 auctor
1259 2719 1310 2759 ad
1340 2735 1494 2760 annum
1517 2720 1708 2789 Mauricii

239 2771 477 2826 septimum.
