1728 3242
208 158 305 208 2111
422 165 702 208 ANAsrAsn
753 162 1013 206 nis'romA
1056 157 1470 204 atchFsms'ricA

318 281 437 323 Anno
473 279 637 334 imperii
683 278 831 319 Leonis
865 276 1111 317 duodecimo
1147 273 1280 314 movit
1311 271 1540 313 exercitum
1569 271 1675 311 lilius

208 335 379 391 chagani
423 335 626 390 principis
667 334 893 375 Cliazariae
931 338 1078 373 contra
1109 329 1286 372 Mediam
1331 334 1373 369 et
1420 327 1675 378 Armeniam,

207 387 507 447 inventumque
534 391 575 431 in
607 391 762 432 Arabia
806 388 1071 430 Gardacbum
1099 385 1280 426 Arabum
1307 391 1549 439 praetorem
1583 389 1675 424 tru-

207 448 376 499 cidavit,
417 456 459 489 et
491 446 802 489 multitudinem
839 459 945 501 quae
972 443 1092 483 simul
1124 456 1218 482 cum
1250 455 1300 481 eo
1332 445 1437 490 erat,
1471 446 1513 481 et
1543 439 1674 493 depo-

207 504 370 557 palatus
400 503 695 544 Armeniorum
723 509 849 557 atque
876 499 1098 542 Medorum
1127 497 1315 552 regiones
1346 495 1483 548 rediit,
1514 502 1671 536 metum

207 560 409 600 incutiens
441 559 646 601 Arabibus
674 559 862 598 multum.

319 643 438 684 Anno
470 643 634 700 imperii
661 643 807 683 Leonis
840 641 1001 682 decimo
1032 638 1160 679 tertio
1194 641 1329 676 castra
1360 634 1493 676 movit
1520 635 1675 676 Masal-

206 713 291 739 mas
322 699 513 740 adversus
552 700 724 739 humum
758 698 1025 746 Turcorum,
1075 700 1116 735 ct
1162 692 1339 733 invicem
1378 691 1600 747 congressi,
1627 706 1674 731 ex

209 759 390 810 utraque
432 761 554 810 parte
597 754 750 795 cadunt
780 754 820 793 in
853 752 1013 808 praelio
1032 781 1043 802 ,
1075 756 1274 804 metuque
1306 749 1556 804 perterritus
1579 749 1675 788 Ma-

140 823 150 831 ·
207 810 349 853 salmas
377 811 535 866 fugiens
566 826 645 866 per
674 815 832 850 montes
859 807 1085 849 Chazariae
1113 819 1303 846 reversus
1332 809 1405 845 est.

317 895 478 937 Eodem
508 910 610 938 vero
640 909 750 935 anno
780 894 922 934 furens
945 893 1030 934 Leo
1066 891 1298 945 imperator
1331 887 1497 944 iniquus
1525 893 1676 928 contra

213 956 370 990 rectam
402 952 550 1004 fidem,
598 950 776 991 adducto
806 950 929 990 beato
963 951 1191 998 Germano,
1222 945 1366 1000 coepit
1393 960 1489 985 eum
1517 944 1677 985 blandis

210 1007 469 1048 sermonibus
508 1007 692 1048 delinire.
764 1011 808 1046 at
850 1019 952 1046 vero
995 1004 1140 1046 beatus
1185 1016 1452 1056 summusque
1480 1000 1677 1042 sacerdos

212 1063 313 1103 dixit
338 1062 389 1103 ad
421 1079 516 1104 eum
544 1062 874 1118 “depositionem
914 1066 1152 1102 sanctarum
1192 1059 1417 1114 imaginum
1445 1056 1677 1098 audivimus

71 1144 105 1179 1».
131 1131 199 1167 627
213 1119 378 1173 quidem
405 1121 605 1170 futuram,
630 1119 700 1159 sed
728 1132 811 1157 non
842 1124 1036 1173 tempore
1064 1116 1230 1171 imperii
1263 1115 1365 1158 tui.''
1410 1128 1506 1154 cum
1535 1118 1677 1154 autem

211 1175 280 1216 ille
308 1182 479 1231 cogeret
506 1191 600 1216 eum
628 1176 767 1216 dicere
797 1175 873 1215 sub
907 1174 1020 1215 cuius
1052 1172 1247 1228 imperiO,
1280 1171 1339 1211 ait
1366 1171 1442 1211 sub
1473 1170 1671 1210 Cononis.

212 1237 254 1271 at
284 1231 350 1271 ille
380 1235 477 1272 “re'’
508 1231 645 1286 inquit
675 1235 802 1271 “vera
833 1246 880 1272 ex
896 1231 1104 1285 baptismo
1122 1230 1241 1271 Cono
1266 1227 1367 1268 mihi
1396 1240 1546 1268 nomen
1578 1229 1677 1268 cst.'’

212 1294 254 1327 at
285 1287 351 1327 ille
382 1288 488 1328 dixit
530 1288 687 1337 “absit‚
718 1287 913 1338 domine,
943 1293 990 1329 ut
1015 1301 1095 1341 per
1123 1285 1344 1339 imperium
1375 1290 1495 1324 tuum
1522 1282 1678 1322 malum

211 1343 321 1384 istud
350 1343 622 1397 perficiatur:
666 1343 912 1384 Antichristi
955 1344 1063 1385 enim
1103 1355 1358 1397 praecursor
1387 1345 1460 1390 est,
1492 1338 1565 1394 qui
1597 1338 1678 1379 boc

211 1398 511 1454 adimpleturus
541 1406 625 1450 est,
666 1405 708 1441 et
741 1400 980 1441 incarnatae
1019 1399 1183 1440 divinae
1212 1395 1526 1452 dispensationis
1555 1409 1677 1435 ever-

211 1458 325 1497 sor.’'
384 1456 425 1496 in
455 1455 516 1497 his
548 1470 648 1509 ergo
682 1470 825 1497 saevus
854 1463 1058 1511 tyrannus
1091 1454 1293 1505 insaniens
1320 1453 1445 1494 beato
1466 1454 1678 1492 Germano

212 1512 342 1552 minas
370 1512 671 1566 praetendebat
703 1513 832 1553 instar
851 1513 1028 1554 Herodis
1057 1510 1268 1568 quondam
1295 1507 1579 1565 praecursori.
1614 1521 1681 1548 re-

214 1568 394 1609 ducebat
421 1574 558 1610 autem
595 1569 648 1609 ad
679 1569 924 1610 memoriam
964 1569 1049 1610 eius
1087 1566 1330 1623 patriarcha
1369 1572 1411 1607 et
1438 1563 1680 1619 sponsiones

214 1624 300 1665 eius
329 1631 425 1665 ante
455 1625 675 1679 imperium
705 1627 844 1677 factas,
873 1626 1054 1681 qualiter
1067 1625 1143 1665 sibi
1170 1623 1293 1665 deum
1322 1621 1486 1663 dederit
1512 1620 1677 1669 vadem,

214 1680 257 1720 in
291 1680 404 1721 nullo
435 1695 478 1721 se
516 1688 826 1723 commoturum
858 1682 1072 1724 ecclesiam
1117 1681 1183 1722 dei
1212 1695 1233 1720 a
1262 1679 1342 1719 suis
1371 1677 1608 1734 apostolicis
1639 1682 1681 1716 et

216 1736 413 1777 divinitus
442 1737 604 1778 traditis
636 1739 793 1779 ritibus.
823 1739 894 1780 sed
923 1753 999 1779 nec
1024 1738 1083 1779 sic
1112 1738 1306 1778 confusus
1338 1741 1399 1777 est
1427 1735 1568 1774 miser.
1601 1733 1681 1774 ob-

215 1807 381 1832 servans
416 1799 556 1834 autem
596 1800 721 1849 atque
748 1796 993 1836 submittens
1035 1793 1238 1850 quosdam
1261 1805 1486 1842 sermones,
1518 1795 1684 1844 satage-

215 1848 290 1888 bat
317 1849 448 1889 sicubi
494 1848 605 1890 hunc
644 1851 848 1892 inveniret
884 1857 1033 1892 contra
1077 1850 1298 1905 imperium
1326 1863 1447 1890 suum
1474 1851 1681 1902 agentem,

217 1905 411 1960 quatinus
437 1911 484 1945 ut
510 1906 822 1948 coniuratorem
841 1915 883 1949 et
903 1922 989 1948 non
1014 1907 1143 1947 veluti
1164 1907 1441 1947 confessorem
1470 1918 1493 1942 a
1523 1902 1680 1942 throno

218 1961 479 2015 dssPOneTet,
522 1962 676 2002 habens
707 1964 747 2004 in
775 1963 858 2005 hoc
887 1963 1235 2018 comparticipem
1272 1960 1531 2001 Anastasium
1560 1958 1683 1998 disci-

215 2017 362 2070 pulum
404 2023 446 2057 et
474 2019 697 2072 syncellum
727 2020 839 2071 eius,
884 2020 951 2060 cui
995 2018 1224 2073 spopondit
1266 2023 1415 2071 utpote
1460 2014 1684 2069 impietatis

215 2087 313 2112 suae
342 2079 619 2114 consentaneo
664 2074 807 2115 throni
849 2091 943 2116 eum
989 2076 1228 2116 adulterum
1259 2087 1534 2114 successorem
1566 2071 1683 2110 futu-

216 2142 325 2193 rum.
383 2143 508 2184 quem
538 2130 680 2170 beatus
722 2146 804 2172 non
848 2132 1042 2187 ignorans
1082 2132 1141 2172 sic
1179 2145 1376 2185 perverse
1408 2129 1683 2176 affectantem,

216 2185 399 2225 imitatus
429 2184 553 2226 deum
583 2201 715 2237 suum,
745 2203 792 2228 ac
818 2189 849 2229 si
878 2189 929 2229 ad
958 2190 1084 2228 alium
1116 2188 1372 2236 iscariotem,
1401 2184 1613 2239 sapienter
1641 2189 1683 2222 et

86 2252 205 2300 1,‚628
218 2246 429 2305 mansuete
469 2255 617 2282 eorum
656 2258 762 2298 quae
793 2244 1045 2297 proditionis
1086 2251 1182 2285 sunt
1217 2242 1461 2284 memoriam
1491 2239 1681 2282 faciebat.

218 2311 314 2351 quia
345 2310 446 2338 vcro
496 2298 869 2340 inconvertibiliter
914 2316 1008 2342 eum
1058 2301 1225 2341 videbat
1268 2313 1427 2351 errare,
1457 2310 1682 2337 conversus

217 2352 267 2392 ad
297 2367 392 2393 eum
421 2353 647 2394 calcantem
678 2354 899 2409 aliquando
938 2357 1177 2411 posteriora
1207 2356 1337 2397 stolae
1363 2369 1472 2405 suae,
1505 2367 1601 2393 cum
1631 2351 1682 2391 ad

216 2409 518 2462 imperatorem
543 2410 849 2462 ingrederetur,
875 2413 932 2452 ait
960 2415 1040 2454 “ne
1070 2414 1256 2454 festines:
1290 2427 1383 2452 nam
1402 2424 1498 2458 ,non
1515 2409 1682 2462 effugiet

217 2479 239 2504 a
263 2471 311 2529 ‘te
338 2471 501 2520 tempus
537 2465 795 2520 ingrediendi
833 2468 1045 2523 Diippin.'’
1123 2476 1166 2510 at
1195 2469 1262 2509 ille
1290 2482 1416 2522 super
1446 2478 1682 2506 sermonem

217 2525 403 2561 tristatus
451 2535 545 2562 cum
586 2522 672 2562 aliis
719 2524 790 2577 qui
818 2524 927 2564 hunc
957 2525 1189 2575 audierant,
1223 2523 1484 2579 praesagium
1514 2522 1683 2575 ignora-

214 2576 312 2639 bat..
361 2577 474 2631 quod
515 2593 608 2618 cum
656 2579 777 2617 linem
822 2587 917 2632 post
963 2582 1200 2635 quindecim
1241 2595 1368 2621 annos
1412 2578 1680 2632 percepisset,

217 2637 342 2696 tertio
374 2633 569 2674 videlicet
599 2635 764 2689 imperii
795 2636 1054 2676 Constantini
1095 2637 1374 2691 persecutoris
1406 2649 1540 2685 anno,
1571 2632 1683 2673 indi-

217 2689 363 2751 ettonis
408 2689 702 2741 duodecimae,
750 2692 942 2732 omnibus
984 2693 1156 2734 credere
1208 2691 1411 2749 persuasit
1452 2706 1499 2731 ex
1543 2689 1683 2730 divina

214 2749 348 2797 gratia
380 2746 496 2786 fuisse
529 2748 692 2801 ingrato
723 2747 974 2802 prophetice
1013 2749 1184 2791 dictum.
1246 2747 1543 2792 Constantinus
1574 2745 1683 2786 enim
