1728 3184
158 157 256 206 662
655 165 729 206 AD
769 165 1141 209 THEOPHANEM

153 296 230 336 que
255 279 418 320 solercia
444 295 546 321 usus.
604 280 719 321 velut
739 287 852 333 esset,
880 278 1013 323 πολλοὶ
1044 277 1380 337 τροπωσάμενος,
1410 297 1518 338 quae
1546 298 1627 325 vox

156 336 320 376 auctori
353 344 442 386 est,
490 337 637 377 fraude
671 341 760 389 uti,
788 339 957 379 solertia
1004 339 1212 392 decipere.
1273 339 1330 379 sic
1360 346 1474 381 certe
1500 341 1626 384 Cedr.

154 390 228 432 καί
256 390 306 445 δὴ
347 391 622 445 σκεψάμενος.
657 394 779 446 idem,
809 392 858 435 τά
889 398 1060 447 γενναῖα
1093 395 1456 449 ταλαιπωριάς·ἰη
1489 397 1555 437 illa
1585 397 1627 437 vi

155 449 304 488 suadae
344 451 535 489 enituisse
563 450 777 506 intelligit,
821 467 901 506 qua
936 451 1193 505 Nicephorus
1237 453 1411 493 Aaronis
1443 453 1629 494 animum

157 505 210 545 ad
242 521 384 559 pacem
417 505 601 557 inflexit,
643 507 858 562 desperata
892 509 1047 563 alioqui
1085 508 1244 548 salute:
1281 523 1364 549 non
1397 511 1509 564 quasi
1541 511 1628 564 ipse

155 561 211 602 ita
243 563 401 603 animos
443 577 490 602 ex
531 564 767 604 calamitate
808 564 1016 615 hauserit,
1056 571 1102 604 ut
1145 580 1187 604 se
1232 564 1282 605 dc
1321 565 1392 606 illo
1423 567 1629 621 trophaea

155 626 402 659 erecturum
435 621 680 674 speraverit,
712 623 771 660 uti
805 622 1012 673 interpres
1044 636 1126 662 non
1142 621 1248 661 hene
1278 621 1493 663 intellexit.
1525 624 1629 678 quid

155 675 187 713 si
218 671 406 726 τρόπαια
453 676 682 732 intelligas,
725 678 786 717 uti
830 678 1058 730 expositum
1102 683 1161 718 est
1191 678 1288 732 imp.
1330 680 1499 720 secundi
1530 681 1627 721 lust.

153 731 386 772 Rinotmeti
417 747 526 773 anno
553 732 592 784 3,
625 748 720 774 cum
756 734 786 773 is
823 734 919 788 fuga
951 733 1084 788 lapsus
1113 734 1327 786 Anchiale,
1360 735 1518 776 dicitur
1550 751 1629 791 po-

153 788 278 829 suisse
305 804 432 843 super
461 804 616 841 muros,
663 789 859 842 τρόπαια,
888 805 1009 831 arma
1046 792 1206 841 bellica,
1237 806 1321 847 quo
1352 793 1410 833 sic
1443 793 1628 848 Bulgaris

153 845 295 885 fucum
325 846 495 896 faceret,
529 861 604 887 nec
635 847 690 886 illi
727 847 812 887 cius·
842 848 978 902 fugam
1011 846 1307 900 adverterent3
1340 857 1386 890 ut
1415 849 1484 890 hic
1516 865 1631 906 quo-

154 916 237 957 que
265 901 430 942 dicatur
461 903 723 957 Nicephorus
743 903 883 944 fecisse
912 903 1040 943 multa
1067 901 1264 957 τρόπαια,
1293 905 1336 945 id
1368 913 1426 946 est
1456 908 1627 961 copioso

153 973 371 999 armorum
394 966 601 1014 apparatu
634 961 861 1000 exercitum
895 960 1141 1011 instruxisse,
1174 976 1224 1000 ne
1255 963 1425 1002 omnino
1444 964 1630 1004 Arabum

153 1014 234 1056 dux
265 1030 311 1056 ex
343 1016 519 1056 militum
550 1017 763 1070 paucitate
793 1024 1026 1070 sperneret,
1057 1017 1126 1057 sed
1157 1017 1337 1059 maiores
1354 1019 1459 1059 illius
1489 1021 1630 1075 copias

152 1073 383 1113 existimans
415 1073 455 1112 in
487 1088 635 1126 pacem
667 1074 935 1115 consentiret.
1007 1074 1087 1114 hoc
1116 1074 1214 1114 alias
1243 1082 1538 1131 stratagemate
1567 1077 1631 1118 usi

152 1129 222 1168 alii
254 1129 412 1170 cladem
445 1129 656 1184 depulere.

264 1199 362 1249 748,
398 1202 462 1243 13.
521 1202 653 1244 αἷταῖν
694 1200 860 1258 εἰρήνην
898 1204 1114 1259 γενέσθαι]
1156 1206 1258 1260 Reg.
1305 1212 1387 1246 etc.
1431 1203 1506 1246 καί
1531 1204 1629 1259 τρία

151 1258 390 1310 νομίσματα
420 1261 690 1313 κεφαλιτιῶν.
764 1261 888 1301 hahet
932 1260 1102 1314 perinde
1144 1262 1242 1316 Reg.
1293 1263 1491 1318 quicquid
1523 1265 1630 1304 male

152 1316 427 1370 exscriptum:
472 1317 579 1356 bene
620 1319 759 1358 Anast.
804 1320 885 1358 tria
911 1319 1165 1358 numismata
1207 1321 1250 1359 in
1294 1335 1448 1360 censum
1485 1321 1629 1377 capitis

151 1373 428 1428 imperatoris,
459 1383 498 1413 ec
538 1375 619 1413 tria
655 1376 699 1415 in
734 1389 894 1414 censum
932 1376 1082 1429 eapitis
1126 1376 1210 1414 cius
1225 1376 1338 1431 filii.-
1371 1391 1455 1431 quo
1488 1380 1629 1418 Aaron

153 1439 278 1470 censu
304 1430 363 1469 sic
387 1430 614 1470 delectatus
646 1437 716 1482 est,
751 1431 1037 1486 praetulitque
1067 1432 1157 1471 auri
1187 1433 1325 1472 multis
1346 1433 1523 1485 talentis,
1561 1449 1630 1474 ve-

154 1482 219 1525 lut
249 1485 307 1526 sic
335 1487 507 1527 addicto
539 1488 745 1528 Arabibus
774 1489 964 1527 Romano
999 1489 1192 1542 imperio·
1255 1489 1355 1528 nihil
1388 1506 1409 1530 e
1440 1505 1485 1530 re
1514 1490 1630 1545 quod

154 1541 370 1582 redditum
402 1550 473 1584 est.
499 1539 551 1582 τά
583 1546 934 1598 παραλειφθέντα
965 1540 1127 1596 κάστρα
1156 1541 1214 1598 μὴ
1247 1548 1485 1599 κτισθῆναι.
1516 1548 1629 1601 apud

154 1598 279 1638 Cedr.
311 1599 648 1654 παραληφθέντα
683 1599 757 1640 ὑπ’
787 1601 925 1641 αυ“τσῦ
941 1615 952 1640 :
982 1603 1098 1642 urbes
1129 1616 1232 1658 quas
1258 1603 1330 1642 ille
1356 1606 1524 1659 cepisset
1549 1620 1630 1644 non

152 1657 434 1709 reparandas.-
475 1658 601 1698 etiam
630 1658 753 1713 Peyr.
793 1658 1121 1710 προληφθέντας
1162 1660 1280 1699 urbes
1306 1662 1418 1713 prius
1446 1662 1630 1718 utrinque

153 1721 305 1767 captas,
336 1719 378 1753 at
407 1728 492 1754 non
521 1714 802 1768 improbanda
833 1714 951 1767 Regii
982 1715 1132 1754 lectio:
1165 1716 1278 1754 urbes
1304 1717 1531 1765 desolata53
1563 1717 1629 1758 vel

154 1769 306 1822 quibus
337 1770 402 1810 ille
430 1785 478 1811 ex
507 1771 619 1825 pacis
651 1770 847 1811 condicto
877 1771 1074 1811 Romanis
1105 1777 1292 1815 cesserat.

266 1844 362 1901 749,
398 1849 465 1890 11.
523 1847 764 1902 ὑποβαλών.
799 1847 868 1890 διὰ
899 1847 969 1890 τὸν
1000 1849 1274 1901 Φιλούμενον.

265 1933 361 1986 750,
390 1933 432 1974 5.
491 1934 668 1989 πλησίον
697 1934 1024 1988 παρακειμένην]
1058 1935 1183 1975 Cedr.
1204 1936 1398 1990 Regetc.
1426 1934 1500 1976 τὸν
1529 1939 1631 1976 θεο-

153 1986 310 2043 μάχον.
370 1989 484 2046 quod
526 1992 717 2045 sequitur
758 2007 803 2031 ex
845 1991 966 2031 Cedr.
999 1991 1158 2032 emend.
1197 1993 1271 2031 καί
1297 1988 1368 2032 τὸν
1399 1989 1503 2033 λαὸν
1529 1995 1630 2046 παρ’

153 2046 306 2087 ἐλπίδα
332 2044 411 2098 τὴν
453 2045 636 2087 κάκωσιν
677 2047 886 2101 ἐκφυγεῖν.
944 2058 983 2088 et
1019 2057 1061 2088 ut
1099 2050 1282 2104 populus
1309 2060 1479 2105 praeter
1521 2066 1628 2107 spem

154 2104 312 2144 cladem
341 2104 547 2159 effugeret.
579 2104 703 2144 etiam
735 2105 860 2144 Barb.
893 2101 1092 2146 κάκωσιν.

266 2177 375 2218 Ibid.
411 2173 475 2217 14.
533 2171 580 2224 ὅς
608 2177 667 2224 εἰς
695 2172 846 2217 πάντα.

235 2240 239 2247 ’
265 2249 362 2304 751,
389 2248 430 2291 3.
491 2249 536 2290 ἐν
565 2250 623 2306 τῷ
653 2250 837 2305 κοσμικῷ
865 2250 942 2307 βίῳ
988 2244 1216 2305 ἄρχοντας]
1247 2253 1348 2307 Reg.
1381 2259 1458 2293 etc.
1482 2268 1630 2310 proce-

153 2321 215 2346 res
242 2309 286 2348 in
315 2308 525 2348 saeculari
552 2309 642 2348 vita
670 2317 873 2347 met-entes.

265 2387 373 2430 Ibid.
397 2385 460 2428 16.
493 2387 830 2440 κατα-τμηθέντες
860 2383 1014 2438 α’ρχιλς]
1045 2388 1145 2441 Reg.
1181 2395 1257 2428 etc.
1284 2390 1329 2429 in
1355 2391 1490 2430 varios
1518 2391 1634 2430 scissi

145 2446 413 2501 principatus.
472 2444 544 2484 καί
575 2443 795 2490 παντοίαις
824 2442 1029 2491 α’τοπιάις.
1066 2443 1138 2485 καί
1166 2443 1210 2486 αἱ
1231 2442 1335 2487 κατὰ
1370 2443 1457 2501 τήν.

262 2518 357 2569 75‘2,
393 2516 431 2558 3.
491 2515 632 2571 ἧκατ’
661 2514 869 2571 α’λλήλων]
904 2519 1000 2572 Reg.
1035 2525 1118 2558 etc.

265 2593 376 2635 Ihid.
410 2591 475 2632 20.
538 2592 746 2642 Κοῦμμος
776 2587 796 2630 ὃ
828 2592 922 2631 τῶν.

262 2664 357 2717 753,
387 2666 425 2706 5.
482 2668 568 2711 τοῖς
602 2665 647 2706 δὲ
678 2666 967 2718 περισωθεῖσι.
1025 2668 1113 2712 τοῖς
1141 2665 1319 2718 ἐχθροῖς
1348 2666 1624 2720 προσφυγεῖν]

151 2721 273 2761 Cedr.
305 2715 358 2773 ἦν
387 2719 457 2761 καὶ
491 2720 723 2773 Εόθιῖμιος.
758 2719 834 2776 τὴν
862 2723 940 2762 τοῦ
970 2720 1115 2777 πάσχα
1147 2719 1296 2779 ἑορτὴν
1326 2718 1514 2778 ἑόρτασε,
1544 2718 1623 2776 τὴν

149 2777 197 2818 ὑὲ
228 2780 614 2834 παραλειφθιῖσαν.
