1728 3184
201 184 301 235 492
707 184 762 236 ιΝ
803 195 1185 238 THEOPHANEM

201 308 314 350 enim
341 307 555 364 quondam
596 312 838 351 monasterii
876 312 1137 366 praefectus,
1164 315 1255 360 turn
1285 324 1386 351 vero
1414 309 1676 365 episcopatus

198 365 515 406 administrator
561 366 602 406 S.
637 368 958 409 resurrectionis
989 367 1159 422 templi,
1197 374 1239 408 et
1278 367 1488 407 Bethleem
1534 368 1674 407 ruinas

200 428 486 476 reparaverat,
517 422 707 465 Modesto
737 424 905 465 demum
936 424 1035 464 vivis
1070 430 1219 478 erepto
1250 424 1301 464 ab
1334 425 1592 479 imperatore
1623 425 1675 465 ad

201 478 406 519 thronum
436 478 536 519 olim
567 481 842 536 commissum,
871 481 1082 536 propriis,
1104 495 1190 521 non
1220 480 1372 521 alienus
1403 495 1525 536 agens
1557 481 1677 535 vices,

201 541 425 590 promotus
452 542 528 576 est.

313 601 509 655 505,13.
564 599 789 657 Ἀδεσὴρ
770 619 790 644 ο
819 617 972 645 τουτου
1003 599 1112 659 υἱός]
1145 618 1306 658 regum,
1338 604 1409 659 qui
1439 604 1572 645 Persis
1602 604 1683 644 do-

199 660 346 700 minati
376 665 485 711 sunt,
516 660 593 700 alia
627 661 738 714 apud
773 661 1059 716 Nicephorum
1088 666 1130 701 et
1159 660 1438 702 Schikardum
1470 660 1521 702 de
1556 661 1678 701 rebus

199 715 375 758 Persicis
406 717 589 758 offerunt
618 731 660 758 se
686 718 869 758 nomina.

310 793 406 847 506,
438 792 481 839 4.
538 789 559 835 ὅ
589 793 860 851 πατριάρχης
889 796 973 837 τῶν
1001 795 1262 852 Ὶακωβιτῶν]
1294 795 1681 838 auctorMonothe-

197 850 370 892 litarum
400 851 602 893 historiae
629 853 834 893 Combefis
868 854 919 894 de
950 854 1231 894 Iacobitarum
1267 853 1424 895 haeresi
1454 859 1682 894 tractatum

199 908 355 960 edidit,
387 923 434 948 ex
466 923 552 963 quo
582 923 715 974 pauca
747 911 908 978 profer
909 926 978 949 im
1050 904 1069 948 ὃ
1094 908 1290 961 Ἰάκωβος
1322 910 1400 964 ἀφ’
1433 923 1480 950 ου
1508 908 1580 950 καί
1609 902 1683 950 ου-

198 978 263 1006 τοι
292 964 524 1005 καλοῦνται
549 961 737 1031 μοναχός
765 979 828 1013 τις
856 963 1023 1034 γέγονε
1015 962 1166 1023 Σύρος,
1205 965 1445 1031 Τζάνζαλος
1472 965 1680 1014 ἐπονομα-

201 1020 399 1071 ζόμενος,
439 1016 509 1061 διὰ
540 1017 614 1074 τήν
643 1016 752 1074 α’γαν
783 1020 943 1075 aziz-ov,
991 1037 1048 1069 ως
1088 1017 1227 1073 οἶμαι,
1274 1017 1502 1063 εὐτέλειαν.
1560 1018 1684 1070 οὗτος

200 1072 277 1117 ουν
306 1072 613 1128 α’ναδεξαμενος
642 1075 755 1131 παρὰ
790 1082 879 1126 τοῖς
898 1077 1052 1144 Σύροις
1083 1077 1210 1118 τοῦτο
1240 1074 1483 1147 ἐκήρυττεν.
1547 1085 1588 1119 et
1617 1079 1683 1119 in-

200 1134 295 1174 fra:
345 1131 384 1174 οἱ
422 1133 480 1189 τῶ
517 1133 703 1191 Ἰακωβω
731 1134 905 1191 μοναχῷ
932 1131 1058 1202 ‘stipa'
1096 1136 1340 1182 πεισθέντες
1371 1132 1683 1189 ωνομάσθησαν

199 1189 448 1242 ’[ακωβῖται.
497 1175 716 1241 Iacobus,
745 1205 776 1232 a
815 1206 893 1248 quo
933 1194 1001 1232 isti
1035 1193 1351 1248 appellationem
1401 1194 1534 1233 sortiti
1573 1201 1680 1244 sunt,

199 1246 329 1299 Syrus
350 1247 518 1303 qzadam
556 1250 793 1299 monachas,
840 1249 1032 1303 ignobilis
1059 1249 1187 1289 valde
1216 1257 1339 1305 atque
1367 1248 1555 1290 obscuras
1576 1249 1680 1303 fuit,

200 1305 436 1356 cognomine
469 1304 651 1344 Tzanzal
679 1306 851 1358 (Culex)
882 1306 933 1346 ob
964 1320 1184 1353 summam,
1213 1315 1323 1361 puto,
1351 1307 1434 1345 eius
1459 1307 1678 1346 υιίἱῑαιεηι.

199 1361 265 1458 {iiic
294 1375 387 1414 ergo
397 1359 630 1414 Eatychecis
648 1363 867 1418 amplexus
884 1362 1132 1414 docet-mam,
1159 1335 1271 1418 cipud
1281 1362 1410 1415 Syros
1430 1377 1520 1403 eam
1546 1375 1681 1419 plae-

231 1419 367 1457 zcavit.

318 1496 425 1537 Ibid.
460 1496 526 1538 10.
582 1494 798 1552 η’ρώτησέν
837 1511 881 1538 τε
913 1493 986 1538 τόν
1014 1496 1212 1552 βασιλέα]
1254 1501 1509 1538 memoratus
1539 1503 1686 1537 auctor

209 1551 419 1593 Athanasii
440 1569 534 1594 cum
564 1555 760 1596 Heraclio
781 1555 1084 1610 congiessionis
1116 1570 1139 1594 a
1163 1554 1421 1609 Theophane
1452 1553 1573 1594 fidem
1604 1555 1687 1594 ele-

207 1615 394 1660 vaturus,
415 1610 480 1651 his
510 1626 601 1652 eam
628 1619 847 1666 oppugnat
880 1611 1152 1667 argumentis.
1216 1612 1252 1654 1
1285 1611 1407 1651 alteri
1440 1610 1683 1652 οιιηιΡῚιιΙο

207 1667 435 1707 Severiano
467 1668 517 1708 ab
539 1669 686 1709 eodem
710 1668 904 1709 Heraclio
931 1644 1113 1709 t’habitae
1132 1669 1407 1723 peisimilem:
1440 1683 1564 1723 quam
1582 1683 1688 1722 per-

206 1722 306 1763 inde
337 1723 434 1764 licet
486 1725 675 1766 locorum
721 1733 763 1766 et
806 1731 1048 1779 temporum
1091 1725 1430 1765 circumstantiae
1468 1724 1686 1775 diversam,

207 1779 409 1835 pleraque
453 1787 590 1822 tamen
634 1781 807 1823 eandem
854 1781 1087 1823 ostendant.
1156 1782 1192 1822 2.
1235 1783 1282 1823 iis
1330 1781 1575 1822 auctoribus
1616 1787 1690 1821 aut

207 1837 374 1891 scriptis
410 1851 501 1878 eam
539 1853 623 1879 non
669 1839 915 1889 memorari,
964 1839 1116 1894 quibus
1157 1838 1242 1879 eius
1283 1837 1442 1878 mentio
1482 1837 1690 1879 debuerat

209 1907 292 1934 esse
322 1895 622 1935 commendata.
681 1895 721 1936 3.
743 1910 968 1950 perperam
999 1896 1095 1935 IIei
1088 1894 1238 1935 aelium
1269 1895 1407 1935 animo
1440 1900 1689 1936 consterna-

208 1955 299 1990 tum
330 1951 577 2003 (attonitum
609 1953 794 2008 argutius
828 1952 1073 2006 scripsisset)
1107 1952 1251 1992 audita
1280 1951 1492 1992 Athanasii
1521 1958 1688 1992 senten-

208 2007 267 2047 tia
310 2009 541 2058 recenseri,
587 2010 653 2049 cui
694 2010 775 2049 iam
813 2008 931 2050 Pauli
963 2009 1182 2063 Sergiique
1223 2023 1336 2049 mens
1373 2008 1513 2047 similis
1544 2009 1686 2048 fuisset

211 2070 369 2118 aperta.
438 2064 476 2104 4.
515 2065 692 2105 Paulum
725 2065 1000 2105 Seveiianum
1036 2065 1280 2119 episcopatu
1325 2065 1588 2105 Antiocheno
1633 2064 1688 2104 ob

210 2121 414 2162 haeresim
450 2121 644 2163 simulate
685 2122 950 2177 repudiatam
993 2122 1044 2162 ab
1070 2122 1265 2162 Heraclio
1313 2122 1538 2171 donatum,
1570 2121 1691 2161 Pauli

210 2179 352 2218 forsan
386 2179 580 2220 abiecisse
606 2193 773 2229 nomen,
805 2184 848 2219 et
861 2178 1073 2220 Athanasii
1103 2178 1379 2232 assumpsisse.
1439 2178 1599 2219 leviora
1624 2185 1691 2218 ta-

210 2250 306 2275 men
336 2241 431 2275 sunt
461 2235 564 2277 haec
596 2236 701 2287 tela,
745 2250 873 2291 quam
903 2236 1052 2290 quibus
1097 2236 1371 2276 confodiatur
1399 2235 1692 2289 Theophanes,

211 2299 254 2333 et
275 2291 475 2334 historiae
515 2293 567 2334 ab
606 2307 656 2334 eo
705 2292 967 2346 conscriptae
1007 2293 1161 2333 veritas
1203 2291 1408 2333 laedatur.
1489 2307 1537 2331 ac
1566 2291 1693 2346 primi

213 2348 386 2404 quidem
413 2350 592 2404 impetus
622 2350 666 2389 in
705 2364 796 2390 eam
825 2348 961 2389 nullus
1001 2355 1078 2400 est,
1126 2355 1200 2389 aut
1246 2356 1362 2390 certe
1408 2348 1577 2400 debilis,
1624 2347 1697 2403 qui

211 2406 421 2460 geminum
454 2406 662 2458 Heraclii,
698 2421 778 2461 qua
810 2420 904 2446 cum
929 2406 1074 2461 Paulo,
1097 2421 1178 2461 qua
1211 2421 1307 2446 cum
1332 2404 1556 2445 Athanasio
1589 2419 1696 2444 con-

212 2477 396 2527 gressum
429 2463 636 2514 admittet,
679 2469 806 2518 atque
835 2468 883 2502 ut
913 2463 1118 2513 eundem,
1152 2463 1216 2503 vel
1247 2462 1421 2502 similem
1450 2461 1626 2502 materia
1657 2467 1699 2501 et

212 2520 448 2573 proposito,
484 2520 539 2560 ita
559 2534 850 2575 personarum,
884 2519 980 2570 loci,
1011 2527 1254 2574 temporum
1277 2518 1600 2559 circumstantiis
1632 2517 1699 2557 di-

213 2589 392 2616 versum.
454 2577 491 2617 2.
522 2576 797 2631 scriptoribus
833 2576 1038 2616 nonnullis
1069 2576 1167 2616 licet
1188 2575 1400 2616 Athanasii
1430 2575 1598 2615 fraudes
1616 2574 1698 2614 ob—

213 2632 442 2673 volvantur
470 2633 658 2684 silentio,
691 2633 779 2673 aliis
810 2639 947 2673 tamen
978 2632 1094 2673 velut
1126 2632 1371 2686 Sophxonio
1402 2630 1700 2685 concrepanti-

214 2688 290 2728 bus
314 2689 455 2729 buccis
475 2691 637 2731 easdem
658 2689 866 2731 execranti
899 2703 1054 2729 sonore
1082 2690 1355 2729 ventilantur
1412 2702 1501 2727 cum
1531 2687 1696 2743 quibus,

215 2744 367 2799 inquit,
395 2749 612 2787 anathema
643 2748 725 2787 sint
746 2755 786 2787 et
811 2747 1058 2796 catathema,
1079 2746 1337 2786 Athanasius
1365 2759 1521 2809 quoque
1552 2743 1696 2797 Syrus,

213 2810 252 2841 et
279 2801 566 2858 Apozygarius
583 2803 852 2855 Anastasius,
881 2809 959 2843 etc.
1019 2801 1059 2843 3.
1095 2802 1307 2844 Athanasii
1339 2801 1476 2843 verbis
1505 2799 1694 2855 stupefa-
