1768 3268
267 219 330 265 80
471 221 753 265 ANASTASII
794 220 1064 263 'HISTORIA
1111 215 1523 261 ECCLESIASTICA

62 344 184 391 p.218
212 343 256 378 18
268 345 310 379 et
337 351 603 387 oeconomus,
641 341 923 391 cognomento
953 335 1145 376 Hemula.
1220 339 1438 389 praetcrea
1467 329 1735 372 Macedonius

268 395 436 434 consilio
479 394 746 447 imperatoris
786 393 908 432 unire
951 392 1203 433 monasteria
1243 391 1381 444 regiae
1428 389 1542 428 urbis
1571 388 1736 442 satagit,

269 465 374 505 qnae
402 451 519 490 scissa
548 451 715 490 fuerant
743 456 925 503 propter
966 450 1162 489 enoticon
1198 447 1386 487 Zenonis.
1444 445 1516 485 sed
1547 459 1631 484 non
1660 460 1735 484 va-

267 508 350 547 lens
393 507 610 547 consilium
651 506 767 546 dedit
813 506 1089 560 imperatori,
1128 518 1212 559 quo
1243 502 1487 557 peregrinos
1516 501 1735 556 episcopos

269 563 495 604 convenire
535 568 577 603 et
623 577 730 617 quae
762 562 1024 602 Chalcedone
1051 562 1157 602 bene
1188 560 1465 614 dogmatizata
1495 559 1661 598 fuerant
1691 558 1732 597 in

267 620 429 674 seriptis
462 619 711 658 confirmare
741 619 912 658 faceret.
971 618 1086 673 quod
1128 623 1170 658 et
1195 618 1350 656 factum
1381 621 1440 656 est
1468 629 1547 669 per
1577 615 1736 654 descri-

267 683 384 731 ptam
413 676 634 715 actionem.
693 681 734 715 et
764 675 1016 715 hortabatur
1043 673 1292 714 monasteria
1324 671 1375 712 ad
1395 671 1611 722 unitatem,
1647 687 1735 710 ma-

272 733 462 787 ximeque
494 732 562 772 Dii
591 731 890 771 monasterium
919 736 961 771 et
979 731 1138 770 Basiani
1171 728 1580 771 etAcoemetensium
1610 733 1738 782 atque

269 790 501 837 Matronae,
531 802 720 842 quaeque
748 788 874 842 magis
901 787 1197 828 scindebantur
1227 786 1278 826 ab
1312 800 1361 826 eo
1396 785 1468 840 qui
1504 784 1739 838 recipiebat:>

272 845 447 884 Zenonis
481 844 690 893 enoticon‚
734 850 776 884 et
803 844 919 884 exilia
952 844 1148 884 alacriter
1178 843 1449 883 sustinebant.
1510 855 1606 881 cum
1630 854 1735 895 ergo

271 901 516 950 insisterent,
548 900 826 940 consideravit
855 900 1122 941 macedonius
1149 900 1272 954 magis
1304 899 1344 938 in
1376 898 1554 952 propria
1586 897 1737 937 volun-

272 963 356 996 tate
384 956 593 996 dimittere
625 971 692 996 eos
722 971 845 1011 quam
874 957 1208 1011 persecutionem
1256 955 1416 1010 erigere
1446 960 1598 994 contra
1627 955 1733 994 illos.

274 1015 467 1053 Matrona
497 1026 596 1051 vero
628 1018 767 1053 sancta
797 1012 931 1053 adhuc
950 1014 1100 1063 vivens,
1131 1019 1172 1052 et
1203 1027 1286 1052 non
1311 1011 1620 1051 communicans
1653 1025 1738 1050 una

270 1084 365 1108 eum
394 1069 591 1123 religiosis
611 1069 889 1109 monachabus
921 1085 1027 1124 quae
1045 1084 1138 1108 cum
1159 1068 1226 1108 illa
1257 1074 1389 1119 erant,
1417 1075 1600 1121 propter
1628 1081 1736 1108 cno-

271 1126 384 1165 tieon
414 1125 612 1175 Zenonis,
653 1126 866 1179 inopinata
897 1127 1027 1166 multa
1054 1125 1331 1175 monstravit,
1381 1124 1635 1180 Chrysaorio
1667 1138 1738 1164 ec-

271 1181 415 1221 clesiae
447 1181 625 1221 diacono
653 1182 764 1221 illam
795 1188 985 1238 cogente.
1046 1187 1088 1222 et
1119 1181 1195 1221 alia
1234 1180 1438 1235 quaedam
1469 1179 1628 1235 Sophia
1659 1195 1739 1220 vo..

272 1245 375 1291 cata,
406 1238 652 1292 insignisque
689 1237 802 1278 inter
845 1238 1203 1288 sanctimoniales,
1246 1237 1375 1277 multa
1407 1251 1522 1291 passa
1547 1252 1741 1292 magnam

271 1294 512 1349 patientiam
544 1293 858 1334 demonstravit.
898 1308 1034 1348 porro
1063 1294 1355 1334 Theodoricus
1382 1295 1483 1335 Afer
1515 1293 1741 1334 diaconum

271 1351 424 1391 hahens
466 1350 750 1389 orthodoxum
795 1349 1021 1390 admodum
1060 1366 1082 1390 a
1125 1365 1167 1390 se
1209 1350 1438 1402 dilectum,
1471 1351 1543 1405 qui
1574 1350 1741 1390 cumin

271 1407 544 1446 Arianismum
588 1406 726 1447 fuisset
764 1420 1000 1458 conversus,
1042 1407 1313 1448 Theodorieo
1343 1408 1497 1458 savem,
1527 1406 1743 1447 interemit

271 1478 363 1503 eum
392 1461 526 1516 gladio
559 1461 694 1502 dicens
722 1464 782 1503 “si
815 1463 892 1504 deo
923 1464 1047 1504 fidem
1078 1479 1162 1503 non
1198 1465 1384 1515 servasti,
1413 1478 1488 1504 nee
1524 1462 1626 1503 mihi
1651 1478 1743 1503 ser-

267 1520 415 1560 vahis.'’
446 1518 629 1558 Palladio
661 1534 762 1559 vero
783 1520 979 1574 episcopo
993 1519 1254 1560 Antiocheno
1273 1521 1486 1571 defuncto,
1507 1519 1744 1574 imperator

266 1575 388 1629 elegit
402 1574 641 1615 Flavianum
661 1577 956 1632 presbyterum
977 1584 1018 1618 et
1035 1576 1353 1632 apocrisiarium
1383 1577 1577 1617 ecclesiae
1592 1576 1744 1617 Antio-

270 1631 437 1682 chen-ae,
471 1646 599 1685 quem
640 1633 754 1672 aiunt
788 1634 1049 1688 dogmatibus
1093 1632 1438 1674 Chalcedonensis
1471 1633 1639 1673 concilii
1669 1631 1742 1672 ad-

269 1695 489 1728 versatum.
549 1695 767 1742 practerea
790 1689 1009 1745 Olympius
1043 1689 1214 1746 quidam
1245 1690 1432 1741 Arianus‚
1466 1690 1564 1730 dum
1594 1689 1636 1729 in
1653 1689 1738 1729 He-

268 1743 508 1785 lianensium
538 1745 686 1785 balneo
719 1746 933 1787 lavaretur
965 1746 1194 1787 crudeliter
1221 1746 1522 1800 blasphemans,
1552 1745 1742 1787 miserri-

267 1815 333 1841 me
364 1801 405 1839 in
442 1815 489 1841 eo
517 1808 707 1841 mortuus
736 1808 814 1853 est,
848 1802 964 1858 quod
991 1803 1033 1843 in
1062 1803 1241 1858 imagine
1273 1810 1333 1844 est
1362 1803 1590 1858 depictum.
1648 1803 1740 1843 Eu-

266 1856 482 1910 tychianus
517 1872 616 1898 vero
638 1857 823 1913 quidam,
847 1860 1008 1914 primus
1030 1859 1347 1910 diaetariorum,
1369 1860 1612 1900 muneribus
1642 1873 1740 1898 sua-

266 1926 330 1953 sus
362 1920 542 1953 erectam
571 1914 790 1968 imaginem
806 1916 991 1971 Olympii
1024 1914 1244 1973 deposuit3
1279 1917 1354 1972 qui
1381 1917 1433 1958 ab
1464 1916 1534 1957 illo
1552 1915 1619 1956 die
1648 1915 1740 1956 dire

273 1983 458 2024 corpore
488 1971 713 2011 tabefactus
737 1972 911 2013 interiit.

61 2065 97 2100 p.
115 2053 184 2088 220
212 2053 253 2087 11
378 2043 523 2082 Mundi
553 2057 660 2082 anno
693 2043 823 2095 5992,
854 2045 1019 2087 divinae
1049 2045 1348 2088 incarnationis
1378 2059 1488 2085 anno
1517 2040 1628 2096 492,
1657 2044 1740 2085 Fe-

268 2102 352 2138 stus
393 2107 562 2139 senator
605 2100 717 2151 urhis
747 2101 924 2154 Romae,
969 2103 1110 2143 missus
1165 2103 1217 2144 ad
1261 2103 1518 2144 Anastasium
1556 2106 1739 2156 propter

269 2154 466 2208 quasdam
496 2155 632 2195 civiles
663 2158 875 2211 utilitates,
909 2161 1129 2200 memorias
1171 2166 1413 2200 sanctorum
1444 2159 1739 2214 apostolorum

268 2211 491 2268 festivitate
518 2212 668 2251 maiori
706 2216 828 2267 petiit
867 2216 1084 2267 celebrari,
1116 2217 1233 2272 quod
1264 2224 1306 2257 et
1334 2222 1505 2257 tenetur
1533 2229 1664 2270 usqne
1694 2214 1738 2253 in

269 2280 474 2320 praesens.
531 2267 796 2310 Macedonius
842 2279 981 2312 autem
1010 2274 1063 2313 ad
1094 2273 1350 2314 Anastasium
1377 2274 1615 2313 Romanum
1645 2270 1737 2324 epi-

268 2337 442 2378 scopum
472 2324 714 2379 synodicum
744 2342 821 2381 per
848 2330 1017 2369 Festum
1046 2331 1216 2370 mittere
1236 2331 1378 2370 volens
1409 2327 1650 2384 prohibitus
1678 2332 1738 2366 est

270 2379 320 2418 ab
353 2380 620 2434 imperatore.
693 2398 827 2436 porro
876 2385 1020 2426 Festus
1056 2387 1270 2428 rediturus
1310 2388 1488 2428 Romam
1525 2382 1737 2439 pollicitus

271 2441 329 2499 est
360 2437 608 2491 imperatori
638 2439 848 2482 Anastasio
888 2443 1142 2496 persuadere
1180 2445 1388 2483 Anastasio
1431 2455 1567 2496 papae
1601 2441 1738 2480 Zeno-

142 2504 330 2551 p‚221nis
361 2493 556 2533 enoticon
589 2495 802 2550 recipcre;
852 2513 976 2553 quem
1021 2499 1160 2539 vivum
1184 2515 1270 2540 non
1300 2500 1512 2553 reperiens
1540 2495 1737 2550 corrupit

272 2561 349 2600 per
376 2550 570 2602 pecunias
604 2552 782 2605 multos,
833 2560 874 2594 et
908 2556 1031 2608 elegit
1070 2563 1243 2610 praeter
1271 2553 1614 2596 consuetudinem
1644 2554 1735 2593 Ro-

272 2617 490 2645 manorum
523 2606 763 2662 episcopum
782 2611 1054 2651 Laurentium
1082 2613 1303 2668 quendam,
1331 2612 1403 2667 qui
1431 2611 1648 2651 ordinatus
1677 2615 1737 2649 est

272 2659 323 2698 ab
354 2675 434 2700 una
465 2669 598 2715 parte.
659 2665 979 2707 orthodoxiores
1000 2674 1140 2708 autem
1164 2673 1516 2709 consecraverunt
1547 2668 1737 2721 Symma-

271 2715 408 2779 chum,
437 2733 563 2758 unum
591 2735 638 2760 ex
660 2722 919 2763 diaconibus.
977 2723 1074 2764 hinc
1093 2739 1193 2779 ergo
1221 2726 1483 2766 turbationes
1501 2724 1656 2764 multae
1688 2735 1735 2761 ae

270 2770 486 2812 hominum
512 2782 664 2829 strages
708 2784 750 2817 et
781 2779 952 2831 rapinae
987 2787 1176 2833 patratae
1226 2789 1321 2822 sunt
1359 2796 1439 2836 per
1479 2794 1608 2820 annos
1636 2785 1732 2827 tres,

273 2841 488 2883 usquequo
520 2830 707 2874 videlicet
722 2831 1009 2875 Theodoricus
1038 2837 1231 2893 princeps
1261 2845 1360 2879 tunc
1375 2840 1551 2879 Romam
1572 2843 1730 2884 tenens,
