1728 3184
238 144 334 192 592
742 148 817 191 ΑΙ)
849 149 1222 193 ΤΗΕΟΡΗΑΝΕΜ

225 270 271 315 τὰ
304 272 557 326 βασιλεῦσαι
588 271 729 316 αὐτόν.
785 291 906 333 quam
926 277 1144 332 Augustam
1173 285 1448 332 coronaverat,
1493 291 1579 318 eum
1603 280 1695 334 pri-

227 345 333 371 mum
362 330 455 371 iniit
481 331 711 386 imperium.

339 400 435 454 264,
460 401 524 442 13.
582 402 824 456 γυρεύουσα
856 404 905 446 δὲ
932 403 1007 453 τὰς
1037 401 1191 452 πόλεις.

339 474 434 529 265,
467 474 529 516 13.
588 473 729 528 ἕτερον
754 477 864 530 πῦρ·
922 476 968 518 ἐκ
988 478 1064 518 τοῦ
1093 471 1219 532 ἆέρος
1239 473 1297 526 ὥς
1328 479 1562 534 σπινθῆρος
1593 493 1694 521 κατ..

225 528 422 588 ἤρχοντο,
452 530 527 572 καί
553 533 790 589 κατέκαιον]
820 535 917 589 Reg.

337 603 435 657 266,
453 605 492 648 9.
551 603 654 653 δούς
681 603 926 660 κεντηνάρια
955 603 1018 655 ε’]
1052 606 1231 648 cedron.
1263 607 1388 649 habet
1417 604 1464 660 ν’,
1493 610 1699 665 quinqua-

224 662 357 717 ginta,
387 661 502 718 quod
537 667 579 703 et
598 662 751 717 Regiae
785 663 1104 712 munificentiae,
1135 670 1176 703 et
1205 670 1346 705 tantae
1367 664 1543 705 civitatis
1573 680 1696 719 prae-

223 718 406 760 sentibus
430 718 559 770 malis,
594 718 804 774 quadrare
828 719 954 773 magis
971 719 1175 760 videatur.
1192 721 1375 774 Procop.
1409 721 1514 765 lib.1
1544 723 1694 763 Persic.

224 773 336 815 ἕλκει
365 772 514 827 λίτρας
547 772 816 828 κεντηνάριον
842 771 1009 828 ἕκατον,
1049 774 1124 830 ἀφ’
1163 770 1217 816 οὗ
1257 773 1308 830 δὴ
1340 775 1414 818 καί
1439 774 1695 831 ὠνόμασται.

223 831 334 872 idem
364 830 456 874 Isid.
488 830 606 886 Orig.
637 831 710 871 lib.
737 829 787 872 16
815 845 908 885 cap.
940 829 1006 874 24.

335 903 443 944 Ibid.
466 898 531 943 14.
589 901 664 942 καί
690 900 766 942 τὸν
797 898 997 956 ἔπαρχον,
1026 902 1100 943 καί
1124 900 1197 944 τόν
1225 901 1306 945 α’πό
1340 899 1556 959 ἐπάρχων]
1589 906 1691 960 Reg.

219 958 471 1016 praefectum
504 968 545 1000 ct
567 959 890 1015 expraefectum.

331 1036 432 1092 268,
461 1037 504 1078 8.
559 1035 758 1092 γενέσθαι
789 1036 1071 1092 Χριστιανός.
1102 1039 1177 1079 καί
1202 1041 1428 1091 συγγενεῖς.

333 1117 444 1159 Ibid.
480 1115 545 1157 13.
601 1114 973 1171 ἐπαγγειλάμενος]
1006 1117 1104 1172 Reg.
1147 1113 1406 1168 ἐστράτευσε
1438 1117 1485 1158 δὲ
1514 1115 1587 1158 ὑπ’
1613 1118 1697 1158 av’-

218 1171 291 1216 τὸν
318 1173 550 1226 Ἀρμενίων
589 1172 763 1227 πλῆθος.
822 1174 890 1213 illi
920 1174 1112 1225 subiecit,
1146 1175 1218 1214 sub
1260 1188 1308 1214 eo
1353 1174 1486 1214 voluit
1514 1176 1697 1216 militare

217 1231 504 1272 Armeniorum
532 1230 699 1286 copias.-
729 1231 815 1285 ipse
848 1229 1049 1271 nimirum
1080 1230 1330 1271 lastinianus
1359 1230 1533 1272 militiae
1563 1233 1696 1286 magi..

217 1293 350 1330 strum
378 1286 608 1327 instituens.

331 1358 427 1411 269,
461 1358 526 1400 10.
584 1358 825 1413 παρέλαβεν
853 1354 881 1411 ἦ
912 1355 1024 1414 αὐτῇ
1060 1356 1236 1414 Βόαρηξ
1262 1357 1494 1413 παριόντας
1525 1356 1596 1401 διά
1626 1360 1702 1414 τῆς

216 1413 368 1472 χώρας
398 1415 544 1471 αϋτῆς]
574 1415 632 1457 sic
663 1416 826 1471 integre
851 1416 953 1470 Reg.

329 1489 426 1542 270,
455 1489 493 1531 2.
550 1488 597 1530 ἐκ
626 1486 705 1529 τοῦ
736 1488 974 1543 συνθελεῖν]
1006 1488 1102 1529 Vat.
1145 1488 1272 1544 Peyr-

326 1563 438 1603 Ihid.
478 1564 518 1607 3.
574 1561 662 1602 κατ’
693 1557 800 1616 ἔτος]
833 1561 905 1601 uhi
948 1561 1180 1615 supplenda
1214 1563 1361 1602 lacuna
1391 1576 1437 1602 ex
1467 1564 1697 1609 Anmtasio,

219 1619 283 1661 uti
315 1620 524 1675 supplevit
565 1619 617 1659 P.
650 1620 800 1659 Goar:
845 1617 916 1658 sed
957 1615 1057 1657 α’ντί
1097 1619 1176 1657 τοῦ
1203 1615 1452 1672 τριβούνων,
1485 1634 1698 1673 reponen-

217 1676 317 1716 dum
351 1675 589 1728 τριβοῦνον.
670 1689 755 1714 non
797 1674 907 1714 enim
939 1675 1213 1714 tribunorum
1259 1690 1438 1729 gregem,
1467 1675 1536 1714 sed
1570 1691 1698 1716 unum

218 1733 290 1773 uni
320 1732 417 1773 urbi
445 1732 640 1786 oportuit
670 1745 754 1772 esse
779 1732 1058 1785 praefectum;
1092 1745 1217 1786 quem
1245 1738 1286 1771 et
1314 1731 1582 1785 postmodum
1597 1733 1720 1785 Dal-⁴

216 1789 392 1829 matium
421 1789 590 1829 nomine
624 1788 807 1828 occisum
839 1793 1046 1827 memorat
1073 1787 1125 1827 ab
1163 1787 1297 1826 Unnis
1327 1788 1564 1841 gentilibus.
1593 1789 1700 1829 male

217 1860 321 1900 ergo
356 1845 608 1899 exscriptuS,
640 1851 682 1884 et
722 1858 934 1897 expressus
966 1857 1124 1892 error,
1160 1857 1285 1898 quem
1322 1844 1454 1884 nolIm
1484 1846 1701 1898 Anastasii‚

216 1902 289 1944 sed
318 1901 533 1942 oscitantis
563 1901 804 1956 antiquarii.

329 1974 440 2014 Ibid.
475 1972 541 2014 19.
599 1968 727 2028 ῥῆγα.
782 1968 857 2012 καὶ
900 1966 1154 2024 ἐστράτευσε
1196 1969 1314 2021 κατὰ,
1336 1970 1479 2012 αΰτῶν
1509 1968 1602 2024 ἅμα
1627 1972 1701 2015 καὶ

218 2029 444 2074 Γωὸίλλαν
477 2027 548 2070 διὰ
575 2029 651 2082 γῆς
680 2024 762 2069 ἀπὸ
790 2027 1044 2083 Ὀδυσσοπ.]
1079 2029 1206 2069 Barb.
1232 2029 1355 2084 Peyr.
1373 2035 1454 2069 eie.
1486 2044 1570 2070 ιιπα
1595 2044 1699 2085 quo-

217 2103 293 2144 que
334 2088 378 2128 in
407 2101 474 2127 eos
513 2086 676 2126 immisit
714 2085 892 2125 terrestri
921 2084 1064 2124 itinere
1109 2085 1164 2124 ab
1204 2084 1443 2141 Odyssipoli
1473 2087 1700 2135 Godillam,

219 2151 299 2186 etc.
330 2143 466 2184 activa
494 2142 653 2197 ubique
681 2140 996 2195 significatione.
1067 2139 1374 2196 καθῃρέθησαν
1404 2139 1463 2189 ὥς
1489 2141 1700 2194 παιδερά-

221 2214 321 2242 σται
352 2197 611 2252 εὖρεθὲντες.
637 2199 734 2252 Reg.
764 2198 939 2253 depositi
970 2206 1064 2236 sunt
1091 2211 1183 2237 cum
1211 2199 1484 2238 masculorum
1514 2199 1698 2238 libidinis

221 2258 285 2298 rei
312 2255 546 2313 deprehensi
558 2263 709 2294 essent.-
743 2252 1022 2307 praecedente
1042 2253 1238 2293 nimirum
1263 2254 1560 2309 episcoporum
1589 2255 1701 2295 iudi-

221 2314 315 2365 cio,
345 2326 532 2368 quorum
560 2315 622 2351 est
648 2307 693 2351 τὸ
722 2311 961 2362 καθαίρειν.
991 2309 1186 2365 depositio
1215 2315 1295 2351 etc.

333 2385 430 2435 272,
463 2384 502 2425 2.
559 2381 634 2424 καί
649 2381 812 2435 ἐγένετο
836 2376 966 2436 φόβος
995 2380 1137 2436 πολύς,
1163 2379 1238 2423 καί
1264 2381 1500 2437 ἀσφάλεια]
1531 2384 1697 2424 excide..

222 2448 323 2483 runt
358 2440 598 2496 interpreti.
635 2440 728 2479 hinc
764 2439 902 2493 ingens
928 2439 1084 2479 incessit
1110 2440 1258 2486 timor,
1301 2453 1536 2495 magnaque
1579 2439 1700 2481 dein—

219 2515 308 2556 ceps
337 2499 477 2540 cautio
505 2496 707 2537 adhibita.

222 2629 259 2668 R
332 2569 437 2668 21723,
469 2570 535 2611 12.
606 2567 667 2616 εἰς
695 2565 741 2609 τὸ
784 2563 1010 2620 λεγόμενον
1059 2567 1288 2621 λίθαργον]
1342 2567 1464 2609 Barb.
1505 2567 1699 2622 λίθαργω

261 2643 321 2684 eg.
393 2642 485 2684 cyr.

333 2697 427 2751 274,
464 2699 502 2740 2.
563 2693 863 2747 διαδεξάμενος
887 2691 1083 2736 Ὑπάτιον
1124 2693 1197 2736 τὸν
1227 2698 1448 2751 πατρικίου
1476 2697 1698 2739 §cacavum

223 2758 314 2813 νου]
345 2758 402 2798 sic
432 2756 591 2798 emend.
635 2755 768 2811 liquet
809 2767 855 2793 ex
899 2751 1059 2807 saepius
1094 2753 1283 2807 repetitis
1323 2754 1375 2795 de
1405 2754 1589 2809 Hypatio
1620 2755 1696 2795 Se-
