1728 3184
635 214 643 227 ’
662 215 666 218 ’
694 215 699 219 ·
739 202 953 247 NOTAE.
1485 197 1586 250 445

112 313 443 369 pluviamagna
471 310 665 354 redditur
690 312 744 353 ab
770 313 999 366 Anastasio,
1030 326 1155 368 quem
1179 328 1348 370 sequor,
1382 322 1426 357 et
1455 319 1587 358 conti..

115 385 237 411 nuum
262 371 437 427 pluviae
455 367 705 426 profluvium
737 369 861 409 verti.
896 369 1091 421 χειμῶνα
1120 385 1301 426 namque
1331 375 1586 415 recentiores

114 428 265 468 Graeci
295 433 451 471 vocant
477 427 672 466 imbrium
709 427 893 480 copiam.-
923 431 965 464 et
991 440 1039 466 ex
1068 427 1163 480 gelu
1179 428 1265 467 sive
1291 428 1465 483 frigore,
1496 444 1581 470 non

113 496 250 538 aeque
278 497 328 523 ac
356 483 509 538 pluviis
537 481 833 523 inundantibus
873 487 916 522 et
942 482 1151 523 continuis
1181 483 1383 526 frumenti
1413 487 1585 542 vinique

111 539 291 594 penuria
319 539 426 581 solet
453 552 682 595 emergere.

220 602 319 654 349,
343 606 380 647 1.
439 603 678 661 διαστροφὴ
709 602 809 657 περὶ
835 605 912 645 τοῦ
941 602 1066 658 ἇγιόυ
1093 604 1258 659 πάσχα]
1290 608 1431 649 locum
1460 611 1584 651 istum

88 675 191 716 ›pro
222 668 357 703 textus
382 663 596 704 brevitate
625 662 908 717 caliginosum,
938 662 1156 716 superfuso
1187 679 1359 719 quoque
1381 666 1582 721 Scaligeri

108 732 261 760 errore
287 719 502 761 redditum
533 720 823 760 obscuriorem
851 719 891 758 iu
925 720 1042 759 bono
1074 719 1230 761 lumine
1258 722 1470 775 positurns
1498 723 1582 763 Pe-

106 775 256 824 tavius,
285 776 359 816 uhi
386 781 578 831 patentes
619 775 755 816 radios
800 775 998 830 effulgere
1038 776 1223 826 censuit,
1251 779 1295 816 in
1338 779 1581 832 oppositum

106 832 273 872 obicem
303 839 348 873 et
365 834 452 874 eius
480 833 674 873 umbram
706 832 898 872 incautus
930 831 1079 872 incidit
1095 832 1352 874 Protheoria
1380 834 1432 874 ad
1461 841 1580 875 notas

103 888 146 927 in
176 888 476 944 Nicephorum,
504 897 546 930 et
579 889 631 930 de
656 888 772 929 doct.
802 895 931 942 temp.
951 885 1066 929 lih.4
1096 902 1185 943 cap.
1208 885 1275 930 24.
1331 890 1466 931 lucem
1498 893 1580 932 ita—

103 960 186 1001 que
214 946 388 1000 reperst,
415 961 565 987 verum
594 946 787 986 umbram
829 960 913 986 non
948 945 1092 999 effugit
1119 947 1298 1000 penitus.
1358 948 1578 988 illustravit

100 1017 198 1043 sane
221 1001 298 1058 τὴν
327 999 592 1057 διαστροφήν
620 1003 697 1042 τοῦ
721 1000 843 1054 ἁγίου
874 995 1049 1054 πάσχα·
1077 1002 1413 1057 immutationem,
1442 1005 1579 1046 dicam

99 1059 255 1114 potius,
288 1073 414 1114 quam
434 1074 530 1099 cum
560 1059 772 1099 Anastasio
794 1064 836 1098 et
858 1058 1040 1098 miscella
1066 1060 1206 1099 sancti
1222 1062 1436 1114 paschatis
1458 1076 1577 1101 ever-

97 1117 270 1167 sionem,
314 1116 381 1156 vel
407 1130 503 1155 cum
534 1116 622 1156 aliis
660 1116 843 1155 ordinem
871 1129 1116 1170 perversum.
1176 1130 1272 1155 nam
1301 1131 1397 1156 cum
1426 1132 1474 1158 ex
1502 1132 1578 1158 ca-

99 1185 212 1213 none
238 1172 421 1214 Nicaeno
464 1188 546 1213 una
593 1186 688 1211 cum
718 1171 875 1211 ludaeis
916 1177 958 1211 et
997 1170 1372 1226 quartadecimanis
1407 1188 1575 1214 sacrum

96 1228 248 1283 pascha
274 1228 491 1270 celebrare
519 1228 761 1269 Christianis
789 1229 900 1267 nefas
928 1228 993 1277 sit,
1024 1233 1066 1268 et
1094 1235 1245 1282 quarta
1275 1229 1434 1271 decima
1476 1229 1574 1271 luna

96 1287 139 1325 in
173 1285 285 1325 diem
330 1285 590 1326 dominicum
618 1285 853 1335 incidente,
880 1285 922 1323 in
953 1284 1080 1323 alium
1108 1292 1352 1340 sequentem
1382 1287 1574 1340 paschale

93 1342 245 1382 festum
271 1342 431 1383 remitti
462 1342 710 1383 conveniat:
754 1354 864 1380 anno
902 1340 1114 1381 Iustiniani
1149 1342 1312 1382 decimo
1342 1357 1471 1393 nono,
1504 1344 1573 1384 die

95 1397 308 1439 dominico
338 1405 381 1439 et
419 1399 517 1438 luna
558 1405 710 1454 quarta
754 1398 914 1437 decima
953 1399 1329 1450 concurrentibus,
1372 1414 1422 1439 ac
1448 1400 1570 1440 simul

94 1454 135 1494 in
168 1455 322 1510 Aprilis
368 1455 479 1496 diem
521 1456 706 1510 primum
746 1454 1048 1503 incidentibus,
1082 1455 1318 1507 paschalem
1342 1457 1570 1496 celebrita-

90 1517 199 1563 tem,
235 1526 288 1552 ne
332 1511 490 1552 ludaeis
531 1520 573 1552 et
603 1511 979 1567 quartadecimanis
1014 1511 1185 1551 ecclesia
1225 1514 1492 1563 consentiret,
1526 1514 1568 1553 in

90 1566 200 1608 diem
229 1569 355 1609 alium
383 1568 585 1612 dominic.
629 1568 702 1623 qui
732 1567 882 1622 Aprilis
923 1573 1094 1606 octavus
1136 1573 1387 1608 numeratur
1426 1575 1568 1609 trans-

90 1625 194 1665 ferri
225 1626 431 1680 oportuit.
489 1631 724 1680 prorogata
768 1638 870 1664 vero
915 1624 1121 1677 paschatis
1152 1624 1437 1673 solemnitate,
1471 1640 1567 1664 cum

86 1682 409 1736 carnisprivium
451 1682 625 1722 subinde
664 1680 870 1736 protelari
913 1679 1082 1731 deceat,
1119 1686 1305 1736 utroque
1347 1681 1567 1721 Iustiniani

85 1738 251 1790 edicto,
280 1740 322 1778 in
351 1737 655 1779 hebdomadem
687 1738 809 1778 aliam
839 1737 984 1786 dilato,
1017 1737 1212 1790 populus,
1242 1746 1287 1778 ut
1319 1737 1446 1778 iussus
1475 1739 1567 1778 fue-

85 1801 167 1846 rat,
196 1794 401 1849 paschatis
436 1797 599 1851 peregit
641 1796 815 1842 festum;
857 1794 1179 1847 carnisprivium
1213 1801 1354 1834 autem
1386 1809 1434 1834 ex
1464 1794 1564 1849 imp·

81 1853 242 1891 sancito
272 1851 340 1892 die
367 1857 529 1891 tantum
571 1852 795 1891 undecimo
829 1850 1122 1904 statuendum,
1154 1850 1272 1906 quasi
1299 1850 1452 1905 pascha
1485 1850 1563 1891 ka-

81 1906 223 1948 lendas
242 1908 411 1963 Apriles
430 1914 686 1964 occupasset,
718 1908 786 1948 die
803 1907 1029 1948 Februarii
1053 1913 1210 1963 quarto
1244 1907 1401 1948 obivit:
1433 1912 1563 1963 atque

81 1964 140 2004 ita
170 1963 431 2006 hebdomade
462 1980 557 2016 una,
586 1966 679 2019 plus
708 1979 832 2021 quam
849 1979 929 2018 par
955 1964 1081 2014 foret,
1114 1970 1187 2004 aut
1210 1963 1395 2019 exigeret
1423 1964 1564 2004 eccle-

78 2020 163 2060 siae
181 2021 257 2071 lex,
271 2021 469 2062 ieiunasse
488 2028 681 2077 repertus
705 2029 779 2062 est.
809 2020 924 2072 haec,
946 2027 992 2061 ut
1014 2021 1203 2071 Petavio,
1223 2022 1281 2061 ita
1301 2021 1405 2061 mihi
1424 2025 1559 2062 textus

81 2076 278 2118 illustrati
301 2077 460 2119 arridet
483 2079 708 2133 expositio:
737 2093 847 2134 quae
868 2079 1062 2132 sequitur
1089 2078 1200 2132 apud
1222 2092 1319 2118 eum
1337 2077 1439 2117 locis
1465 2091 1557 2116 me..

77 2134 252 2173 moratis
271 2134 323 2175 de
338 2136 603 2175 Graecorum
617 2135 966 2190 quadragesimali
993 2134 1151 2175 ieiunio
1178 2135 1430 2184 observatio,
1454 2133 1556 2174 mibi

76 2190 334 2246 veritatique
361 2191 524 2245 penitus
544 2192 802 2232 adversatur.
821 2190 1035 2232 sciendum
1055 2197 1128 2242 est,
1151 2191 1290 2246 inquit
1315 2190 1557 2245 posteriore

75 2245 185 2295 loco,
204 2248 388 2288 Graecos
416 2247 771 2303 quadragesimale
788 2263 908 2288 suum
938 2255 1117 2302 tempus,
1139 2254 1182 2287 et
1208 2243 1376 2299 α’ποχήν
1403 2246 1512 2286 inire
1530 2261 1555 2286 a

74 2302 287 2344 dominica
313 2305 595 2358 sexagesimae,
626 2305 770 2345 diebus
802 2311 898 2345 ante
924 2305 1076 2359 pascha
1105 2303 1185 2354 56,
1218 2308 1267 2343 ut
1298 2317 1345 2343 ex
1383 2302 1554 2343 Maximi

72 2366 289 2414 computo,
319 2366 362 2401 et
380 2360 530 2401 Albino
546 2361 699 2401 Flacco
728 2362 801 2402 lib.
825 2360 877 2402 de
908 2362 993 2402 div.
1025 2360 1133 2401 offic.
1165 2374 1255 2414 cap.
1284 2359 1336 2399 de
1363 2363 1552 2413 septuag.

70 2416 220 2471 liquet,
252 2418 368 2457 cuius
387 2417 570 2458 instituti
610 2432 662 2458 ea
680 2418 790 2458 ratio
819 2424 893 2458 est.
940 2432 1037 2458 cum
1081 2417 1191 2458 enim
1210 2415 1394 2463 Graeci,
1431 2421 1479 2455 ut
1506 2422 1553 2456 et.

70 2472 361 2515 Occidentales
391 2474 465 2525 (sic
494 2474 651 2529 quippe
680 2473 900 2529 legendum
931 2482 1038 2528 puto
1055 2505 1067 2524 ‚
1096 2488 1181 2513 non
1215 2470 1464 2523 Orientales)
1492 2467 1551 2511 40

68 2529 222 2570 solidos
255 2531 341 2571 dies
386 2531 541 2571 ieiunio
587 2531 728 2571 dicare
758 2536 962 2571 statutum
1001 2531 1202 2571 babeant:
1232 2542 1280 2567 ac
1309 2541 1446 2581 neque
1472 2527 1550 2567 do.-

0 2583 7 2587 ’
68 2586 230 2628 minicis
260 2586 403 2628 diebus
431 2602 568 2643 neque
597 2587 791 2638 sabbatis,
825 2603 910 2628 nno
941 2594 1113 2641 excepto
1143 2583 1326 2640 paschali
1357 2584 1548 2649 ieiunare

66 2643 253 2684 soleant:
293 2658 457 2685 neeesse
497 2650 558 2684 est
599 2651 647 2684 ut
677 2645 850 2684 initium
886 2645 971 2684 τῶν
1016 2637 1348 2693 α’ποκρεωσίμων
1377 2640 1548 2692 ημερῶν

66 2705 346 2743 antevertant.
405 2716 500 2740 nam
533 2703 720 2742 Romana
750 2701 922 2742 ecclesia
960 2692 1306 2751 τεσσαρακοστήν
1336 2710 1451 2735 suam
1480 2697 1547 2736 in-

66 2755 172 2811 cipit
191 2770 215 2796 a
234 2757 444 2798 dominica
462 2758 596 2811 prima
615 2757 970 2813 quadragesimae,
987 2770 1094 2811 quae
1115 2755 1166 2794 ab
1184 2752 1395 2794 dominica
1417 2752 1546 2808 qnin-

66 2813 326 2868 quagesimae
353 2815 544 2868 proxima
577 2821 653 2856 est.
686 2815 739 2856 ab
768 2814 850 2856 hoc
878 2828 980 2855 vero
1010 2812 1077 2853 die
1108 2810 1161 2852 ad
1189 2810 1411 2852 sabbatum
1451 2824 1544 2849 ma-
