1728 3184
141 169 237 214 728

138 273 306 309 Neoresii
333 281 459 321 portus
489 275 552 309 ΟΡ.
580 274 660 316 568,
691 275 721 308 1.

138 323 373 369 Ncphtalitae
385 323 480 357 Unni
509 323 680 356 Peroxem
698 322 744 356 ad
769 328 846 357 tur-

182 384 266 418 pem
291 371 518 405 deditionem
542 376 678 414 cogunt
693 370 771 414 188,
791 370 845 404 14.

187 421 320 454 iterum
358 419 445 453 dolo
482 418 686 465 profligant,
715 431 756 452 ac
784 419 845 453 in-

186 468 362 501 terimunt
392 467 471 509 189,
499 467 552 501 19.

135 515 366 561 Nepotianus
384 516 516 550 Caesar
540 515 579 548 in
593 515 844 559 Magnentium

186 565 355 604 directus,
367 563 412 597 ab
431 563 558 596 eodem
571 563 736 596 sublatus
747 562 843 603 67,5.

136 612 361 657 Nepotianus
374 612 540 646 Dalmata
555 613 751 657 imperator
767 607 843 652 184,

136 708 270 742 Nestor
309 707 500 742 Tarsensis
540 706 768 741 orthodoxus
805 705 845 739 in

184 757 332 790 exilium
351 757 476 802 pulsus
497 756 578 793 207,
606 755 641 788 4.

136 805 327 839 Nestorius
354 805 420 839 GP.
449 805 640 849 episcopus
655 802 845 837 Germani-

183 854 238 886 cia
266 852 441 887 oriundus
468 853 547 890 135,
577 851 632 885 19.
679 851 845 884 oratioue

184 912 252 947 per
275 901 481 945 Syncellum
507 911 527 933 e
565 900 712 945 pulpito
737 898 846 938 dicta,

183 951 218 983 S.
246 950 394 982 Mariam
420 949 479 982 dei
507 948 719 992 genitricem
747 951 845 980 vetat

183 998 362 1044 appellari
378 997 455 1036 136,
471 995 501 1029 1.
529 995 656 1039 Cyrilli
670 994 843 1028 Alexand.

182 1047 327 1079 loannis
349 1043 503 1078 Antioch
530 1043 727 1078 Caelestini
743 1044 842 1076 Rom.

183 1094 302 1128 literis
317 1093 499 1138 minisque
514 1093 645 1126 frustra
660 1091 705 1124 ah
716 1090 844 1124 haere-

183 1143 212 1175 si
239 1141 444 1175 deterretur
464 1139 588 1181 1325.
617 1139 844 1186 imperatoris

181 1201 279 1223 sacra
317 1189 491 1233 Cyrillum
530 1194 665 1222 terrere
693 1192 846 1221 conatur

181 1238 231 1271 ib.
257 1236 312 1271 19.
341 1237 387 1270 ad
417 1238 494 1270 eius
520 1248 664 1270 causam
690 1247 844 1281 cognos-

182 1285 337 1319 cendam
365 1284 501 1318 indicta
524 1283 683 1328 synodus
710 1283 843 1330 Ephesi

184 1334 264 1375 138,
292 1333 326 1366 4.
361 1333 520 1368 Nestorii
552 1331 779 1378 blasphemia
807 1332 844 1366 in

181 1381 348 1426 synodo,
378 1393 419 1415 ac
447 1381 676 1415 contumacia
705 1381 754 1414 ib.
787 1380 842 1413 19.

182 1430 414 1476 depositione
438 1429 640 1471 damnatus,
655 1429 843 1473 Cyrillum,

183 1491 224 1512 ac
251 1479 481 1512 Memnonem
501 1478 580 1524 ipse
598 1490 678 1511 cum
706 1479 843 1511 Ioanne

183 1526 416 1561 Antiocheno
464 1525 616 1572 deponit
658 1525 748 1566 139,
784 1525 842 1559 21.

184 1574 435 1608 Orientalibus
473 1587 593 1608 comes
635 1573 845 1618 adiungitur

185 1622 264 1663 141,
292 1623 326 1657 2.
356 1623 490 1666 multos
517 1623 570 1657 ibi
601 1623 637 1655 in
664 1622 844 1655 haeresim

181 1671 329 1705 trahens
344 1672 503 1704 Thasum
536 1671 716 1715 relegatur
742 1670 792 1703 ib.
810 1669 844 1703 8.

181 1721 274 1753 tristi
290 1720 366 1753 illic
380 1719 479 1754 exitu
496 1720 607 1753 vitam
622 1719 704 1753 finit
719 1718 797 1758 142,
812 1718 843 1752 7.

133 1768 362 1801 nestorianis
401 1767 569 1802 addictae
621 1779 642 1800 a
683 1767 844 1801 Chosroe

181 1815 444 1849 catholicorum
476 1816 650 1850 ecclesiae
676 1813 759 1855 484,
788 1813 843 1849 14.

185 1864 231 1897 ab
257 1864 426 1897 Heraclio
456 1865 500 1898 iis
518 1864 843 1905 restitutae505‚5.

134 1911 269 1946 Nicaea
299 1912 394 1957 gravi
409 1912 605 1947 obsidione
616 1917 754 1946 tentata
770 1924 845 1946 ser-

182 1966 287 1994 vatur
314 1959 397 2001 624,
419 1960 452 1994 5.

134 2008 295 2042 Nicaena
335 2006 512 2052 synodus:
558 2013 681 2053 patres
724 2008 762 2041 in
803 2018 844 2042 ea

181 2056 393 2103 praecipui3
422 2056 608 2102 praesides
631 2056 689 2097 30,
703 2056 736 2090 2.
764 2057 844 2090 eius

183 2111 277 2145 acta,
303 2104 388 2138 fidei
402 2104 601 2144 decretum,
614 2104 757 2138 Meletii
783 2116 843 2137 or-

183 2153 342 2194 dinatio,
368 2153 585 2188 constitutio
612 2151 657 2186 de
670 2151 843 2199 paschate

182 2201 240 2242 30,
270 2201 323 2234 14.
344 2200 401 2241 31,
430 2200 484 2234 17.

135 2249 364 2295 Nicephorius
380 2249 674 2283 Armeniacorum
697 2249 770 2282 dux
797 2249 842 2282 ab

184 2299 234 2331 eis
265 2299 302 2331 iu
321 2309 498 2331 carcerem
511 2298 695 2331 coniectus
709 2298 790 2338 722,
805 2298 839 2331 2.

134 2345 365 2391 Nicephorus
379 2347 494 2380 Ducas
513 2346 551 2379 in
567 2346 720 2381 Africam
753 2357 840 2392 pro-

183 2395 289 2440 fugus
310 2394 390 2436 705,
422 2393 476 2427 14.

134 2441 360 2487 Nicephorius
376 2443 556 2487 generalis
575 2441 760 2487 logotheta
773 2442 841 2475 im-

180 2491 321 2537 perium
347 2492 503 2536 capessit
529 2490 609 2532 738,
638 2490 672 2524 3.
698 2490 840 2537 imperii

182 2540 260 2572 eius
287 2539 432 2572 sinistra
462 2539 663 2585 praeludia.

180 2588 354 2632 pecunias
383 2599 508 2621 omnes
533 2587 578 2620 ab
601 2589 704 2620 irene
729 2587 842 2630 exigit

181 2635 262 2675 739,
277 2635 330 2668 18.
358 2634 511 2670 sublatis
529 2635 710 2669 thesauris
727 2635 763 2668 in
781 2635 838 2667 in-

181 2683 296 2716 sulam
311 2685 498 2728 principis,
518 2689 670 2730 tumque
683 2683 841 2717 Lesbum

181 2731 282 2764 eiicit
294 2731 373 2772 742,
392 2733 445 2766 17.
471 2731 619 2773 743,12.
642 2731 839 2765 Bardanem

180 2779 370 2825 patricium
406 2781 512 2814 orbat
546 2780 661 2814 oculis
688 2779 840 2819 745,16.

180 2828 225 2861 ab
268 2827 448 2862 Arabibus
496 2829 638 2875 praelio
681 2829 840 2863 vincitur

777 171 946 213 lNDEX

964 273 1044 313 746,
1075 272 1129 305 10.
1180 272 1354 315 Ancyram
1381 271 1527 316 aliaque
1555 280 1622 316 op-

962 322 1049 368 pida
1077 326 1220 366 reparat
1245 319 1296 353 ib.
1331 319 1386 353 17.
1437 317 1623 364 Nicepho-

963 381 1040 403 rum
1072 369 1251 402 Asecretis
1266 365 1506 414 patriarcham
1531 377 1622 400 con-

961 418 1086 452 stituit
1112 415 1193 458 747,
1221 416 1256 449 8.
1319 415 1364 448 ab
1401 414 1545 448 Aarone
1575 414 1623 448 ad

962 472 1105 511 turpem
1134 476 1261 510 pacem
1285 464 1429 509 cogitur
1453 462 1534 504 748,
1564 463 1620 496 11.

960 526 1035 548 non
1063 514 1214 547 servatis
1232 523 1311 546 cum
1327 523 1370 546 eo
1385 512 1503 556 pactis
1525 511 1621 544 mala

960 563 1034 596 alia
1062 560 1348 602 accersit749‚2.
1379 559 1497 593 filium
1515 559 1621 592 Stau-

961 611 1098 644 racium
1132 609 1284 643 alterius
1319 619 1473 654 sponsae
1506 609 1621 640 virum

959 659 1150 702 coniungit
1179 657 1259 697 750,
1279 656 1332 691 10.
1358 655 1545 690 Arsaberis
1557 667 1623 702 pa-

961 707 1054 741 tricii
1083 704 1313 750 tyrannidem
1339 705 1547 750 comprimit
1569 704 1620 738 il».

965 755 1019 788 18.
1044 755 1179 788 milites
1210 753 1501 793 tumultuantes,
1532 765 1621 786 con-

961 809 1014 836 tra
1054 803 1160 836 {idem
1187 801 1367 835 dirissime
1405 800 1511 845 punit
1537 800 1620 842 753,

965 851 1019 884 17.
1062 851 1294 894 Euthymium
1323 847 1548 894 spatharium
1574 847 1622 881 ad

961 899 1132 943 Bnlgaros
1151 898 1376 942 transfugere
1400 898 1498 941 cogit
1523 896 1620 931 ib.7.

961 947 1188 981 Christianos
1202 946 1336 978 milites
1348 946 1384 978 in
1400 939 1621 987 Sclayiniam'

961 996 1135 1029 transfert
1165 994 1245 1034 755,
1273 994 1302 1027 1.
1341 994 1438 1037 leges
1463 993 1619 1039 iniquis-

961 1044 1067 1078 simas
1096 1043 1222 1077 condit
1243 1042 1292 1075 ib.
1318 1041 1351 1075 9.
1380 1041 1620 1082 Manichaeis,

961 1093 1121 1138 aliisque
1139 1089 1332 1124 haereticis
1347 1090 1509 1124 amicitia
1536 1089 1622 1123 iun-

962 1147 1052 1176 ctus.
1069 1139 1271 1173 catholicos
1282 1138 1380 1171 varie
1396 1138 1523 1182 affligit
1537 1137 1619 1178 759,

961 1189 994 1223 7.
1025 1189 1079 1223 17.
1131 1187 1307 1220 avaritiae
1355 1186 1622 1220 addictissimus

961 1236 1042 1278 760,
1072 1234 1125 1270 14.
1173 1235 1280 1268 deum
1314 1234 1383 1268 sibi
1419 1246 1482 1268 cor
1510 1233 1621 1267 indu-

961 1296 1056 1319 rasse
1083 1285 1195 1318 iactas
1221 1283 1300 1323 761,
1330 1282 1384 1317 16.
1411 1283 1622 1328 expeditio—

958 1345 1015 1367 nev
1032 1333 1070 1366 in
1084 1334 1266 1372 Grumum,
1286 1333 1512 1378 interceptus
1539 1342 1622 1364 cum
1678 1332 1686 1339 '

960 1382 1120 1415 exercitu
1151 1381 1249 1427 perit
1277 1379 1357 1420 762,
1388 1379 1422 1413 6.
1453 1378 1533 1420 764,
1565 1378 1620 1413 16.

911 1429 1141 1476 Nicephorius
1166 1427 1344 1474 patricius
1362 1428 1402 1462 in
1428 1428 1619 1462 Saborium

960 1479 1090 1511 missus
1121 1476 1203 1518 536,
1232 1477 1263 1511 7.

912 1526 1143 1570 Nicephorius
1193 1524 1374 1559 Asecrctis
1417 1523 1622 1571 patriarcha

961 1575 1027 1608 (ΞΡ.
1073 1572 1154 1614 747,
1189 1573 1223 1607 8.
1282 1571 1466 1607 obsistunt
1505 1573 1623 1614 Plato,

960 1622 1192 1663 Theodorus,
1219 1621 1357 1667 aliique
1381 1619 1562 1660 monachi,
1582 1626 1623 1653 ut

960 1676 1131 1718 promoto
1160 1682 1203 1703 ex
1230 1670 1331 1703 laicis
1358 1667 1404 1702 ib.
1436 1668 1490 1702 10.
1543 1669 1622 1701 eius

961 1731 1071 1753 causa
1097 1719 1134 1752 in
1163 1719 1312 1751 exilium
1329 1716 1620 1756 eiiciunmr752‚

963 1769 1020 1802 11.
1048 1769 1168 1813 ipsum
1194 1765 1424 1812 Nicephorius
1451 1765 1619 1811 aliosque

959 1815 1184 1850 orthodoxos
1241 1815 1399 1858 exagitat
1452 1812 1541 1854 760,
1584 1811 1619 1846 3.

960 1862 1185 1898 stauracium
1199 1862 1397 1908 'Nicephori
1413 1861 1529 1894 fitium
1543 1873 1621 1895 ma-

959 1912 995 1946 le
1023 1924 1044 1945 a
1069 1917 1173 1957 patre
1197 1910 1317 1945 ablata
1329 1910 1520 1944 restituere
1533 1908 1619 1943 lior—

961 1965 1059 1994 tatur
1083 1959 1163 2000 766,
1193 1958 1227 1992 3.
1255 1972 1275 1992 a
1303 1957 1484 1992 Michaele
1512 1969 1620 1991 curo-

960 2008 1082 2053 palata
1110 2008 1318 2041 cautionem
1346 2006 1483 2052 scripto
1509 2005 1623 2051 exigit

961 2055 1050 2097 767,
1087 2056 1141 2089 18.
1200 2056 1247 2089 in‘
1274 2054 1430 2090 ambone
1468 2055 1620 2099 magnae

960 2105 1133 2138 ecclesiae
1149 2116 1232 2137 eum
1258 2103 1452 2147 inaugurat.
1470 2101 1550 2144 768,
1566 2102 1621 2138 18.

958 2164 1038 2186 cum
1059 2153 1221 2193 Platone,
1250 2163 1290 2184 ac
1313 2152 1465 2199 reliquis
1491 2162 1620 2184 mona·-

959 2200 1037 2235 chis
1062 2212 1187 2246 pacem
1214 2200 1284 2234 init
1301 2199 1381 2240 770,
1414 2199 1442 2233 1.
1469 2198 1620 2243 synodi·

958 2261 1018 2283 cas
1059 2249 1104 2283 ad
1138 2250 1299 2283 Leonem
1333 2259 1462 2295 papam
1505 2247 1620 2281 mittit

959 2297 1007 2330 ib.
1037 2297 1067 2330 7.
1097 2297 1133 2330 in
1159 2296 1387 2331 Paulicianos
1425 2302 1462 2330 et
1486 2295 1617 2329 Athin-

959 2357 1069 2390 ganos
1112 2357 1267 2390 poenam
1307 2344 1436 2390 capitis
1471 2343 1617 2377 decerni

958 2394 1091 2438 satagit
1126 2393 1205 2434 771,
1239 2393 1268 2425 1.
1333 2392 1561 2427 Christianos
1598 2404 1619 2425 a

958 2442 1148 2475 Saracenis
1172 2442 1324 2474 afflictos
1350 2441 1451 2475 fovet
1465 2439 1546 2481 779,
1560 2439 1617 2473 13.

958 2492 1119 2524 Leonem
1156 2490 1415 2536 imperatorem
1465 2492 1617 2523 coronat

958 2539 1039 2580 781,
1064 2538 1098 2573 6.

909 2582 1136 2632 Nicephorius
1162 2584 1342 2619 Thraciae
1368 2583 1441 2618 dux
1470 2582 1615 2625 639,14.

910 2631 1053 2668 Nicetas
1075 2633 1236 2668 Anthrax
1261 2633 1399 2666 occisus
1423 2631 1507 2671 616,
1536 2632 1590 2666 10.

909 2679 1056 2717 Nicetas
1079 2695 1099 2716 a
1128 2682 1291 2727 Bulgaris
1318 2682 1458 2715 occisus
1485 2680 1612 2720 725‚5.

908 2727 1054 2765 Nicetas
1084 2742 1273 2776 supremus
1310 2730 1468 2763 militiae
1485 2727 1568 2760 -dux
1595 2741 1614 2761 u

957 2780 1199 2814 Constantino
1229 2790 1423 2824 suspensus
1442 2776 1525 2816 647,
1552 2776 1585 2811 6.

907 2826 1055 2863 Nicetas
1103 2827 1295 2874 episcopus
1337 2825 1400 2860 CP.
1445 2824 1539 2867 678,
1577 2824 1612 2859 3.
