1728 3184
707 189 904 233 NOTAE.
1427 189 1524 236 383

63 308 251 364 depulsus
293 307 348 348 ab
379 306 605 347 hominihus
642 310 875 346 contrariae
895 307 1102 359 factionis
1118 336 1131 359 ,
1168 317 1206 348 et
1233 308 1444 349 ordinatus
1468 318 1526 350 est

62 367 150 406 loco
189 365 276 404 eius
306 363 537 404 Timotheus
565 362 727 403 Ausus:
776 371 858 402 tum
907 364 1084 403 Ioannes
1125 363 1416 415 Duinasades,
1454 367 1530 421 qui

61 422 295 462 constitutus
322 429 384 460 esc
415 427 507 475 post
549 418 701 459 obicum
729 420 853 469 Ami,
897 428 981 458 lum
1010 434 1188 459 reversus
1215 429 1272 459 est
1301 421 1443 461 Petne
1469 422 1529 462 ad

59 492 174 517 suam
200 475 360 524 sedem,
405 485 445 516 ec
466 475 567 516 obiit
629 484 753 515 uaria
782 475 945 515 Hatun'
980 475 1049 515 die
1075 475 1294 517 dominica.
1315 476 1334 499 '
1346 477 1450 518 vixit
1477 492 1525 519 ex

65 533 214 575 eodem
242 545 369 572 annos
397 531 441 584 8,
478 531 561 572 dies
593 490 632 572 ἕ.

196 599 288 651 164,
322 598 385 643 14.
445 597 696 650 Πουλχεριά
727 594 753 650 ἢ
783 596 990 649 μακαρία]
1021 611 1130 637 anno
1164 597 1363 638 Marciani
1396 600 1522 640 tertio

58 656 323 698 pulcheriam
352 657 438 695 fato
477 656 660 694 functam
688 660 869 694 testatur
913 653 1146 694 chronicon
1176 654 1522 697 Alexandrinum:

60 713 207 754 fallunt
235 714 389 767 seipsos
417 710 594 765 proinde
625 710 698 766 qui
726 724 772 750 ex
803 709 950 751 eodem
982 716 1135 766 quarto
1165 710 1312 751 obiisse
1341 719 1522 765 ponunt,

56 769 466 824 Theophanemque‚
513 768 579 808 vel
625 766 862 807 Cedrenum
916 767 1120 821 propriae
1172 768 1400 808 sententiae
1451 784 1525 808 au-

59 833 197 866 ctores
235 839 278 867 se
325 825 584 866 constituere
615 824 789 879 fingunt.
846 821 1039 864 videatur
1067 823 1221 864 Idatius
1265 823 1316 863 ad
1347 824 1524 865 eundem

61 897 233 924 annum.

193 951 288 999 165,
316 951 357 994 3.
415 947 717 997 σιτοπομπίαν]
757 951 1035 988 commeatum
1063 952 1103 987 et
1133 961 1340 988 annonam
1374 946 1414 986 in
1446 961 1524 987 ur-

54 1005 149 1046 bem
189 1005 347 1060 regiam
387 1002 631 1045 Alexandria
667 1002 1047 1058 transportandam.
1085 1003 1374 1056 σιτοπομψιάν
1416 1018 1522 1058 pro..

55 1061 263 1106 nuntiavit
300 1061 397 1101 Vat.
433 1063 454 1104 1
489 1075 562 1101 ms.

186 1127 299 1172 Ibid.
333 1131 397 1173 10.
462 1125 658 1174 Ἀττιλᾶς
705 1124 884 1167 ἔκαυσεν
923 1123 1000 1178 τὴν
1035 1121 1258 1182 Ἀκυλίαν]
1291 1126 1522 1180 Aquileiam

54 1201 164 1226 anno
195 1185 398 1226 Marciani
443 1184 570 1225 tertio
616 1184 668 1224 ab
709 1183 836 1223 Attila
866 1183 1049 1223 dirutam
1090 1182 1280 1224 scribunt
1308 1184 1521 1224 Marcelli-

53 1257 155 1289 nus,
194 1242 491 1293 Cassiodorus,
533 1239 734 1280 chronica
784 1239 1013 1295 Ungarica,
1054 1239 1278 1292 Beronius,
1323 1240 1520 1294 Valesius,

54 1305 98 1339 et
130 1297 213 1339 alii.

183 1364 291 1406 Ibid.
327 1368 393 1408 11.
461 1359 685 1410 Θεοδόσιος
723 1358 928 1415 μοναχός]
967 1362 1170 1418 Euagrius
1200 1362 1272 1404 lib.
1304 1362 1329 1402 2
1356 1376 1449 1417 cap.
1478 1362 1517 1415 5,

52 1421 257 1462 Baronius
289 1421 341 1461 ad
375 1435 528 1461 annum
561 1418 644 1460 452
673 1434 783 1459 num.
815 1417 868 1459 26
901 1425 943 1459 et
970 1433 1085 1474 seqq.

184 1489 278 1540 166,
302 1491 365 1533 18.
401 1485 748 1534 Οὗαλεντινιανὸς
773 1483 990 1538 βασιλεύς]
1021 1485 1156 1537 Aetio,
1182 1492 1225 1525 et
1246 1485 1395 1526 Studio
1416 1500 1516 1527 coss.

53 1544 216 1584 Aetium
244 1560 267 1585 a
296 1545 593 1585 Valentiniano
621 1543 829 1584 sublatum
848 1544 1035 1597 Prosper
1065 1541 1258 1583 editionis
1287 1542 1515 1594 Sirmundi,

47 1601 339 1650 Marcellinus,
381 1601 560 1650 ldatius,
592 1605 633 1640 et
662 1600 730 1639 alii
760 1605 979 1642 testantur.
1035 1597 1111 1639 hos
1145 1605 1282 1639 tamen
1309 1613 1410 1638 coss.
1444 1614 1517 1638 an-

48 1672 148 1698 num
178 1657 380 1699 Marciani
407 1663 620 1712 quartum,
651 1661 699 1695 ut
727 1657 874 1697 chron.
906 1654 1253 1703 Alexandrinum3
1289 1654 1359 1694 alii
1389 1655 1515 1711 quin..

47 1720 159 1765 tum,
191 1721 238 1756 ut
263 1714 486 1768 Prosperi,
519 1713 776 1769 consignasse
817 1713 1061 1753 observant:
1094 1710 1417 1753 Alexandrinum
1449 1726 1512 1753 se-

46 1772 192 1826 quitur
230 1770 518 1825 Theophanes.

183 1840 293 1891 167,
340 1838 403 1883 14.
469 1832 820 1884 Ουἀλεντινιανὸς
870 1832 895 1875 ὅ
940 1835 1017 1890 τῆς
1051 1831 1220 1888 “Ρω’,ιιης
1253 1833 1513 1889 βασιλεύων]

46 1910 155 1935 anno
188 1895 389 1936 Marciani
417 1895 564 1950 quinto
595 1894 932 1936 Valentinianum
982 1908 1005 1932 a
1035 1893 1214 1932 Maximo
1246 1891 1515 1932 interfectum

42 1951 278 1992 chronicon
315 1951 641 1992 Alexandrinum
681 1951 829 1991 scribit
872 1950 960 2003 ipso
1001 1948 1293 1989 Valentiniano
1337 1947 1433 1987 VIII
1472 1952 1515 1988 et

42 2008 264 2048 Anthemio
307 2022 407 2050 coss,
448 2008 598 2063 quibus
637 2007 839 2062 Prosperi
884 2006 1139 2056 chronicon,
1178 2010 1221 2045 et
1248 2003 1512 2044 Marcellinus

43 2079 134 2105 eam
164 2065 308 2105 refert.

177 2133 270 2183 168,
299 2134 341 2176 3.
396 2131 448 2187 τῇ
477 2129 664 2185 Εὔδοξίᾳ
690 2126 763 2185 βίᾳ
791 2128 1050 2181 συνεγένετο]
1080 2141 1252 2168 uxorem
1287 2126 1365 2167 sibi
1398 2140 1510 2165 sum-

39 2188 164 2243 psisse
199 2192 347 2228 notant
360 2187 526 2237 matius,
551 2195 592 2228 ct
613 2186 844 2240 Procopius
864 2185 915 2225 de
940 2185 1051 2226 bello
1067 2184 1204 2226 Vand.
1235 2183 1304 2227 lib.
1326 2187 1362 2235 1,
1380 2196 1510 2238 quare

42 2241 91 2284 τὸ
122 2245 198 2300 βίᾳ
228 2245 343 2285 deest
373 2245 414 2284 in
446 2244 532 2284 Pal.
562 2249 604 2284 et
627 2244 798 2299 Peyrez.
831 2256 904 2282 ms.

150 2312 258 2355 Ibz'd.
303 2314 367 2355 12·
441 2307 532 2360 ἔτος
561 2307 621 2366 ἓν]
663 2325 747 2351 non
791 2309 1048 2364 completum
1090 2306 1272 2361 intellige
1309 2319 1355 2346 ex
1397 2304 1509 2343 Pro-

38 2367 167 2422 speri,
195 2367 385 2409 chronici
405 2367 624 2408 Alexandr.
656 2366 816 2406 Sidonii
849 2366 919 2406 lib.
937 2366 962 2406 2
991 2364 1107 2419 epist.
1132 2366 1181 2407 13
1215 2360 1479 2402 auctoritate.

160 2437 252 2486 169,
285 2439 325 2480 1.
346 2431 503 2486 μαθών
533 2434 580 2474 δὲ
607 2431 677 2474 τὸν
691 2433 897 2484 Μαξίμου
916 2431 1117 2481 θάνατον]
1150 2429 1347 2469 historiae
1377 2427 1504 2467 chro-

38 2490 312 2548 nologiaeque
339 2506 503 2532 merum
532 2491 615 2530 hoc
651 2491 775 2531 chaos
814 2493 1076 2543 componunt
1104 2485 1253 2526 ldatius
1273 2514 1285 2532 ,
1326 2483 1507 2546 Marcel-

36 2547 157 2598 linus,
188 2549 399 2599 Sidonius,
427 2547 719 2598 Cassiodorus,
749 2548 987 2596 lornandes,
1030 2542 1233 2597 Papyrius
1265 2542 1505 2588 Massomus,

36 2609 80 2644 et
110 2605 196 2649 alii,

170 2671 278 2714 Ibid.
307 2671 345 2711 7.
405 2666 672 2722 ἐτελεύτησεν
698 2667 903 2719 Εὕδοκιά]
937 2667 989 2708 ad
1018 2667 1118 2707 alios
1162 2664 1347 2719 quinque
1376 2676 1505 2702 annos

34 2726 249 2768 Eudociae
283 2733 464 2768 mortem
491 2725 709 2781 protrahit
740 2725 942 2766 Baronius
974 2739 1021 2765 ex
1059 2720 1294 2775 Nicephoro
1337 2718 1390 2759 ad
1427 2733 1505 2758 an-

35 2797 135 2823 num
175 2780 259 2826 460
292 2798 404 2825 num.
427 2783 495 2825 22.
