1794 3250
691 219 892 261 NOTAE.
1430 216 1526 261 307

62 345 209 394 guuut.
265 337 318 378 de
345 338 458 378 bello
480 338 550 378 illo
564 338 733 379 Persico
751 337 941 378 Aurelius
954 337 1120 389 Victor,
1149 339 1389 395 Eutropius,
1403 337 1533 380 Pom-

66 397 218 452 ponius
248 396 414 447 Laetus,
447 396 517 450 qni
547 396 670 435 etiam
698 394 900 449 triumphi
930 399 1129 449 pompam
1158 396 1366 436 describit.

70 535 96 575 9
177 481 250 545 ⁰11,
265 475 308 520 4.
339 477 609 535 Καλλίνικον]
644 479 890 520 Callinicum
910 479 1034 534 ponit
1051 479 1296 533 Eutropius,
1325 481 1438 520 circa
1465 480 1533 520 lib.

126 543 294 576 exitum.

179 609 288 649 [bid.
324 607 391 648 19.
449 605 599 659 ἆρθείς
628 607 675 648 δὲ
702 602 786 647 ὖπὸ
818 607 904 647 τῶν
933 604 1206 663 πραγμάτων]
1240 609 1315 648 ista
1346 609 1396 648 ab
1425 623 1535 649 anno

67 663 94 706 9
123 664 203 706 sibi
231 679 444 720 arrogasse
465 665 773 705 Diocletianum
802 665 1005 717 scribunt,
1037 665 1344 719 quiEusebium
1356 679 1536 720 sequun—

69 729 141 762 tur
173 723 215 762 in
245 721 478 762 chronico:
512 735 559 761 ex
581 722 855 761 victoriarum
874 727 1013 762 tamen
1031 728 1198 762 tumore
1225 722 1281 761 ita
1308 722 1538 762 insolevisse

70 784 278 820 testantur
310 792 405 818 cum
436 783 608 818 auctore
639 778 872 832 Eutropius
902 778 972 819 lib.
1016 776 1042 818 9
1073 783 1260 829 exeunte,
1290 784 1331 818 et
1360 779 1539 832 Pompo-

71 836 162 876 nius
197 836 360 886 Laetus,
390 834 431 873 in
463 834 602 874 Diocl.
650 834 773 874 titulo
808 834 858 874 de
887 834 1174 889 magnitudine
1205 835 1371 887 imperii
1398 836 1448 875 R.
1477 835 1541 874 vi-

73 890 229 932 dendus
260 895 319 931 cst
349 897 390 931 et
407 891 614 931 Pontacus
645 891 686 931 in
720 891 828 931 notis
855 891 907 932 ad
939 892 1113 931 citatum
1130 892 1368 943 Eusebium,
1398 897 1442 932 et
1455 893 1541 931 Ge-

73 947 306 988 nebrardus
337 948 378 987 in
409 947 597 987 chronic.

189 1020 253 1071 12,
283 1017 325 1061 4.
388 1019 714 1060 Κωνσταντίνου
754 1019 799 1060 δὲ
830 1019 910 1059 τοῦ
937 1016 1051 1072 υἱοῦ]
1102 1019 1202 1060 haec
1231 1019 1429 1060 historice
1457 1034 1540 1060 non

74 1077 274 1117 chronice
302 1076 461 1117 relata:
513 1091 597 1116 non
642 1077 749 1116 enim
790 1076 842 1115 ad
872 1076 983 1116 hunc
1027 1091 1182 1116 annum
1208 1082 1409 1130 spectant,
1437 1091 1544 1131 quae

73 1135 185 1175 circa
214 1133 447 1174 Constantii
483 1139 663 1173 mortem
693 1139 830 1188 gesta:
870 1133 923 1173 de
954 1132 1102 1188 quibus
1131 1132 1319 1173 inferius.

187 1206 299 1247 Ibid.
323 1205 363 1246 5.
419 1202 470 1245 ταὶ
502 1205 772 1257 Χριστιανῶν
804 1204 1074 1260 φρονοῦντος]
1105 1212 1288 1260 propter
1318 1221 1408 1246 eam
1438 1220 1545 1260 quae

78 1264 118 1304 in
149 1262 408 1303 Christianos
439 1262 654 1302 ferebatur
681 1262 996 1314 humanitatem,
1024 1268 1066 1302 et
1095 1277 1203 1317 quae
1232 1262 1282 1302 de
1312 1277 1361 1302 eo
1387 1263 1430 1302 in
1460 1262 1545 1303 eius

76 1321 162 1359 vita
205 1320 337 1360 refert
378 1319 578 1359 Eusebius
626 1319 695 1361 lib.
729 1318 750 1358 1
795 1333 886 1373 cap.
934 1318 998 1358 13.
1067 1319 1360 1359 Constantium
1405 1324 1543 1358 tamen

77 1376 397 1417 Constantinum
440 1375 569 1414 filium
598 1381 823 1430 praecepta
863 1374 961 1414 fidei
992 1373 1191 1427 docuisse,
1223 1383 1265 1415 et
1293 1376 1548 1416 exercendae

76 1447 176 1488 erga
192 1431 448 1473 Christianos
480 1431 722 1472 clementiae
750 1431 986 1472 rudimenta
1017 1430 1174 1472 dedisse
1215 1432 1345 1475 refert
1374 1431 1547 1473 Photius

76 1489 171 1532 cod.
197 1486 292 1530 256.

190 1561 296 1604 Ibid.
326 1559 366 1601 8.
423 1554 780 1613 μαντευσάμενος]
812 1559 922 1600 idem
948 1560 1150 1600 Eusebius
1178 1574 1270 1614 cap,
1304 1557 1368 1599 14.

189 1634 296 1675 Ibid.
330 1629 395 1674 14.
454 1632 668 1689 Θεοτέκνῳ
711 1631 846 1688 γόητι]
895 1634 970 1674 ista
1011 1633 1137 1674 fusius
1168 1638 1337 1674 narrata
1368 1634 1551 1688 reperies

78 1691 192 1748 apud
219 1690 448 1732 Eusebium
475 1690 573 1732 eccl.
606 1689 701 1730 hist.
735 1705 861 1744 capp.
890 1691 915 1731 2
944 1689 970 1730 3
1000 1686 1028 1730 4
1056 1697 1097 1730 et
1127 1690 1166 1741 5,
1201 1696 1243 1730 at
1272 1704 1354 1730 non
1375 1690 1545 1730 Galerio

79 1749 352 1799 Maximiano,
384 1746 455 1787 sed
485 1746 736 1799 Maximino,
781 1762 829 1787 ac
859 1747 901 1787 in
939 1746 1051 1786 aliud
1080 1753 1256 1800 tempus,
1289 1746 1546 1786 ascribenda.

81 1807 193 1848 refer
222 1805 307 1845 huc
338 1818 444 1860 quae
471 1803 597 1844 habet
626 1803 889 1858 Nicephorus
921 1803 1110 1845 Callistus
1140 1803 1213 1843 lib.
1246 1802 1272 1843 7
1307 1818 1396 1858 cap.
1427 1803 1493 1843 25.

194 1887 259 1941 13,
287 1885 327 1929 4.
398 1883 691 1941 προστάγματι
728 1888 953 1944 βασιλικῷ]
992 1903 1041 1929 ea
1069 1902 1181 1928 mens
1216 1893 1277 1928 est
1303 1887 1470 1928 Eusebii
1502 1887 1552 1927 ad

79 1961 233 1987 annum
262 1944 515 1986 Diocletiani
537 1952 821 1999 praesentem:
853 1945 971 1985 addit
998 1959 1135 1985 mense
1163 1945 1317 1984 Martio
1339 1945 1377 1984 in
1410 1943 1554 1984 diebus

81 2004 256 2058 paschae
283 2000 464 2041 edictum
495 2016 712 2042 emanasse.
743 2001 1023 2055 adstipulatur
1051 2001 1285 2041 chronicon
1318 2001 1513 2043 Alexand.
1532 2016 1554 2038 a

81 2074 168 2115 quo
199 2057 408 2114 geminum
437 2058 679 2112 agnoscitur
708 2058 916 2109 edictum,
951 2058 1136 2113 primum
1168 2058 1207 2097 in
1239 2057 1442 2108 ecclesias,
1471 2071 1554 2096 nou

82 2115 216 2156 multo
251 2120 346 2169 post
375 2114 417 2153 iu
445 2114 680 2155 sacerdotes
714 2114 843 2155 aliud.

191 2188 302 2228 Ibid.
335 2187 398 2226 11.
456 2186 500 2237 ἐξ
532 2186 692 2240 «ι’νοίας]
723 2187 925 2228 Eusebius
956 2187 1023 2227 lib.
1043 2187 1069 2228 8
1101 2201 1191 2239 cap.
1223 2184 1277 2225 26
1304 2185 1356 2226 de
1383 2185 1554 2225 Diocle-

83 2246 198 2286 tiano
228 2248 434 2294 testatur,
473 2240 530 2290 ὥς
559 2237 640 2297 ἤδη
678 2241 730 2284 τὰ
772 2245 847 2298 τῆς
884 2243 1073 2292 διανοίας
1113 2243 1174 2290 εἰς
1213 2238 1410 2282 ἔκστασιν
1438 2239 1554 2294 αὐτῷ

81 2298 305 2355 παρήγετο.
362 2299 465 2340 adeo
493 2300 689 2340 nimirum
717 2315 827 2340 anno
856 2316 880 2340 a
906 2300 1198 2355 persecutione
1229 2303 1342 2337 mota
1372 2296 1554 2336 secundo

83 2358 237 2398 morbo
277 2357 514 2397 laborasse:
557 2365 600 2396 ut
637 2370 748 2397 mens
786 2357 881 2396 inde
923 2357 976 2396 de
1019 2371 1089 2396 suo
1117 2364 1224 2394 statu
1260 2354 1558 2394 deturbaretur.

83 2415 378 2454 Constantinus
410 2412 604 2452 oratione
649 2411 700 2451 ad
725 2413 796 2452 SS.
828 2420 997 2453 coetum
1029 2427 1120 2465 cap.
1154 2411 1218 2452 95.
1278 2406 1349 2448 διὰ
1381 2409 1457 2460 τήν
1483 2408 1557 2458 τῆς

79 2467 323 2524 ἀφροσύνης
351 2467 516 2521 βλάβην
545 2468 648 2518 μιᾶς
685 2465 1057 2523 εὐκαταφρονήτου
1092 2462 1289 2520 οἰκήσεως
1316 2463 1559 2519 καθειργμῷ

80 2525 343 2579 ἐτιμωρήθη.
399 2535 569 2580 propter
595 2526 736 2564 vitium
763 2527 967 2565 amentiae
984 2534 1023 2564 et
1048 2522 1308 2564 deliraubnis
1337 2522 1453 2560 unius
1479 2519 1559 2559 ab·

82 2585 208 2626 tectae
240 2584 465 2623 mansionis
495 2582 698 2634 ergastulo
740 2582 984 2622 concredens
1025 2596 1091 2630 se,
1127 2591 1279 2634 poenas
1308 2590 1335 2614 a
1365 2576 1439 2616 deo
1470 2577 1558 2617 luit.

85 2639 377 2682 continuatum
408 2638 460 2678 ad
492 2638 577 2678 eius
609 2644 791 2679 mortem
820 2638 1029 2687 delirium,
1071 2636 1262 2688 idemque
1295 2632 1442 2673 mortis
1472 2632 1558 2672 eius

87 2696 347 2736 occasionem
380 2695 537 2736 ibidem
560 2695 679 2748 leges·

195 2768 304 2808 Ibid.
338 2769 401 2807 14.
470 2766 517 2807 ἐν
545 2765 790 2823 Λυκαονία]
837 2767 895 2806 ita
935 2767 1079 2821 legunt
1117 2769 1268 2803 cuncta
1293 2760 1558 2814 exemplaria.

89 2823 320 2879 Eutropius
351 2825 576 2865 Lucaniam
606 2823 766 2864 scribit.
835 2830 1106 2864 concesserunt
1134 2828 1222 2861 tum
1239 2818 1419 2859 Salonas
1446 2830 1559 2870 unus,
