1728 3184
706 169 906 211 NOTAE.
1437 163 1532 214 549

67 288 112 324 et
139 282 405 336 vicesimum,
444 282 519 339 qui
565 283 714 330 mundi,
742 281 853 324 6253
885 284 937 336 ab
983 292 1156 327 auctore
1183 293 1441 338 numeratur,
1472 288 1534 326 ii·-

66 339 298 380 dictionum
338 339 502 380 adiecto
545 339 732 389 circulo,
775 341 921 380 mundi
963 339 1074 387 6968
1119 343 1281 384 obtinet
1315 342 1533 384 indictioni

64 403 303 450 postremae
332 401 375 437 et
413 410 523 436 anno
550 397 701 436 Leonis
729 398 869 451 primo
912 398 1204 440 coniunctum:
1234 401 1286 440 ab
1316 414 1426 440 anno
1455 399 1533 454 igi..

64 459 138 493 tur
167 452 318 493 Leonis
354 451 537 492 secundo
580 452 760 492 circulus
803 453 909 493 alter
951 454 1180 507 incipiens,
1212 457 1378 511 quinto,
1407 470 1531 511 quem

64 522 178 549 nunc
209 514 450 560 tractamus,
495 507 765 549 indictionem
796 516 991 564 quartam
1019 510 1164 550 afferat
1196 526 1356 552 necesse
1382 518 1456 563 est,
1490 517 1533 556 et

64 564 257 620 quintam
289 564 551 605 Constantini
573 566 818 605 successoris
847 568 1001 620 primo.
1060 581 1109 607 en
1138 572 1274 607 tamen
1310 575 1356 608 ut
1386 567 1530 608 mundi

61 619 174 662 6273
201 627 395 678 quartam
424 627 650 672 accenset,
692 622 960 676 praecedenti
1003 624 1194 670 tertiam;
1224 630 1350 679 atque
1380 625 1531 664 iterum

60 677 207 718 mundi
235 675 347 718 6268
374 678 579 718 decimam
605 684 813 732 quartam,
843 679 1015 733 praevio
1047 678 1249 719 decimam
1268 680 1447 730 tertiam,
1481 695 1529 720 ac

61 733 230 775 tandem
257 733 402 774 mundi
444 731 555 774 6265
586 734 876 775 duodecimam
918 734 1055 790 affigit.
1129 751 1179 775 an
1224 736 1370 776 mundi
1416 736 1530 776 annis

61 790 333 832 indictionem
372 805 496 831 unam
526 790 690 843 deesse,
730 793 795 832 vel
845 791 1143 832 indictionibus
1181 807 1335 832 annum
1384 793 1528 832 mundi

61 860 191 888 unum
214 846 454 888 redundare
485 846 773 887 asserendum?
838 848 916 902 ipsi
949 849 1132 888 auctoris
1162 849 1310 889 calculi
1338 862 1529 888 errorem

62 903 279 956 produnt,
310 909 352 944 et
397 903 470 943 ubi
498 903 738 944 admiserint
780 905 915 944 faciles
948 910 1161 945 testantur.
1229 906 1319 959 ipso
1348 905 1529 959 inquam,

59 959 322 1000 Constantini
354 960 615 1015 Copronymi
656 974 764 1001 anno
809 967 1046 1014 postremo,
1093 976 1217 1015 quem
1258 962 1450 1016 quintum
1485 976 1533 1001 ac

62 1015 316 1057 tricesimum
344 1022 549 1066 numerat,
570 1030 699 1055 annos
730 1023 934 1072 quattuor
957 1026 996 1057 et
1017 1017 1203 1071 triginta,
1225 1032 1381 1057 menses
1402 1017 1527 1066 duos,

58 1071 144 1113 ‹15oe
171 1086 239 1120 sex
282 1078 325 1113 et
361 1073 507 1127 viginti
544 1073 763 1126 imperasse
801 1073 1028 1127 praedicat.
1096 1088 1224 1113 annus
1262 1074 1425 1128 integer
1453 1074 1532 1113 tri-

61 1128 203 1169 mesu-i
235 1130 302 1169 vix
331 1129 544 1183 completo
575 1134 689 1169 totus
719 1131 857 1170 fuerat
876 1130 1165 1184 assignandus?
1198 1129 1249 1169 ad
1284 1130 1402 1170 huius
1434 1130 1530 1169 anni

58 1185 259 1226 historiae
288 1186 444 1226 calcem
474 1199 602 1225 annos
637 1185 835 1241 quinque,
863 1187 1068 1227 mensibus
1094 1201 1160 1226 sex
1190 1186 1366 1240 demptis
1399 1186 1529 1227 fllium

59 1243 243 1282 Leonem
272 1242 452 1296 imperio
486 1243 671 1296 potitum
705 1248 874 1282 narrat:
915 1243 1077 1283 adeone
1106 1242 1224 1282 facile
1252 1248 1425 1296 praeter
1454 1243 1528 1283 de-

57 1299 195 1339 bitum
222 1312 381 1339 menses
420 1313 488 1339 sex
527 1299 809 1339 occurrebant
838 1298 1067 1353 erogandi?
1139 1299 1415 1338 indictionum
1447 1298 1529 1338 ita.-

59 1369 142 1410 que
171 1355 322 1396 ordine
348 1361 529 1406 servato,
560 1355 676 1395 annis
705 1354 849 1395 mundi
883 1370 1038 1395 menses
1060 1355 1297 1410 quindecim
1322 1354 1529 1395 indebitos

59 1411 229 1452 intrusit
255 1411 557 1466 Theophanes:
587 1426 735 1452 novem
755 1411 1031 1462 Constantini,
1055 1412 1125 1451 filii
1156 1411 1307 1451 Leonis
1332 1425 1398 1450 sex
1428 1410 1529 1450 alios

58 1473 204 1508 aetate.
264 1483 348 1507 uno
379 1468 509 1508 verbo
534 1468 792 1523 Coprouymi
826 1468 940 1507 anuis
973 1468 1165 1522 quintum
1196 1482 1242 1507 ac
1273 1465 1526 1507 tricesimum

62 1523 222 1564 addixit
261 1523 549 1578 superfluum,
584 1530 625 1564 et
666 1524 893 1564 indictione
926 1530 1151 1574 carentem,
1185 1523 1300 1563 cuius
1326 1528 1531 1577 quattuor

61 1586 103 1620 et
131 1581 301 1635 triginta
335 1581 534 1621 duntaxat
565 1595 611 1620 ex
640 1581 828 1634 propriis
873 1581 1039 1620 calculis
1070 1594 1285 1620 recensere
1315 1579 1528 1619 debuerat.

61 1636 337 1691 profectionis
375 1637 519 1692 itaque
551 1637 813 1691 Copronymi
845 1638 885 1676 in
914 1637 1115 1690 Bulgaros
1156 1636 1327 1675 historia
1369 1636 1416 1674 in>
1451 1650 1529 1674 an-

62 1708 162 1733 num
194 1700 237 1733 et
265 1693 539 1733 indictionem
577 1693 783 1746 reposita,
816 1708 926 1732 mors
966 1693 1007 1731 in
1035 1699 1275 1747 sequentem
1305 1706 1457 1730 annum
1487 1697 1530 1731 et

63 1750 360 1800 indictionem,
401 1750 551 1804 quibus
600 1750 704 1789 filius
747 1749 971 1803 imperium
1014 1749 1225 1801 obtinuit,
1254 1746 1527 1788 accensenda:

60 1806 158 1845 anni
186 1821 290 1847 vero
321 1811 411 1845 tum
445 1821 466 1845 a
499 1806 644 1846 mundi
673 1806 862 1857 conditu,
893 1811 981 1845 tum
1008 1805 1201 1845 aChristi
1230 1803 1355 1844 natali
1385 1803 1425 1843 iu
1453 1817 1529 1844 or-

62 1863 203 1903 dinem
231 1863 448 1903 meliorem
480 1862 722 1903 revocandi.

172 1951 268 2004 701,
294 1947 337 1992 4.
395 1951 471 2005 τῆς
497 1949 761 2006 τυροφάγου]
794 1951 1115 2007 septuagesimae
1138 1949 1398 1991 hebdomade
1427 1964 1524 1989 ear..

59 2008 304 2063 nisprivium
340 2009 466 2048 babet
493 2008 660 2049 ecclesia
697 2011 884 2050 Graeca:
924 2014 967 2049 et
1009 2008 1283 2062 sexagesimae
1313 2006 1523 2046 dominico

58 2066 138 2115 die,
166 2066 241 2118 τῆς
274 2060 488 2118 α’πὸκρεω,
518 2079 602 2119 quo
633 2066 828 2105 carnibus
872 2064 1008 2104 adhuc
1038 2064 1271 2109 vescilicet‚
1305 2061 1522 2102 clauditur.

58 2127 259 2178 sequente
289 2120 563 2170 hebdomade,
608 2137 714 2176 quae
748 2122 904 2161 Latinis
935 2121 1214 2175 sexagesimae,
1247 2120 1333 2158 ovis
1364 2117 1522 2157 lactici-

57 2179 148 2228 niis,
176 2185 302 2233 atque
330 2178 435 2217 adeo
465 2192 582 2217 caseo
615 2183 819 2228 utuntur,
851 2193 982 2232 eaque
1010 2174 1252 2217 comedendi
1283 2176 1403 2214 etiam
1437 2174 1519 2226 ipsa

57 2234 421 2290 quinquagesimae
470 2234 681 2274 dominico
735 2235 802 2274 die
846 2235 1018 2274 facultas
1057 2237 1323 2288 perseverat,
1369 2245 1389 2268 a
1433 2243 1517 2282 quo

54 2287 297 2345 τυροφάγος
350 2290 597 2343 appellatur.
679 2292 781 2331 feria
828 2296 1026 2344 sequente
1085 2290 1122 2329 2.
1158 2284 1516 2343 quadragesimalis

60 2348 201 2387 ieiunii
232 2347 443 2387 habentur
482 2347 703 2395 encaenia,
743 2354 784 2387 et
826 2344 968 2399 πρώτη
997 2340 1182 2396 ἑβδομὰς
1213 2343 1294 2383 τῶν
1324 2341 1521 2394 νηστειῶν

57 2408 316 2444 numeratur.
384 2403 539 2456 scripta
573 2404 761 2455 superius
794 2402 844 2442 de
876 2406 1137 2454 Graecorum
1173 2398 1331 2439 ieiuniis
1362 2399 1400 2462 in
1431 2411 1519 2436 me-

55 2459 235 2500 moriam
266 2459 519 2500 revocanda.
549 2459 632 2498 τῶν
659 2459 859 2512 νηστειῶν
879 2466 1017 2498 tamen
1037 2452 1180 2509 πρώτη
1209 2467 1389 2505 κυριακη
1418 2452 1523 2492 heb-

19 2515 23 2518 ’
58 2515 281 2556 domadem
321 2530 344 2554 a
373 2515 477 2554 feria
517 2515 543 2554 2
579 2513 842 2566 inchoatam,
883 2521 930 2555 ut
960 2520 1001 2555 et
1026 2511 1200 2552 secunda
1232 2509 1520 2549 succedentem

57 2571 229 2613 claudit.
301 2586 392 2612 eam
441 2572 496 2611 ob
542 2585 632 2610 rem
670 2572 861 2611 Casearia
906 2571 1115 2610 dominica
1155 2564 1379 2606 februarii
1409 2564 1518 2605 diem

54 2635 211 2670 sextum
243 2628 474 2676 obtinente,
507 2627 761 2668 ieiuniorum
779 2625 956 2668 secunda
990 2624 1182 2665 vicesimo
1203 2621 1422 2676 propriam
1441 2620 1519 2661 sibi

35 2685 191 2727 *sedem
229 2685 329 2739 figat
359 2697 521 2724 necesse
549 2688 620 2723 est.

167 2767 262 2817 702,
294 2767 358 2808 12.
414 2763 528 2819 παρὰ
558 2766 603 2817 ἓξ
630 2766 764 2820 μῆνας
797 2763 867 2820 ἔτη
883 2764 1019 2815 πέντε]
1050 2761 1116 2803 die
1145 2760 1398 2816 Septembris
1430 2766 1516 2800 ter-
