1728 3184
228 226 327 298 436
702 235 759 276 m
801 234 1175 277 ΤΠΕΟΡΗΑΝΕΜ

228 336 375 391 populi
405 336 458 377 ad
481 336 780 407 imperatorem
804 340 1012 393 queielae,
1042 354 1165 394 quem
1185 351 1282 377 cum
1310 343 1457 391 aperta
1487 337 1706 378 nominare

228 395 382 444 nollet,
410 394 652 448 φοβουμαι
696 393 901 447 ὀνομάσαι
942 411 1078 450 nuper
1118 395 1234 442 dixit.
1270 396 1393 434 tacite
1423 393 1704 434 subindicavit

227 452 313 490 cius
345 465 526 501 nomen,
571 451 771 492 allusione
815 454 924 493 facta
966 451 1018 492 ad
1059 451 1316 492 calcearium
1345 446 1612 502 καλοπόὸιον,
1636 450 1704 490 di-

225 521 345 548 cens.
374 505 435 555 εἷς
464 504 515 547 τὰ
543 506 780 561 τζαγγαριά
824 506 1076 560 εὑρίσκεται.
1149 513 1305 572 aperte
1337 522 1490 547 nomen
1521 507 1703 548 eiusdem

227 563 397 607 inferius
422 565 738 618 pronuntiatur.
796 561 1070 612 Καλοπόὸιος
1103 560 1124 604 ὃ
1158 561 1401 616 σπαθάριος
1422 562 1566 603 cidens?
1578 577 1649 615 με.

339 630 531 683 280,10.
598 632 659 680 εἰς
699 629 772 672 ἕνα
813 631 1127 685 βαπτίζεσθαι]
1159 645 1416 681 sarcasmus,
1450 645 1536 685 quo
1567 630 1704 671 Mani·

228 662 456 728 chaeoruin
492 704 576 729 non
596 689 638 728 in
671 689 873 743 trinitate,
902 688 1005 728 sed
996 705 1036 728 m
1069 689 1147 729 deo
1178 688 1266 728 solo
1298 662 1601 742 baptizantium
1633 696 1703 727 er-

225 759 317 793 ror,
350 744 510 800 populo
544 746 1018 800 exprob1atur.pl·1cet
1048 752 1187 785 timen
1216 745 1294 785 alia
1329 744 1468 794 lectio,
1507 759 1589 799 qua
1619 758 1703 808 po-

223 802 324 857 pulo
355 801 671 842 Mmichaismus
709 802 1016 857 exprobratur·
1048 815 1108 851 εις
1150 797 1225 842 ἕνα
1255 800 1533 854 βαπτίζεσθε
1586 802 1704 840 unius

222 860 383 901 nomine
411 859 694 915 baptizamini.

336 931 520 981 281,10.
580 927 817 987 Σαββάτης]
844 930 1065 972 Sabbatius
1097 930 1311 972 Iustiniani
1343 937 1476 986 pater.
1533 931 1704 971 Proco-

222 990 312 1044 pius
344 989 384 1028 in
416 988 630 1029 anecdotis
660 990 702 1029 in
744 989 1008 1029 contrarium
1046 989 1121 1028 alia
1152 988 1376 1044 confingit:
1407 989 1647 1043 principem
1681 1002 1704 1027 a

225 1046 431 1100 Procopii
473 1045 688 1086 calumniis
729 1046 918 1086 vindicat
957 1045 1130 1086 Gabriel
1158 1045 1381 1086 Trivorius
1415 1047 1456 1086 in
1489 1045 1700 1086 observat.

227 1102 491 1157 apologetica
519 1102 645 1156 ipsius
681 1102 912 1142 Iustiniani.

333 1176 438 1216 Ibzssd
458 1175 523 1215 11.
581 1188 642 1222 εις
670 1173 716 1215 τὸ
732 1175 928 1239 Ζεῦγμα]
960 1174 1145 1239 origines
1164 1174 1245 1214 CP.
1275 1173 1413 1214 adhuc
1438 1189 1511 1214 ms.
1542 1170 1589 1214 τὸ
1623 1188 1703 1213 κα-

219 1230 425 1283 λούμενον
454 1230 644 1297 Ζεῦγμα,
678 1226 836 1271 ὁπόταν
868 1231 1075 1298 ἐκομίσθη
1104 1227 1149 1270 τὸ
1183 1230 1307 1282 σῶμα
1338 1230 1415 1270 τοῦ
1443 1226 1703 1298 πρωτοὶμάρῆ-

219 1302 411 1356 ‘cvpo'ag
377 1285 597 1342 Στεφάνου
629 1288 764 1328 ἐκεῖσε
797 1284 1067 1356 ἐζεύχθησαν
1093 1287 1265 1339 μοῦλαι,
1297 1302 1365 1327 και
1396 1280 1508 1342 ᾗραν
1539 1284 1586 1326 τὸ
1619 1302 1705 1327 σω-

218 1360 281 1396 μα
310 1341 390 1391 ἕως
419 1345 856 1385 Κωνσταντινιανῶν*
885 1359 954 1384 και
977 1357 1115 1391 ουτως
1137 1341 1323 1396 ἐπεκλήθη
1357 1344 1562 1396 Ζεῦγμα.
1592 1344 1705 1384 Zeu-

217 1415 318 1454 gma
347 1402 453 1441 locus
483 1402 613 1441 dt'ctus·
640 1411 724 1452 est,
754 1402 866 1458 quod
894 1402 1060 1457 quando
1090 1400 1274 1440 delatum
1308 1410 1369 1440 est
1387 1403 1707 1455 protomartyris

217 1472 384 1513 corpus,
428 1459 472 1498 in
514 1472 560 1497 eo
598 1471 691 1512 lugo
736 1468 909 1512 aptatae
948 1467 1031 1498 smt
1063 1459 1214 1498 mulae.
1285 1467 1322 1497 et
1351 1458 1526 1497 tulemmt
1555 1472 1706 1512 corpus

219 1529 342 1568 usque
379 1515 438 1555 ad
486 1515 872 1557 Constantinianas:
923 1524 1044 1572 atque
1083 1516 1146 1555 ita
1187 1515 1301 1554 locus
1346 1514 1533 1569 Zeugma
1575 1529 1705 1555 voca-

219 1580 281 1610 cus
302 1580 370 1610 esc.

332 1637 443 1680 Ibid.
483 1638 546 1679 12.
623 1631 675 1687 ἆς
717 1636 969 1693 ἐθεώρησεν]
1016 1631 1069 1685 cic
1109 1638 1317 1709 particula
1355 1636 1604 1678 exhortandi
1638 1636 1704 1676 vel

222 1695 413 1749 optandi·
429 1695 541 1749 apud
573 1697 810 1737 neotericos
846 1698 1133 1736 Graecorum:
1169 1689 1219 1742 ας
1249 1693 1416 1750 ποιήσῃ,
1451 1695 1611 1734 utinam
1641 1696 1707 1733 fa.

221 1752 318 1802 ciat,
341 1751 406 1791 vel
436 1752 564 1792 faciat
595 1753 874 1822 imperative:
916 1752 1130 1791 indicativi
1159 1751 1477 1806 significantiam
1506 1751 1547 1791 in
1578 1757 1706 1806 opta-

223 1808 305 1848 tavi
336 1809 550 1860 transfert,
583 1802 636 1857 οἷς
665 1806 918 1862 ἐθεώοησεν,
949 1809 1109 1848 utinam
1140 1813 1376 1862 spectasset.

335 1875 528 1926 282,16.
587 1873 633 1916 τὸ
664 1875 795 1931 μισῶ]
830 1890 992 1930 expone
1024 1870 1047 1915 ὃ
1076 1876 1204 1928 μισαῖ.

335 1944 446 1985 Ibid.
468 1942 533 1985 20.
591 1941 884 1999 μαγιστὸρων]
915 1943 1064 1999 populi
1080 1944 1273 1984 tribunos
1303 1943 1376 2001 qui
1407 1943 1598 1998 superius
1627 1938 1706 1998 δῆ-

342 2014 396 2040 οι.

220 2015 426 2119 {ww-‘953'
444 2066 487 2108 6.
546 2066 607 2114 εἷς
640 2063 713 2107 τὸν
740 2062 861 2120 ἅγιον
881 2066 1166 2122 Λαυρέντιοι]
1205 2066 1255 2108 ad
1284 2067 1395 2108 sinus
1427 2068 1508 2109 CP.
1544 2068 1703 2109 laevam

221 2130 458 2165 extructum
495 2124 698 2190 templum
732 2124 814 2164 hoc
860 2124 1042 2167 nomine.
1114 2125 1351 2190 Procopius
1385 2125 1456 2165 lib.
1495 2126 1513 2165 1
1549 2126 1600 2166 de
1633 2141 1705 2166 ae-

222 2182 293 2221 dif.
327 2183 426 2222 lust.
459 2177 555 2220 τότε
583 2177 666 2232 γὰρ
699 2181 742 2220 ἐν
770 2179 977 2235 donor-5419?
1009 2178 1085 2220 τοῦ
1115 2178 1274 2221 κόλπου
1289 2180 1565 2233 Λαυρεντίαν
1590 2197 1705 2235 μαρ-

220 2234 384 2291 τύριον.
443 2237 707 2278 Marcellinus
744 2251 879 2277 comes
921 2236 973 2276 ad
1019 2252 1172 2277 annum
1203 2237 1583 2279 453.Pulclzer1a
1613 2240 1706 2279 Au..

219 2297 330 2348 gusti
353 2295 568 2334 Marciani
592 2294 797 2349 principzs
818 2309 929 2335 uxor
954 2293 1001 2334 S.
1040 2295 1260 2334 Laurentii
1288 2296 1442 2336 atrium
1471 2297 1709 2336 i'mmicabili

220 2365 353 2407 opera
382 2353 691 2401 consummavit,
723 2356 801 2391 etc.

333 2418 447 2461 Ibid.
484 2418 549 2458 10.
606 2417 666 2466 εἷς
696 2416 741 2458 τὸ
790 2415 1071 2474 πραιτώριον]
1106 2419 1311 2474 praefecti
1342 2419 1457 2459 urbis
1487 2418 1705 2473 palatium,

223 2491 307 2531 quo
354 2475 507 2516 iudicia
543 2477 789 2530 sanguinum
833 2476 1079 2526 exercebat,
1122 2483 1164 2517 et
1199 2490 1293 2517 reos
1335 2476 1574 2517 carceribus
1607 2476 1706 2517 vin-

221 2541 312 2573 ctos
344 2533 576 2574 detinebat:
632 2533 683 2573 de
724 2547 809 2588 quo
853 2533 1042 2572 inferius.

332 2607 440 2648 Ibid.
472 2605 535 2649 15.
613 2601 664 2647 τὰ
696 2602 899 2658 Λαύσου]
931 2606 1053 2646 Lausi
1089 2606 1273 2660 patricii,
1307 2607 1379 2660 qui
1411 2606 1487 2647 sub
1524 2606 1707 2647 Arcadio

221 2662 386 2715 floruit,
416 2662 548 2706 aedes.
608 2662 766 2719 Gyllius
797 2662 849 2703 de
878 2664 1164 2718 topographia
1194 2664 1274 2703 CP.
1301 2662 1371 2703 lib.
1404 2662 1429 2702 2
1458 2677 1551 2717 cap.
1582 2663 1648 2703 25.

333 2737 441 2777 Ibid.
460 2735 526 2778 19.
585 2736 670 2777 τῶν
699 2731 1024 2788 Προτικτόρων]
1058 2737 1130 2792 qui
1160 2737 1396 2792 principem
1428 2737 1539 2777 foras
1569 2736 1708 2791 prod..

220 2798 386 2832 euntem
417 2795 701 2845 comitantur,
758 2794 818 2833 ius
864 2793 1069 2832 Palatium
1120 2795 1347 2834 observant
1385 2799 1426 2834 et
1454 2799 1704 2848 protegunt.

220 2849 455 2904 Procopius
489 2851 530 2891 in
559 2849 786 2892 anecdotis.
848 2850 1111 2891 Pancirollus
1143 2850 1184 2891 in
1217 2858 1306 2894 not.
1338 2851 1440 2906 imp.
1471 2864 1561 2905 cap.
1593 2848 1664 2891 89.
