<?xml version="1.0" encoding="UTF-8"?>
<!DOCTYPE html PUBLIC "-//W3C//DTD XHTML 1.0 Transitional//EN"
    "http://www.w3.org/TR/xhtml1/DTD/xhtml1-transitional.dtd">
<html xmlns="http://www.w3.org/1999/xhtml" xml:lang="en" lang="en">
 <head>
  <title>
</title>
<meta http-equiv="Content-Type" content="text/html;charset=utf-8" />
  <meta name='ocr-system' content='tesseract 3.04.00' />
  <meta name='ocr-capabilities' content='ocr_page ocr_carea ocr_par ocr_line ocrx_word'/>
</head>
<body>
  <div class='ocr_page' id='page_1' title='image "./corpusscriptorum47niebuoft_0161.png"; bbox 0 0 1768 3268; ppageno 0'>
   <div class='ocr_carea' id='block_1_1' title="bbox 550 186 1504 236">
    <p class='ocr_par' dir='ltr' id='par_1_1' title="bbox 550 186 1504 236">
     <span class='ocr_line' id='line_1_1' title="bbox 550 186 1504 236; baseline -0.003 0"><span class='ocrx_word' id='word_1_1' title='bbox 550 195 620 236; x_wconf 71' lang='lat' dir='ltr'><strong>Ex</strong></span> <span class='ocrx_word' id='word_1_2' title='bbox 656 193 1004 236; x_wconf 77' lang='lat' dir='ltr'><strong>THEOPHANE.</strong></span> <span class='ocrx_word' id='word_1_3' title='bbox 1416 193 1438 234; x_wconf 84' lang='lat'>1</span> <span class='ocrx_word' id='word_1_4' title='bbox 1447 186 1475 234; x_wconf 85' lang='lat'>5</span> <span class='ocrx_word' id='word_1_5' title='bbox 1483 192 1504 232; x_wconf 87' lang='lat'>1</span> 
     </span>
    </p>
   </div>
   <div class='ocr_carea' id='block_1_2' title="bbox 2 308 1650 2687">
    <p class='ocr_par' dir='ltr' id='par_1_2' title="bbox 2 308 1650 2687">
     <span class='ocr_line' id='line_1_2' title="bbox 39 308 1514 365; baseline -0.001 -16"><span class='ocrx_word' id='word_1_6' title='bbox 39 309 175 350; x_wconf 83' lang='lat' dir='ltr'><strong>luisset</strong></span> <span class='ocrx_word' id='word_1_7' title='bbox 193 309 370 351; x_wconf 76' lang='lat' dir='ltr'><strong>transire</strong></span> <span class='ocrx_word' id='word_1_8' title='bbox 386 324 465 365; x_wconf 88' lang='lat' dir='ltr'><strong>per</strong></span> <span class='ocrx_word' id='word_1_9' title='bbox 483 317 672 365; x_wconf 86' lang='lat' dir='ltr'><strong>pontem,</strong></span> <span class='ocrx_word' id='word_1_10' title='bbox 691 309 928 349; x_wconf 82' lang='lat' dir='ltr'>discurrens</span> <span class='ocrx_word' id='word_1_11' title='bbox 955 308 1114 349; x_wconf 86' lang='lat' dir='ltr'><strong>invenit</strong></span> <span class='ocrx_word' id='word_1_12' title='bbox 1128 315 1323 362; x_wconf 86' lang='lat' dir='ltr'><strong>meatum,</strong></span> <span class='ocrx_word' id='word_1_13' title='bbox 1341 315 1385 350; x_wconf 85' lang='lat' dir='ltr'><strong>et</strong></span> <span class='ocrx_word' id='word_1_14' title='bbox 1402 308 1514 351; x_wconf 87' lang='lat' dir='ltr'><strong>hunc</strong></span> 
     </span>
     <span class='ocr_line' id='line_1_3' title="bbox 39 365 1514 419; baseline -0.001 -14"><span class='ocrx_word' id='word_1_15' title='bbox 39 366 257 419; x_wconf 77' lang='lat' dir='ltr'>inopinate</span> <span class='ocrx_word' id='word_1_16' title='bbox 282 367 438 408; x_wconf 84' lang='lat' dir='ltr'><strong>Martio</strong></span> <span class='ocrx_word' id='word_1_17' title='bbox 467 381 607 408; x_wconf 89' lang='lat' dir='ltr'><strong>mense</strong></span> <span class='ocrx_word' id='word_1_18' title='bbox 634 367 723 407; x_wconf 85' lang='lat' dir='ltr'><strong>sine</strong></span> <span class='ocrx_word' id='word_1_19' title='bbox 750 365 992 406; x_wconf 88' lang='lat' dir='ltr'><strong>discrimine</strong></span> <span class='ocrx_word' id='word_1_20' title='bbox 1022 366 1335 417; x_wconf 77' lang='lat' dir='ltr'><strong>transfretavit,</strong></span> <span class='ocrx_word' id='word_1_21' title='bbox 1363 371 1407 406; x_wconf 87' lang='lat' dir='ltr'><strong>et</strong></span> <span class='ocrx_word' id='word_1_22' title='bbox 1433 365 1514 404; x_wconf 83' lang='lat' dir='ltr'><strong>Sa-</strong></span> 
     </span>
     <span class='ocr_line' id='line_1_4' title="bbox 37 422 1516 479; baseline 0 -18"><span class='ocrx_word' id='word_1_23' title='bbox 37 427 195 463; x_wconf 88' lang='lat' dir='ltr'><strong>mosata</strong></span> <span class='ocrx_word' id='word_1_24' title='bbox 221 423 428 476; x_wconf 82' lang='lat' dir='ltr'><strong>pervenit.</strong></span> <span class='ocrx_word' id='word_1_25' title='bbox 446 437 674 479; x_wconf 80' lang='lat' dir='ltr'><strong>rursusque</strong></span> <span class='ocrx_word' id='word_1_26' title='bbox 691 438 787 463; x_wconf 89' lang='lat' dir='ltr'><strong>eum</strong></span> <span class='ocrx_word' id='word_1_27' title='bbox 798 423 987 462; x_wconf 84' lang='lat' dir='ltr'><strong>Taurum</strong></span> <span class='ocrx_word' id='word_1_28' title='bbox 1009 423 1307 477; x_wconf 80' lang='lat' dir='ltr'><strong>praeteriisset,</strong></span> <span class='ocrx_word' id='word_1_29' title='bbox 1338 422 1380 462; x_wconf 93' lang='lat' dir='ltr'><strong>in</strong></span> <span class='ocrx_word' id='word_1_30' title='bbox 1402 423 1516 462; x_wconf 83' lang='lat' dir='ltr'><strong>Ger-</strong></span> 
     </span>
     <span class='ocr_line' id='line_1_5' title="bbox 36 477 1515 534; baseline -0.001 -16"><span class='ocrx_word' id='word_1_31' title='bbox 36 478 257 519; x_wconf 86' lang='lat' dir='ltr'><strong>maniciam</strong></span> <span class='ocrx_word' id='word_1_32' title='bbox 286 487 349 521; x_wconf 79' lang='lat' dir='ltr'><strong>est</strong></span> <span class='ocrx_word' id='word_1_33' title='bbox 376 481 619 534; x_wconf 77' lang='lat' dir='ltr'><strong>profectuS,</strong></span> <span class='ocrx_word' id='word_1_34' title='bbox 647 485 690 520; x_wconf 89' lang='lat' dir='ltr'><strong>et</strong></span> <span class='ocrx_word' id='word_1_35' title='bbox 730 494 826 520; x_wconf 86' lang='lat' dir='ltr'><strong>cum</strong></span> <span class='ocrx_word' id='word_1_36' title='bbox 867 479 1095 520; x_wconf 81' lang='lat' dir='ltr'><strong>transiisset</strong></span> <span class='ocrx_word' id='word_1_37' title='bbox 1134 479 1187 519; x_wconf 88' lang='lat' dir='ltr'><strong>ad</strong></span> <span class='ocrx_word' id='word_1_38' title='bbox 1215 479 1372 528; x_wconf 82' lang='lat' dir='ltr'>Adana,</span> <span class='ocrx_word' id='word_1_39' title='bbox 1402 477 1515 519; x_wconf 83' lang='lat' dir='ltr'><strong>venit</strong></span> 
     </span>
     <span class='ocr_line' id='line_1_6' title="bbox 42 534 1514 591; baseline -0.001 -17"><span class='ocrx_word' id='word_1_40' title='bbox 42 534 97 575; x_wconf 81' lang='lat' dir='ltr'><strong>ad</strong></span> <span class='ocrx_word' id='word_1_41' title='bbox 126 550 307 576; x_wconf 55' lang='lat' dir='ltr'><strong>³amnem</strong></span> <span class='ocrx_word' id='word_1_42' title='bbox 333 537 485 577; x_wconf 87' lang='lat' dir='ltr'><strong>Saron.</strong></span> <span class='ocrx_word' id='word_1_43' title='bbox 551 536 759 577; x_wconf 82' lang='lat' dir='ltr'><strong>sarbarus</strong></span> <span class='ocrx_word' id='word_1_44' title='bbox 795 540 937 576; x_wconf 86' lang='lat' dir='ltr'><strong>autem</strong></span> <span class='ocrx_word' id='word_1_45' title='bbox 976 541 1108 591; x_wconf 88' lang='lat' dir='ltr'><strong>ponte</strong></span> <span class='ocrx_word' id='word_1_46' title='bbox 1151 550 1292 576; x_wconf 81' lang='lat' dir='ltr'><strong>rursus</strong></span> <span class='ocrx_word' id='word_1_47' title='bbox 1340 536 1381 574; x_wconf 89' lang='lat' dir='ltr'><strong>in</strong></span> <span class='ocrx_word' id='word_1_48' title='bbox 1406 548 1514 588; x_wconf 87' lang='lat' dir='ltr'><strong>pro-</strong></span> 
     </span>
     <span class='ocr_line' id='line_1_7' title="bbox 36 590 1515 648; baseline -0.001 -17"><span class='ocrx_word' id='word_1_49' title='bbox 36 590 134 647; x_wconf 86' lang='lat' dir='ltr'><strong>prio</strong></span> <span class='ocrx_word' id='word_1_50' title='bbox 178 591 274 632; x_wconf 89' lang='lat' dir='ltr'><strong>loco</strong></span> <span class='ocrx_word' id='word_1_51' title='bbox 319 598 486 634; x_wconf 83' lang='lat' dir='ltr'><strong>extenso</strong></span> <span class='ocrx_word' id='word_1_52' title='bbox 526 594 682 648; x_wconf 84' lang='lat' dir='ltr'><strong>absque</strong></span> <span class='ocrx_word' id='word_1_53' title='bbox 728 592 945 632; x_wconf 86' lang='lat' dir='ltr'><strong>obstaculo</strong></span> <span class='ocrx_word' id='word_1_54' title='bbox 986 593 1275 632; x_wconf 77' lang='lat' dir='ltr'><strong>transfretavit</strong></span> <span class='ocrx_word' id='word_1_55' title='bbox 1314 591 1515 644; x_wconf 66' lang='lat' dir='ltr'><strong>Euphr-</strong></span> 
     </span>
     <span class='ocr_line' id='line_1_8' title="bbox 38 649 1513 705; baseline -0.003 -15"><span class='ocrx_word' id='word_1_56' title='bbox 38 653 149 699; x_wconf 80' lang='lat' dir='ltr'><strong>tem,</strong></span> <span class='ocrx_word' id='word_1_57' title='bbox 179 653 224 689; x_wconf 85' lang='lat' dir='ltr'><strong>et</strong></span> <span class='ocrx_word' id='word_1_58' title='bbox 262 650 520 705; x_wconf 79' lang='lat' dir='ltr'><strong>sequebatur</strong></span> <span class='ocrx_word' id='word_1_59' title='bbox 558 657 656 704; x_wconf 87' lang='lat' dir='ltr'><strong>post</strong></span> <span class='ocrx_word' id='word_1_60' title='bbox 685 664 794 690; x_wconf 89' lang='lat' dir='ltr'><strong>eum.</strong></span> <span class='ocrx_word' id='word_1_61' title='bbox 858 655 922 690; x_wconf 91' lang='lat' dir='ltr'><strong>ast</strong></span> <span class='ocrx_word' id='word_1_62' title='bbox 960 649 1197 704; x_wconf 86' lang='lat' dir='ltr'><strong>imperator</strong></span> <span class='ocrx_word' id='word_1_63' title='bbox 1235 663 1332 689; x_wconf 85' lang='lat' dir='ltr'><strong>cum</strong></span> <span class='ocrx_word' id='word_1_64' title='bbox 1377 654 1513 687; x_wconf 84' lang='lat' dir='ltr'><strong>trans-</strong></span> 
     </span>
     <span class='ocr_line' id='line_1_9' title="bbox 38 703 1513 762; baseline -0.001 -17"><span class='ocrx_word' id='word_1_65' title='bbox 38 703 136 745; x_wconf 83' lang='lat' dir='ltr'><strong>isset</strong></span> <span class='ocrx_word' id='word_1_66' title='bbox 166 711 345 759; x_wconf 88' lang='lat' dir='ltr'><strong>pontem</strong></span> <span class='ocrx_word' id='word_1_67' title='bbox 371 706 498 758; x_wconf 85' lang='lat' dir='ltr'><strong>Sari,</strong></span> <span class='ocrx_word' id='word_1_68' title='bbox 530 705 697 747; x_wconf 80' lang='lat' dir='ltr'><strong>inventa</strong></span> <span class='ocrx_word' id='word_1_69' title='bbox 728 705 875 762; x_wconf 89' lang='lat' dir='ltr'><strong>requie</strong></span> <span class='ocrx_word' id='word_1_70' title='bbox 914 712 1000 747; x_wconf 86' lang='lat' dir='ltr'><strong>tam</strong></span> <span class='ocrx_word' id='word_1_71' title='bbox 1027 705 1232 747; x_wconf 85' lang='lat' dir='ltr'><strong>exereitus</strong></span> <span class='ocrx_word' id='word_1_72' title='bbox 1271 719 1396 760; x_wconf 83' lang='lat' dir='ltr'><strong>quam</strong></span> <span class='ocrx_word' id='word_1_73' title='bbox 1420 703 1513 743; x_wconf 88' lang='lat' dir='ltr'><strong>ani-</strong></span> 
     </span>
     <span class='ocr_line' id='line_1_10' title="bbox 38 761 1516 818; baseline -0.001 -17"><span class='ocrx_word' id='word_1_74' title='bbox 38 761 210 802; x_wconf 81' lang='lat' dir='ltr'><strong>matium</strong></span> <span class='ocrx_word' id='word_1_75' title='bbox 236 761 350 803; x_wconf 82' lang='lat' dir='ltr'><strong>circa</strong></span> <span class='ocrx_word' id='word_1_76' title='bbox 380 762 517 818; x_wconf 85' lang='lat' dir='ltr'><strong>ipsum</strong></span> <span class='ocrx_word' id='word_1_77' title='bbox 546 769 681 803; x_wconf 86' lang='lat' dir='ltr'><strong>castra</strong></span> <span class='ocrx_word' id='word_1_78' title='bbox 708 768 886 803; x_wconf 84' lang='lat' dir='ltr'><strong>metatus</strong></span> <span class='ocrx_word' id='word_1_79' title='bbox 920 767 994 814; x_wconf 83' lang='lat' dir='ltr'><strong>est,</strong></span> <span class='ocrx_word' id='word_1_80' title='bbox 1027 762 1214 804; x_wconf 84' lang='lat' dir='ltr'><strong>reficiens</strong></span> <span class='ocrx_word' id='word_1_81' title='bbox 1245 774 1327 802; x_wconf 91' lang='lat' dir='ltr'><strong>eos.</strong></span> <span class='ocrx_word' id='word_1_82' title='bbox 1359 775 1516 814; x_wconf 85' lang='lat' dir='ltr'><strong>perve-</strong></span> 
     </span>
     <span class='ocr_line' id='line_1_11' title="bbox 36 818 1516 875; baseline 0 -18"><span class='ocrx_word' id='word_1_83' title='bbox 36 818 102 857; x_wconf 88' lang='lat' dir='ltr'><strong>nit</strong></span> <span class='ocrx_word' id='word_1_84' title='bbox 140 823 282 858; x_wconf 76' lang='lat' dir='ltr'><strong>autem</strong></span> <span class='ocrx_word' id='word_1_85' title='bbox 318 823 362 860; x_wconf 87' lang='lat' dir='ltr'><strong>et</strong></span> <span class='ocrx_word' id='word_1_86' title='bbox 391 820 596 861; x_wconf 85' lang='lat' dir='ltr'><strong>Sarbarus</strong></span> <span class='ocrx_word' id='word_1_87' title='bbox 636 818 680 859; x_wconf 89' lang='lat' dir='ltr'><strong>in</strong></span> <span class='ocrx_word' id='word_1_88' title='bbox 709 825 877 873; x_wconf 86' lang='lat' dir='ltr'><strong>partem</strong></span> <span class='ocrx_word' id='word_1_89' title='bbox 915 833 1024 875; x_wconf 88' lang='lat' dir='ltr'><strong>quae</strong></span> <span class='ocrx_word' id='word_1_90' title='bbox 1063 818 1107 858; x_wconf 88' lang='lat' dir='ltr'><strong>in</strong></span> <span class='ocrx_word' id='word_1_91' title='bbox 1148 826 1299 859; x_wconf 86' lang='lat' dir='ltr'><strong>eontra</strong></span> <span class='ocrx_word' id='word_1_92' title='bbox 1342 832 1426 858; x_wconf 81' lang='lat' dir='ltr'><strong>esse</strong></span> <span class='ocrx_word' id='word_1_93' title='bbox 1467 830 1516 857; x_wconf 81' lang='lat' dir='ltr'><strong>ex</strong></span> 
     </span>
     <span class='ocr_line' id='line_1_12' title="bbox 36 874 1517 929; baseline 0 -16"><span class='ocrx_word' id='word_1_94' title='bbox 36 874 170 914; x_wconf 87' lang='lat' dir='ltr'><strong>altera</strong></span> <span class='ocrx_word' id='word_1_95' title='bbox 195 880 323 929; x_wconf 82' lang='lat' dir='ltr'><strong>parte</strong></span> <span class='ocrx_word' id='word_1_96' title='bbox 354 874 589 917; x_wconf 87' lang='lat' dir='ltr'><strong>videbatur.</strong></span> <span class='ocrx_word' id='word_1_97' title='bbox 656 875 830 917; x_wconf 87' lang='lat' dir='ltr'><strong>invento</strong></span> <span class='ocrx_word' id='word_1_98' title='bbox 858 890 960 916; x_wconf 83' lang='lat' dir='ltr'><strong>vero</strong></span> <span class='ocrx_word' id='word_1_99' title='bbox 999 882 1155 929; x_wconf 87' lang='lat' dir='ltr'><strong>ponte,</strong></span> <span class='ocrx_word' id='word_1_100' title='bbox 1195 880 1239 917; x_wconf 82' lang='lat' dir='ltr'><strong>et</strong></span> <span class='ocrx_word' id='word_1_101' title='bbox 1267 888 1517 929; x_wconf 84' lang='lat' dir='ltr'><strong>propugna-</strong></span> 
     </span>
     <span class='ocr_line' id='line_1_13' title="bbox 37 930 1516 986; baseline -0.001 -15"><span class='ocrx_word' id='word_1_102' title='bbox 37 930 140 972; x_wconf 79' lang='lat' dir='ltr'><strong>culis</strong></span> <span class='ocrx_word' id='word_1_103' title='bbox 179 945 290 985; x_wconf 87' lang='lat' dir='ltr'><strong>quae</strong></span> <span class='ocrx_word' id='word_1_104' title='bbox 317 931 360 971; x_wconf 90' lang='lat' dir='ltr'><strong>in</strong></span> <span class='ocrx_word' id='word_1_105' title='bbox 389 932 479 986; x_wconf 87' lang='lat' dir='ltr'><strong>ipso</strong></span> <span class='ocrx_word' id='word_1_106' title='bbox 509 939 633 974; x_wconf 85' lang='lat' dir='ltr'><strong>erant</strong></span> <span class='ocrx_word' id='word_1_107' title='bbox 661 948 683 973; x_wconf 85' lang='lat' dir='ltr'><strong>a</strong></span> <span class='ocrx_word' id='word_1_108' title='bbox 713 931 909 973; x_wconf 88' lang='lat' dir='ltr'><strong>Romanis</strong></span> <span class='ocrx_word' id='word_1_109' title='bbox 938 932 1146 984; x_wconf 83' lang='lat' dir='ltr'><strong>obtentis,</strong></span> <span class='ocrx_word' id='word_1_110' title='bbox 1175 938 1310 972; x_wconf 86' lang='lat' dir='ltr'><strong>castra</strong></span> <span class='ocrx_word' id='word_1_111' title='bbox 1339 937 1516 986; x_wconf 80' lang='lat' dir='ltr'><strong>metatus</strong></span> 
     </span>
     <span class='ocr_line' id='line_1_14' title="bbox 39 987 1515 1044; baseline 0 -17"><span class='ocrx_word' id='word_1_112' title='bbox 39 993 117 1027; x_wconf 88' lang='lat' dir='ltr'><strong>est.</strong></span> <span class='ocrx_word' id='word_1_113' title='bbox 183 995 452 1029; x_wconf 78' lang='lat' dir='ltr'><strong>excurrentes</strong></span> <span class='ocrx_word' id='word_1_114' title='bbox 490 994 630 1030; x_wconf 85' lang='lat' dir='ltr'><strong>autem</strong></span> <span class='ocrx_word' id='word_1_115' title='bbox 668 989 790 1029; x_wconf 87' lang='lat' dir='ltr'><strong>multi</strong></span> <span class='ocrx_word' id='word_1_116' title='bbox 816 991 1106 1030; x_wconf 88' lang='lat' dir='ltr'><strong>Romanorum</strong></span> <span class='ocrx_word' id='word_1_117' title='bbox 1133 1003 1212 1044; x_wconf 88' lang='lat' dir='ltr'><strong>per</strong></span> <span class='ocrx_word' id='word_1_118' title='bbox 1244 995 1418 1043; x_wconf 85' lang='lat' dir='ltr'><strong>pontem</strong></span> <span class='ocrx_word' id='word_1_119' title='bbox 1449 987 1515 1028; x_wconf 88' lang='lat' dir='ltr'><strong>in-</strong></span> 
     </span>
     <span class='ocr_line' id='line_1_15' title="bbox 37 1042 1516 1098; baseline -0.001 -14"><span class='ocrx_word' id='word_1_120' title='bbox 37 1042 231 1084; x_wconf 84' lang='lat' dir='ltr'><strong>ordinate</strong></span> <span class='ocrx_word' id='word_1_121' title='bbox 264 1058 362 1085; x_wconf 83' lang='lat' dir='ltr'><strong>cum</strong></span> <span class='ocrx_word' id='word_1_122' title='bbox 389 1045 525 1086; x_wconf 86' lang='lat' dir='ltr'><strong>Persis</strong></span> <span class='ocrx_word' id='word_1_123' title='bbox 566 1047 842 1086; x_wconf 88' lang='lat' dir='ltr'><strong>coutulerunt</strong></span> <span class='ocrx_word' id='word_1_124' title='bbox 882 1046 1153 1096; x_wconf 82' lang='lat' dir='ltr'><strong>conflictum,</strong></span> <span class='ocrx_word' id='word_1_125' title='bbox 1185 1046 1315 1086; x_wconf 86' lang='lat' dir='ltr'><strong>multa</strong></span> <span class='ocrx_word' id='word_1_126' title='bbox 1348 1043 1390 1084; x_wconf 89' lang='lat' dir='ltr'><strong>in</strong></span> <span class='ocrx_word' id='word_1_127' title='bbox 1423 1044 1516 1098; x_wconf 85' lang='lat' dir='ltr'><strong>ipsis</strong></span> 
     </span>
     <span class='ocr_line' id='line_1_16' title="bbox 39 1099 1518 1156; baseline -0.001 -17"><span class='ocrx_word' id='word_1_128' title='bbox 39 1099 432 1148; x_wconf 67' lang='lat' dir='ltr'><strong>eaedeecmmissa.</strong></span> <span class='ocrx_word' id='word_1_129' title='bbox 500 1117 648 1143; x_wconf 81' lang='lat' dir='ltr'><strong>verum</strong></span> <span class='ocrx_word' id='word_1_130' title='bbox 678 1103 911 1156; x_wconf 87' lang='lat' dir='ltr'><strong>imperator</strong></span> <span class='ocrx_word' id='word_1_131' title='bbox 939 1101 1014 1142; x_wconf 87' lang='lat' dir='ltr'><strong>hos</strong></span> <span class='ocrx_word' id='word_1_132' title='bbox 1045 1102 1285 1142; x_wconf 86' lang='lat' dir='ltr'><strong>inordinate</strong></span> <span class='ocrx_word' id='word_1_133' title='bbox 1313 1100 1518 1155; x_wconf 82' lang='lat' dir='ltr'><strong>prohibe-</strong></span> 
     </span>
     <span class='ocr_line' id='line_1_17' title="bbox 40 1155 1518 1210; baseline 0.001 -14"><span class='ocrx_word' id='word_1_134' title='bbox 40 1155 116 1197; x_wconf 84' lang='lat' dir='ltr'><strong>bat</strong></span> <span class='ocrx_word' id='word_1_135' title='bbox 144 1155 397 1210; x_wconf 79' lang='lat' dir='ltr'><strong>discurrere,</strong></span> <span class='ocrx_word' id='word_1_136' title='bbox 426 1173 480 1198; x_wconf 88' lang='lat' dir='ltr'><strong>ne</strong></span> <span class='ocrx_word' id='word_1_137' title='bbox 506 1159 620 1200; x_wconf 84' lang='lat' dir='ltr'><strong>forte</strong></span> <span class='ocrx_word' id='word_1_138' title='bbox 644 1159 726 1199; x_wconf 85' lang='lat' dir='ltr'><strong>iter</strong></span> <span class='ocrx_word' id='word_1_139' title='bbox 748 1160 865 1199; x_wconf 81' lang='lat' dir='ltr'><strong>fieret</strong></span> <span class='ocrx_word' id='word_1_140' title='bbox 895 1158 1145 1200; x_wconf 82' lang='lat' dir='ltr'><strong>adversariis</strong></span> <span class='ocrx_word' id='word_1_141' title='bbox 1175 1173 1272 1200; x_wconf 83' lang='lat' dir='ltr'><strong>cum</strong></span> <span class='ocrx_word' id='word_1_142' title='bbox 1302 1157 1377 1198; x_wconf 89' lang='lat' dir='ltr'><strong>illis</strong></span> <span class='ocrx_word' id='word_1_143' title='bbox 1406 1171 1518 1198; x_wconf 89' lang='lat' dir='ltr'><strong>eon-</strong></span> 
     </span>
     <span class='ocr_line' id='line_1_18' title="bbox 35 1211 1645 1270; baseline 0.002 -16"><span class='ocrx_word' id='word_1_144' title='bbox 35 1211 229 1254; x_wconf 80' lang='lat' dir='ltr'><strong>veniendi</strong></span> <span class='ocrx_word' id='word_1_145' title='bbox 256 1213 311 1252; x_wconf 83' lang='lat' dir='ltr'><strong>ad</strong></span> <span class='ocrx_word' id='word_1_146' title='bbox 340 1219 514 1268; x_wconf 89' lang='lat' dir='ltr'><strong>pontem</strong></span> <span class='ocrx_word' id='word_1_147' title='bbox 560 1222 605 1256; x_wconf 91' lang='lat' dir='ltr'><strong>et</strong></span> <span class='ocrx_word' id='word_1_148' title='bbox 632 1216 798 1270; x_wconf 86' lang='lat' dir='ltr'><strong>pariter</strong></span> <span class='ocrx_word' id='word_1_149' title='bbox 824 1215 1102 1256; x_wconf 76' lang='lat' dir='ltr'><strong>commeandi.</strong></span> <span class='ocrx_word' id='word_1_150' title='bbox 1159 1215 1340 1270; x_wconf 84' lang='lat' dir='ltr'><strong>populus</strong></span> <span class='ocrx_word' id='word_1_151' title='bbox 1376 1219 1515 1255; x_wconf 83' lang='lat' dir='ltr'><strong>autem</strong></span> <span class='ocrx_word' id='word_1_152' title='bbox 1527 1221 1645 1267; x_wconf 47' lang='lat' dir='ltr'><strong>pstea</strong></span> 
     </span>
     <span class='ocr_line' id='line_1_19' title="bbox 36 1269 1516 1326; baseline 0.001 -17"><span class='ocrx_word' id='word_1_153' title='bbox 36 1282 122 1309; x_wconf 86' lang='lat' dir='ltr'><strong>non</strong></span> <span class='ocrx_word' id='word_1_154' title='bbox 155 1269 449 1325; x_wconf 86' lang='lat' dir='ltr'><strong>acquiescebat</strong></span> <span class='ocrx_word' id='word_1_155' title='bbox 485 1271 751 1326; x_wconf 82' lang='lat' dir='ltr'><strong>imperatori.</strong></span> <span class='ocrx_word' id='word_1_156' title='bbox 821 1286 956 1326; x_wconf 89' lang='lat' dir='ltr'><strong>porro</strong></span> <span class='ocrx_word' id='word_1_157' title='bbox 987 1272 1223 1324; x_wconf 84' lang='lat' dir='ltr'><strong>Sarbarus,</strong></span> <span class='ocrx_word' id='word_1_158' title='bbox 1264 1270 1516 1326; x_wconf 86' lang='lat' dir='ltr'><strong>quibusdam</strong></span> 
     </span>
     <span class='ocr_line' id='line_1_20' title="bbox 38 1325 1515 1383; baseline 0.001 -17"><span class='ocrx_word' id='word_1_159' title='bbox 38 1325 245 1366; x_wconf 81' lang='lat' dir='ltr'><strong>exercitus</strong></span> <span class='ocrx_word' id='word_1_160' title='bbox 269 1327 333 1367; x_wconf 88' lang='lat' dir='ltr'><strong>sni</strong></span> <span class='ocrx_word' id='word_1_161' title='bbox 355 1327 462 1368; x_wconf 87' lang='lat' dir='ltr'><strong>elam</strong></span> <span class='ocrx_word' id='word_1_162' title='bbox 493 1328 536 1369; x_wconf 91' lang='lat' dir='ltr'><strong>in</strong></span> <span class='ocrx_word' id='word_1_163' title='bbox 559 1328 658 1369; x_wconf 89' lang='lat' dir='ltr'><strong>locis</strong></span> <span class='ocrx_word' id='word_1_164' title='bbox 675 1327 826 1369; x_wconf 85' lang='lat' dir='ltr'><strong>abditis</strong></span> <span class='ocrx_word' id='word_1_165' title='bbox 859 1328 1087 1379; x_wconf 75' lang='lat' dir='ltr'><strong>collocatis,</strong></span> <span class='ocrx_word' id='word_1_166' title='bbox 1117 1327 1299 1372; x_wconf 84' lang='lat' dir='ltr'><strong>ostendit</strong></span> <span class='ocrx_word' id='word_1_167' title='bbox 1322 1342 1365 1369; x_wconf 88' lang='lat' dir='ltr'><strong>se</strong></span> <span class='ocrx_word' id='word_1_168' title='bbox 1397 1327 1515 1383; x_wconf 87' lang='lat' dir='ltr'><strong>quasi</strong></span> 
     </span>
     <span class='ocr_line' id='line_1_21' title="bbox 42 1382 1517 1440; baseline 0.002 -18"><span class='ocrx_word' id='word_1_169' title='bbox 42 1382 299 1437; x_wconf 76' lang='lat' dir='ltr'><strong>fugientem,</strong></span> <span class='ocrx_word' id='word_1_170' title='bbox 338 1398 388 1424; x_wconf 88' lang='lat' dir='ltr'><strong>ac</strong></span> <span class='ocrx_word' id='word_1_171' title='bbox 415 1384 475 1424; x_wconf 92' lang='lat' dir='ltr'><strong>sic</strong></span> <span class='ocrx_word' id='word_1_172' title='bbox 512 1385 711 1425; x_wconf 82' lang='lat' dir='ltr'><strong>abstraxit</strong></span> <span class='ocrx_word' id='word_1_173' title='bbox 739 1385 894 1425; x_wconf 89' lang='lat' dir='ltr'><strong>multos</strong></span> <span class='ocrx_word' id='word_1_174' title='bbox 927 1385 1138 1426; x_wconf 83' lang='lat' dir='ltr'><strong>Romanos</strong></span> <span class='ocrx_word' id='word_1_175' title='bbox 1167 1392 1339 1440; x_wconf 83' lang='lat' dir='ltr'><strong>praeter</strong></span> <span class='ocrx_word' id='word_1_176' title='bbox 1366 1389 1517 1425; x_wconf 80' lang='lat' dir='ltr'><strong>votum</strong></span> 
     </span>
     <span class='ocr_line' id='line_1_22' title="bbox 41 1437 1514 1492; baseline 0.003 -14"><span class='ocrx_word' id='word_1_177' title='bbox 41 1437 311 1492; x_wconf 85' lang='lat' dir='ltr'><strong>imperatoris</strong></span> <span class='ocrx_word' id='word_1_178' title='bbox 354 1440 411 1481; x_wconf 86' lang='lat' dir='ltr'><strong>ad</strong></span> <span class='ocrx_word' id='word_1_179' title='bbox 450 1440 752 1483; x_wconf 85' lang='lat' dir='ltr'><strong>insecutionem</strong></span> <span class='ocrx_word' id='word_1_180' title='bbox 796 1442 859 1482; x_wconf 89' lang='lat' dir='ltr'><strong>sui</strong></span> <span class='ocrx_word' id='word_1_181' title='bbox 887 1447 1162 1483; x_wconf 86' lang='lat' dir='ltr'><strong>transeuntes.</strong></span> <span class='ocrx_word' id='word_1_182' title='bbox 1219 1456 1407 1482; x_wconf 85' lang='lat' dir='ltr'><strong>reversus</strong></span> <span class='ocrx_word' id='word_1_183' title='bbox 1437 1455 1514 1482; x_wconf 81' lang='lat' dir='ltr'><strong>au-</strong></span> 
     </span>
     <span class='ocr_line' id='line_1_23' title="bbox 38 1495 1517 1553; baseline 0.001 -16"><span class='ocrx_word' id='word_1_184' title='bbox 38 1500 135 1545; x_wconf 79' lang='lat' dir='ltr'><strong>tem,</strong></span> <span class='ocrx_word' id='word_1_185' title='bbox 163 1502 208 1537; x_wconf 85' lang='lat' dir='ltr'><strong>et</strong></span> <span class='ocrx_word' id='word_1_186' title='bbox 236 1495 297 1536; x_wconf 85' lang='lat' dir='ltr'><strong>his</strong></span> <span class='ocrx_word' id='word_1_187' title='bbox 339 1496 383 1536; x_wconf 91' lang='lat' dir='ltr'><strong>in</strong></span> <span class='ocrx_word' id='word_1_188' title='bbox 424 1497 565 1551; x_wconf 82' lang='lat' dir='ltr'><strong>fugam</strong></span> <span class='ocrx_word' id='word_1_189' title='bbox 593 1498 826 1552; x_wconf 82' lang='lat' dir='ltr'><strong>conversis,</strong></span> <span class='ocrx_word' id='word_1_190' title='bbox 850 1503 1067 1553; x_wconf 87' lang='lat' dir='ltr'><strong>quotquot</strong></span> <span class='ocrx_word' id='word_1_191' title='bbox 1094 1504 1213 1539; x_wconf 87' lang='lat' dir='ltr'><strong>extra</strong></span> <span class='ocrx_word' id='word_1_192' title='bbox 1242 1504 1417 1553; x_wconf 86' lang='lat' dir='ltr'><strong>pontem</strong></span> <span class='ocrx_word' id='word_1_193' title='bbox 1444 1510 1517 1544; x_wconf 73' lang='lat' dir='ltr'><strong>ec-</strong></span> 
     </span>
     <span class='ocr_line' id='line_1_24' title="bbox 39 1551 1519 1609; baseline 0.002 -18"><span class='ocrx_word' id='word_1_194' title='bbox 39 1551 211 1605; x_wconf 83' lang='lat' dir='ltr'><strong>eupavit</strong></span> <span class='ocrx_word' id='word_1_195' title='bbox 238 1552 408 1604; x_wconf 74' lang='lat' dir='ltr'><strong>occidit,</strong></span> <span class='ocrx_word' id='word_1_196' title='bbox 434 1553 661 1596; x_wconf 84' lang='lat' dir='ltr'><strong>vindictam</strong></span> <span class='ocrx_word' id='word_1_197' title='bbox 685 1569 902 1609; x_wconf 86' lang='lat' dir='ltr'><strong>perpessos</strong></span> <span class='ocrx_word' id='word_1_198' title='bbox 932 1554 1259 1596; x_wconf 85' lang='lat' dir='ltr'><strong>inobedientiae.</strong></span> <span class='ocrx_word' id='word_1_199' title='bbox 1333 1554 1519 1608; x_wconf 85' lang='lat' dir='ltr'><strong>impera-</strong></span> 
     </span>
     <span class='ocr_line' id='line_1_25' title="bbox 38 1610 1518 1662; baseline 0.001 -12"><span class='ocrx_word' id='word_1_200' title='bbox 38 1614 112 1650; x_wconf 80' lang='lat' dir='ltr'><strong>tor</strong></span> <span class='ocrx_word' id='word_1_201' title='bbox 133 1622 236 1650; x_wconf 85' lang='lat' dir='ltr'><strong>vero</strong></span> <span class='ocrx_word' id='word_1_202' title='bbox 261 1623 356 1649; x_wconf 87' lang='lat' dir='ltr'><strong>cum</strong></span> <span class='ocrx_word' id='word_1_203' title='bbox 375 1610 579 1651; x_wconf 88' lang='lat' dir='ltr'><strong>barbaros</strong></span> <span class='ocrx_word' id='word_1_204' title='bbox 611 1610 776 1652; x_wconf 77' lang='lat' dir='ltr'><strong>vidisset</strong></span> <span class='ocrx_word' id='word_1_205' title='bbox 803 1611 1063 1652; x_wconf 83' lang='lat' dir='ltr'><strong>insecutione</strong></span> <span class='ocrx_word' id='word_1_206' title='bbox 1081 1610 1249 1652; x_wconf 86' lang='lat' dir='ltr'><strong>ordines</strong></span> <span class='ocrx_word' id='word_1_207' title='bbox 1278 1610 1518 1662; x_wconf 80' lang='lat' dir='ltr'><strong>dissolvisse,</strong></span> 
     </span>
     <span class='ocr_line' id='line_1_26' title="bbox 40 1666 1519 1719; baseline 0.001 -15"><span class='ocrx_word' id='word_1_208' title='bbox 40 1669 83 1704; x_wconf 84' lang='lat' dir='ltr'><strong>et</strong></span> <span class='ocrx_word' id='word_1_209' title='bbox 112 1679 159 1705; x_wconf 84' lang='lat' dir='ltr'><strong>ex</strong></span> <span class='ocrx_word' id='word_1_210' title='bbox 177 1666 375 1706; x_wconf 87' lang='lat' dir='ltr'><strong>Romanis</strong></span> <span class='ocrx_word' id='word_1_211' title='bbox 402 1668 605 1708; x_wconf 86' lang='lat' dir='ltr'><strong>stantibus</strong></span> <span class='ocrx_word' id='word_1_212' title='bbox 634 1668 677 1708; x_wconf 90' lang='lat' dir='ltr'><strong>in</strong></span> <span class='ocrx_word' id='word_1_213' title='bbox 706 1668 1033 1708; x_wconf 83' lang='lat' dir='ltr'><strong>antemuralibus</strong></span> <span class='ocrx_word' id='word_1_214' title='bbox 1049 1671 1082 1719; x_wconf 79' lang='lat'><strong>*)</strong></span> <span class='ocrx_word' id='word_1_215' title='bbox 1115 1668 1269 1708; x_wconf 88' lang='lat' dir='ltr'><strong>multos</strong></span> <span class='ocrx_word' id='word_1_216' title='bbox 1297 1667 1519 1719; x_wconf 80' lang='lat' dir='ltr'><strong>extinctos,</strong></span> 
     </span>
     <span class='ocr_line' id='line_1_27' title="bbox 40 1724 1517 1780; baseline 0.003 -19"><span class='ocrx_word' id='word_1_217' title='bbox 40 1729 191 1762; x_wconf 85' lang='lat' dir='ltr'><strong>contra</strong></span> <span class='ocrx_word' id='word_1_218' title='bbox 236 1737 307 1763; x_wconf 90' lang='lat' dir='ltr'><strong>eos</strong></span> <span class='ocrx_word' id='word_1_219' title='bbox 346 1724 564 1777; x_wconf 85' lang='lat' dir='ltr'><strong>profectus</strong></span> <span class='ocrx_word' id='word_1_220' title='bbox 598 1732 674 1766; x_wconf 88' lang='lat' dir='ltr'><strong>est.</strong></span> <span class='ocrx_word' id='word_1_221' title='bbox 747 1740 885 1780; x_wconf 90' lang='lat' dir='ltr'><strong>porro</strong></span> <span class='ocrx_word' id='word_1_222' title='bbox 916 1725 1089 1780; x_wconf 84' lang='lat' dir='ltr'><strong>quidam</strong></span> <span class='ocrx_word' id='word_1_223' title='bbox 1122 1725 1188 1764; x_wconf 85' lang='lat' dir='ltr'><strong>vir</strong></span> <span class='ocrx_word' id='word_1_224' title='bbox 1215 1725 1342 1765; x_wconf 85' lang='lat' dir='ltr'><strong>Persa</strong></span> <span class='ocrx_word' id='word_1_225' title='bbox 1368 1724 1517 1779; x_wconf 73' lang='lat' dir='ltr'><strong>gigan-</strong></span> 
     </span>
     <span class='ocr_line' id='line_1_28' title="bbox 2 1778 1518 1836; baseline 0.003 -21"><span class='ocrx_word' id='word_1_226' title='bbox 2 1812 6 1815; x_wconf 76' lang='grc'>,</span> <span class='ocrx_word' id='word_1_227' title='bbox 39 1783 128 1819; x_wconf 81' lang='lat' dir='ltr'><strong>teus</strong></span> <span class='ocrx_word' id='word_1_228' title='bbox 159 1778 406 1833; x_wconf 87' lang='lat' dir='ltr'><strong>imperatori</strong></span> <span class='ocrx_word' id='word_1_229' title='bbox 434 1795 663 1821; x_wconf 89' lang='lat' dir='ltr'><strong>occurrens</strong></span> <span class='ocrx_word' id='word_1_230' title='bbox 694 1781 805 1822; x_wconf 88' lang='lat' dir='ltr'><strong>hunc</strong></span> <span class='ocrx_word' id='word_1_231' title='bbox 849 1782 891 1821; x_wconf 91' lang='lat' dir='ltr'><strong>in</strong></span> <span class='ocrx_word' id='word_1_232' title='bbox 922 1780 1059 1822; x_wconf 89' lang='lat' dir='ltr'><strong>medio</strong></span> <span class='ocrx_word' id='word_1_233' title='bbox 1090 1781 1231 1835; x_wconf 84' lang='lat' dir='ltr'><strong>pontis</strong></span> <span class='ocrx_word' id='word_1_234' title='bbox 1258 1781 1518 1836; x_wconf 77' lang='lat' dir='ltr'><strong>aggreditur.</strong></span> 
     </span>
     <span class='ocr_line' id='line_1_29' title="bbox 39 1835 1517 1892; baseline 0.001 -18"><span class='ocrx_word' id='word_1_235' title='bbox 39 1840 103 1874; x_wconf 79' lang='lat' dir='ltr'><strong>ast</strong></span> <span class='ocrx_word' id='word_1_236' title='bbox 130 1835 365 1891; x_wconf 89' lang='lat' dir='ltr'><strong>imperator</strong></span> <span class='ocrx_word' id='word_1_237' title='bbox 393 1837 476 1877; x_wconf 85' lang='lat' dir='ltr'><strong>boc</strong></span> <span class='ocrx_word' id='word_1_238' title='bbox 504 1852 700 1891; x_wconf 87' lang='lat' dir='ltr'><strong>percusso</strong></span> <span class='ocrx_word' id='word_1_239' title='bbox 749 1838 791 1878; x_wconf 89' lang='lat' dir='ltr'><strong>in</strong></span> <span class='ocrx_word' id='word_1_240' title='bbox 820 1838 950 1878; x_wconf 90' lang='lat' dir='ltr'><strong>amnis</strong></span> <span class='ocrx_word' id='word_1_241' title='bbox 992 1838 1149 1878; x_wconf 84' lang='lat' dir='ltr'><strong>fluenta</strong></span> <span class='ocrx_word' id='word_1_242' title='bbox 1178 1837 1378 1892; x_wconf 87' lang='lat' dir='ltr'><strong>proiecit.</strong></span> <span class='ocrx_word' id='word_1_243' title='bbox 1433 1835 1517 1877; x_wconf 87' lang='lat' dir='ltr'><strong>hoe</strong></span> 
     </span>
     <span class='ocr_line' id='line_1_30' title="bbox 41 1893 1517 1949; baseline 0.003 -19"><span class='ocrx_word' id='word_1_244' title='bbox 41 1904 127 1930; x_wconf 89' lang='lat' dir='ltr'><strong>uno</strong></span> <span class='ocrx_word' id='word_1_245' title='bbox 158 1898 308 1933; x_wconf 87' lang='lat' dir='ltr'><strong>ruente</strong></span> <span class='ocrx_word' id='word_1_246' title='bbox 346 1893 388 1933; x_wconf 87' lang='lat' dir='ltr'><strong>in</strong></span> <span class='ocrx_word' id='word_1_247' title='bbox 433 1894 573 1948; x_wconf 84' lang='lat' dir='ltr'><strong>fugam</strong></span> <span class='ocrx_word' id='word_1_248' title='bbox 618 1894 791 1935; x_wconf 86' lang='lat' dir='ltr'><strong>barbari</strong></span> <span class='ocrx_word' id='word_1_249' title='bbox 831 1895 938 1935; x_wconf 79' lang='lat' dir='ltr'><strong>versi</strong></span> <span class='ocrx_word' id='word_1_250' title='bbox 974 1901 1084 1946; x_wconf 87' lang='lat' dir='ltr'><strong>sunt,</strong></span> <span class='ocrx_word' id='word_1_251' title='bbox 1126 1900 1168 1934; x_wconf 90' lang='lat' dir='ltr'><strong>et</strong></span> <span class='ocrx_word' id='word_1_252' title='bbox 1196 1909 1299 1949; x_wconf 89' lang='lat' dir='ltr'><strong>prae</strong></span> <span class='ocrx_word' id='word_1_253' title='bbox 1329 1893 1517 1948; x_wconf 79' lang='lat' dir='ltr'><strong>angustia</strong></span> 
     </span>
     <span class='ocr_line' id='line_1_31' title="bbox 39 1948 1516 2002; baseline 0.002 -15"><span class='ocrx_word' id='word_1_254' title='bbox 39 1948 181 2002; x_wconf 88' lang='lat' dir='ltr'><strong>pontis</strong></span> <span class='ocrx_word' id='word_1_255' title='bbox 220 1955 268 1990; x_wconf 90' lang='lat' dir='ltr'><strong>ut</strong></span> <span class='ocrx_word' id='word_1_256' title='bbox 303 1964 430 1990; x_wconf 86' lang='lat' dir='ltr'><strong>ranae</strong></span> <span class='ocrx_word' id='word_1_257' title='bbox 469 1965 512 1992; x_wconf 93' lang='lat' dir='ltr'><strong>se</strong></span> <span class='ocrx_word' id='word_1_258' title='bbox 543 1951 584 1991; x_wconf 87' lang='lat' dir='ltr'><strong>iu</strong></span> <span class='ocrx_word' id='word_1_259' title='bbox 630 1950 801 1992; x_wconf 81' lang='lat' dir='ltr'><strong>flumine</strong></span> <span class='ocrx_word' id='word_1_260' title='bbox 842 1951 1073 1999; x_wconf 86' lang='lat' dir='ltr'><strong>iaciebant;</strong></span> <span class='ocrx_word' id='word_1_261' title='bbox 1124 1951 1192 1991; x_wconf 87' lang='lat' dir='ltr'><strong>alii</strong></span> <span class='ocrx_word' id='word_1_262' title='bbox 1222 1959 1360 1992; x_wconf 86' lang='lat' dir='ltr'><strong>autem</strong></span> <span class='ocrx_word' id='word_1_263' title='bbox 1389 1950 1516 1991; x_wconf 87' lang='lat' dir='ltr'><strong>etiam</strong></span> 
     </span>
     <span class='ocr_line' id='line_1_32' title="bbox 39 2003 1515 2063; baseline 0.001 -20"><span class='ocrx_word' id='word_1_264' title='bbox 39 2003 187 2057; x_wconf 80' lang='lat' dir='ltr'><strong>gladiis</strong></span> <span class='ocrx_word' id='word_1_265' title='bbox 212 2005 550 2048; x_wconf 77' lang='lat' dir='ltr'><strong>trucidabantur.</strong></span> <span class='ocrx_word' id='word_1_266' title='bbox 580 2022 716 2063; x_wconf 89' lang='lat' dir='ltr'><strong>porro</strong></span> <span class='ocrx_word' id='word_1_267' title='bbox 751 2008 981 2049; x_wconf 86' lang='lat' dir='ltr'><strong>multitudo</strong></span> <span class='ocrx_word' id='word_1_268' title='bbox 1010 2008 1295 2049; x_wconf 89' lang='lat' dir='ltr'><strong>barbarorum</strong></span> <span class='ocrx_word' id='word_1_269' title='bbox 1323 2022 1402 2063; x_wconf 88' lang='lat' dir='ltr'><strong>per</strong></span> <span class='ocrx_word' id='word_1_270' title='bbox 1431 2006 1515 2047; x_wconf 85' lang='lat' dir='ltr'><strong>flu-</strong></span> 
     </span>
     <span class='ocr_line' id='line_1_33' title="bbox 39 2061 1513 2118; baseline 0.003 -19"><span class='ocrx_word' id='word_1_271' title='bbox 39 2061 160 2100; x_wconf 79' lang='lat' dir='ltr'><strong>minis</strong></span> <span class='ocrx_word' id='word_1_272' title='bbox 190 2061 303 2116; x_wconf 80' lang='lat' dir='ltr'><strong>ripas</strong></span> <span class='ocrx_word' id='word_1_273' title='bbox 331 2062 477 2104; x_wconf 85' lang='lat' dir='ltr'><strong>diffusa</strong></span> <span class='ocrx_word' id='word_1_274' title='bbox 502 2064 724 2118; x_wconf 81' lang='lat' dir='ltr'><strong>sagittabat</strong></span> <span class='ocrx_word' id='word_1_275' title='bbox 754 2079 803 2104; x_wconf 91' lang='lat' dir='ltr'><strong>ae</strong></span> <span class='ocrx_word' id='word_1_276' title='bbox 834 2065 1064 2117; x_wconf 85' lang='lat' dir='ltr'><strong>resistebat,</strong></span> <span class='ocrx_word' id='word_1_277' title='bbox 1093 2080 1177 2105; x_wconf 91' lang='lat' dir='ltr'><strong>non</strong></span> <span class='ocrx_word' id='word_1_278' title='bbox 1208 2065 1343 2106; x_wconf 87' lang='lat' dir='ltr'><strong>sinens</strong></span> <span class='ocrx_word' id='word_1_279' title='bbox 1375 2070 1513 2104; x_wconf 85' lang='lat' dir='ltr'><strong>trans-</strong></span> 
     </span>
     <span class='ocr_line' id='line_1_34' title="bbox 36 2118 1514 2177; baseline 0.002 -20"><span class='ocrx_word' id='word_1_280' title='bbox 36 2131 179 2159; x_wconf 88' lang='lat' dir='ltr'><strong>meare</strong></span> <span class='ocrx_word' id='word_1_281' title='bbox 205 2118 430 2161; x_wconf 79' lang='lat' dir='ltr'><strong>Romanos.</strong></span> <span class='ocrx_word' id='word_1_282' title='bbox 488 2135 635 2162; x_wconf 83' lang='lat' dir='ltr'><strong>verum</strong></span> <span class='ocrx_word' id='word_1_283' title='bbox 679 2122 915 2177; x_wconf 90' lang='lat' dir='ltr'><strong>imperator</strong></span> <span class='ocrx_word' id='word_1_284' title='bbox 954 2123 1158 2163; x_wconf 87' lang='lat' dir='ltr'><strong>transiens</strong></span> <span class='ocrx_word' id='word_1_285' title='bbox 1202 2121 1382 2162; x_wconf 83' lang='lat' dir='ltr'><strong>viriliter</strong></span> <span class='ocrx_word' id='word_1_286' title='bbox 1412 2121 1514 2160; x_wconf 90' lang='lat' dir='ltr'><strong>bar·</strong></span> 
     </span>
     <span class='ocr_line' id='line_1_35' title="bbox 36 2172 1515 2233; baseline 0.001 -19"><span class='ocrx_word' id='word_1_287' title='bbox 36 2172 148 2214; x_wconf 81' lang='lat' dir='ltr'><strong>haris</strong></span> <span class='ocrx_word' id='word_1_288' title='bbox 179 2175 359 2226; x_wconf 85' lang='lat' dir='ltr'><strong>resistit,</strong></span> <span class='ocrx_word' id='word_1_289' title='bbox 400 2191 494 2216; x_wconf 89' lang='lat' dir='ltr'><strong>cum</strong></span> <span class='ocrx_word' id='word_1_290' title='bbox 525 2177 669 2231; x_wconf 84' lang='lat' dir='ltr'><strong>paucis</strong></span> <span class='ocrx_word' id='word_1_291' title='bbox 702 2177 952 2233; x_wconf 86' lang='lat' dir='ltr'><strong>quibusdam</strong></span> <span class='ocrx_word' id='word_1_292' title='bbox 979 2178 1189 2219; x_wconf 83' lang='lat' dir='ltr'><strong>societatis</strong></span> <span class='ocrx_word' id='word_1_293' title='bbox 1218 2193 1317 2219; x_wconf 88' lang='lat' dir='ltr'><strong>suae</strong></span> <span class='ocrx_word' id='word_1_294' title='bbox 1344 2192 1515 2231; x_wconf 85' lang='lat' dir='ltr'><strong>supera-</strong></span> 
     </span>
     <span class='ocr_line' id='line_1_36' title="bbox 36 2229 1650 2290; baseline 0.002 -21"><span class='ocrx_word' id='word_1_295' title='bbox 36 2229 249 2285; x_wconf 84' lang='lat' dir='ltr'><strong>gonizans,</strong></span> <span class='ocrx_word' id='word_1_296' title='bbox 285 2230 342 2272; x_wconf 88' lang='lat' dir='ltr'><strong>ita</strong></span> <span class='ocrx_word' id='word_1_297' title='bbox 372 2238 422 2272; x_wconf 86' lang='lat' dir='ltr'><strong>nt</strong></span> <span class='ocrx_word' id='word_1_298' title='bbox 449 2234 574 2273; x_wconf 86' lang='lat' dir='ltr'><strong>etiam</strong></span> <span class='ocrx_word' id='word_1_299' title='bbox 601 2249 729 2288; x_wconf 87' lang='lat' dir='ltr'><strong>super</strong></span> <span class='ocrx_word' id='word_1_300' title='bbox 758 2234 841 2276; x_wconf 89' lang='lat' dir='ltr'><strong>hoc</strong></span> <span class='ocrx_word' id='word_1_301' title='bbox 878 2236 1084 2276; x_wconf 88' lang='lat' dir='ltr'><strong>Sarbarus</strong></span> <span class='ocrx_word' id='word_1_302' title='bbox 1113 2235 1442 2290; x_wconf 86' lang='lat' dir='ltr'><strong>obstupesceret,</strong></span> <span class='ocrx_word' id='word_1_303' title='bbox 1472 2239 1515 2273; x_wconf 89' lang='lat' dir='ltr'><strong>et</strong></span> <span class='ocrx_word' id='word_1_304' title='bbox 1527 2234 1650 2284; x_wconf 69' lang='lat' dir='ltr'><strong>p.484</strong></span> 
     </span>
     <span class='ocr_line' id='line_1_37' title="bbox 36 2286 1512 2344; baseline 0.003 -17"><span class='ocrx_word' id='word_1_305' title='bbox 36 2286 90 2327; x_wconf 90' lang='lat' dir='ltr'><strong>ad</strong></span> <span class='ocrx_word' id='word_1_306' title='bbox 117 2287 309 2328; x_wconf 81' lang='lat' dir='ltr'><strong>cosmam</strong></span> <span class='ocrx_word' id='word_1_307' title='bbox 347 2290 559 2344; x_wconf 84' lang='lat' dir='ltr'><strong>quendam</strong></span> <span class='ocrx_word' id='word_1_308' title='bbox 588 2291 699 2331; x_wconf 81' lang='lat' dir='ltr'><strong>iuxta</strong></span> <span class='ocrx_word' id='word_1_309' title='bbox 730 2306 772 2332; x_wconf 90' lang='lat' dir='ltr'><strong>se</strong></span> <span class='ocrx_word' id='word_1_310' title='bbox 800 2298 998 2342; x_wconf 82' lang='lat' dir='ltr'><strong>stantem,</strong></span> <span class='ocrx_word' id='word_1_311' title='bbox 1035 2294 1329 2333; x_wconf 87' lang='lat' dir='ltr'><strong>Romanorum</strong></span> <span class='ocrx_word' id='word_1_312' title='bbox 1361 2291 1512 2344; x_wconf 74' lang='lat' dir='ltr'><strong>protu-</strong></span> 
     </span>
     <span class='ocr_line' id='line_1_38' title="bbox 36 2346 1512 2404; baseline 0.001 -21"><span class='ocrx_word' id='word_1_313' title='bbox 36 2358 136 2397; x_wconf 81' lang='lat' dir='ltr'><strong>gum</strong></span> <span class='ocrx_word' id='word_1_314' title='bbox 163 2359 213 2385; x_wconf 90' lang='lat' dir='ltr'><strong>ac</strong></span> <span class='ocrx_word' id='word_1_315' title='bbox 242 2346 504 2400; x_wconf 82' lang='lat' dir='ltr'><strong>magaritam,</strong></span> <span class='ocrx_word' id='word_1_316' title='bbox 536 2347 721 2400; x_wconf 83' lang='lat' dir='ltr'><strong>diceret,</strong></span> <span class='ocrx_word' id='word_1_317' title='bbox 761 2348 929 2390; x_wconf 83' lang='lat' dir='ltr'><strong>“vides”</strong></span> <span class='ocrx_word' id='word_1_318' title='bbox 961 2349 1151 2404; x_wconf 87' lang='lat' dir='ltr'><strong>inquiens</strong></span> <span class='ocrx_word' id='word_1_319' title='bbox 1191 2349 1456 2398; x_wconf 67' lang='lat' dir='ltr'><strong>“Caaearem,</strong></span> <span class='ocrx_word' id='word_1_320' title='bbox 1485 2359 1512 2386; x_wconf 88' lang='lat' dir='ltr'><strong>o</strong></span> 
     </span>
     <span class='ocr_line' id='line_1_39' title="bbox 37 2401 1514 2460; baseline 0 -20"><span class='ocrx_word' id='word_1_321' title='bbox 37 2401 201 2452; x_wconf 64' lang='lat' dir='ltr'><strong>Conna,</strong></span> <span class='ocrx_word' id='word_1_322' title='bbox 232 2416 359 2457; x_wconf 90' lang='lat' dir='ltr'><strong>quam</strong></span> <span class='ocrx_word' id='word_1_323' title='bbox 389 2403 522 2444; x_wconf 84' lang='lat' dir='ltr'><strong>audax</strong></span> <span class='ocrx_word' id='word_1_324' title='bbox 551 2404 603 2444; x_wconf 90' lang='lat' dir='ltr'><strong>ad</strong></span> <span class='ocrx_word' id='word_1_325' title='bbox 634 2419 817 2460; x_wconf 79' lang='lat' dir='ltr'><strong>pugnam</strong></span> <span class='ocrx_word' id='word_1_326' title='bbox 842 2411 937 2458; x_wconf 90' lang='lat' dir='ltr'><strong>stet,</strong></span> <span class='ocrx_word' id='word_1_327' title='bbox 968 2411 1011 2447; x_wconf 86' lang='lat' dir='ltr'><strong>et</strong></span> <span class='ocrx_word' id='word_1_328' title='bbox 1037 2411 1187 2446; x_wconf 86' lang='lat' dir='ltr'><strong>contra</strong></span> <span class='ocrx_word' id='word_1_329' title='bbox 1213 2410 1371 2445; x_wconf 89' lang='lat' dir='ltr'><strong>tantam</strong></span> <span class='ocrx_word' id='word_1_330' title='bbox 1402 2401 1514 2442; x_wconf 80' lang='lat' dir='ltr'><strong>mul-</strong></span> 
     </span>
     <span class='ocr_line' id='line_1_40' title="bbox 39 2456 1518 2513; baseline 0.002 -16"><span class='ocrx_word' id='word_1_331' title='bbox 39 2456 262 2498; x_wconf 86' lang='lat' dir='ltr'><strong>titudinem</strong></span> <span class='ocrx_word' id='word_1_332' title='bbox 303 2458 412 2499; x_wconf 90' lang='lat' dir='ltr'><strong>solus</strong></span> <span class='ocrx_word' id='word_1_333' title='bbox 447 2459 664 2513; x_wconf 86' lang='lat' dir='ltr'><strong>decertet,</strong></span> <span class='ocrx_word' id='word_1_334' title='bbox 698 2468 741 2502; x_wconf 86' lang='lat' dir='ltr'><strong>et</strong></span> <span class='ocrx_word' id='word_1_335' title='bbox 779 2463 896 2502; x_wconf 81' lang='lat' dir='ltr'><strong>velut</strong></span> <span class='ocrx_word' id='word_1_336' title='bbox 925 2462 1041 2502; x_wconf 89' lang='lat' dir='ltr'><strong>incus</strong></span> <span class='ocrx_word' id='word_1_337' title='bbox 1072 2462 1205 2502; x_wconf 87' lang='lat' dir='ltr'><strong>iacula</strong></span> <span class='ocrx_word' id='word_1_338' title='bbox 1239 2462 1435 2500; x_wconf 86' lang='lat' dir='ltr'><strong>renuat:&#39;&#39;</strong></span> <span class='ocrx_word' id='word_1_339' title='bbox 1468 2473 1518 2500; x_wconf 85' lang='lat' dir='ltr'><strong>ex</strong></span> 
     </span>
     <span class='ocr_line' id='line_1_41' title="bbox 39 2513 1517 2574; baseline 0.003 -22"><span class='ocrx_word' id='word_1_340' title='bbox 39 2513 180 2554; x_wconf 85' lang='lat' dir='ltr'><strong>rubris</strong></span> <span class='ocrx_word' id='word_1_341' title='bbox 226 2515 339 2556; x_wconf 89' lang='lat' dir='ltr'><strong>enim</strong></span> <span class='ocrx_word' id='word_1_342' title='bbox 370 2516 504 2556; x_wconf 88' lang='lat' dir='ltr'><strong>ocreis</strong></span> <span class='ocrx_word' id='word_1_343' title='bbox 541 2518 856 2571; x_wconf 82' lang='lat' dir='ltr'><strong>agnoscebatur,</strong></span> <span class='ocrx_word' id='word_1_344' title='bbox 893 2519 1130 2574; x_wconf 86' lang='lat' dir='ltr'><strong>multasque</strong></span> <span class='ocrx_word' id='word_1_345' title='bbox 1161 2518 1396 2571; x_wconf 86' lang='lat' dir='ltr'><strong>imperator</strong></span> <span class='ocrx_word' id='word_1_346' title='bbox 1423 2515 1517 2571; x_wconf 86' lang='lat' dir='ltr'><strong>pla-</strong></span> 
     </span>
     <span class='ocr_line' id='line_1_42' title="bbox 38 2570 1518 2630; baseline 0.002 -22"><span class='ocrx_word' id='word_1_347' title='bbox 38 2584 129 2624; x_wconf 81' lang='lat' dir='ltr'><strong>gas,</strong></span> <span class='ocrx_word' id='word_1_348' title='bbox 173 2570 270 2611; x_wconf 81' lang='lat' dir='ltr'><strong>licet</strong></span> <span class='ocrx_word' id='word_1_349' title='bbox 303 2572 459 2612; x_wconf 88' lang='lat' dir='ltr'><strong>nullam</strong></span> <span class='ocrx_word' id='word_1_350' title='bbox 488 2572 530 2613; x_wconf 89' lang='lat' dir='ltr'><strong>in</strong></span> <span class='ocrx_word' id='word_1_351' title='bbox 557 2573 640 2613; x_wconf 86' lang='lat' dir='ltr'><strong>boc</strong></span> <span class='ocrx_word' id='word_1_352' title='bbox 678 2575 840 2628; x_wconf 85' lang='lat' dir='ltr'><strong>praelio</strong></span> <span class='ocrx_word' id='word_1_353' title='bbox 870 2575 1163 2630; x_wconf 87' lang='lat' dir='ltr'><strong>periculosam,</strong></span> <span class='ocrx_word' id='word_1_354' title='bbox 1194 2573 1366 2627; x_wconf 82' lang='lat' dir='ltr'><strong>aceepit.</strong></span> <span class='ocrx_word' id='word_1_355' title='bbox 1425 2577 1518 2614; x_wconf 79' lang='lat' dir='ltr'><strong>tota</strong></span> 
     </span>
     <span class='ocr_line' id='line_1_43' title="bbox 39 2626 1516 2687; baseline 0.003 -22"><span class='ocrx_word' id='word_1_356' title='bbox 39 2641 141 2667; x_wconf 79' lang='lat' dir='ltr'><strong>vero</strong></span> <span class='ocrx_word' id='word_1_357' title='bbox 170 2626 239 2669; x_wconf 80' lang='lat' dir='ltr'><strong>die</strong></span> <span class='ocrx_word' id='word_1_358' title='bbox 266 2643 362 2668; x_wconf 89' lang='lat' dir='ltr'><strong>cum</strong></span> <span class='ocrx_word' id='word_1_359' title='bbox 389 2629 430 2669; x_wconf 83' lang='lat' dir='ltr'><strong>in</strong></span> <span class='ocrx_word' id='word_1_360' title='bbox 458 2628 541 2670; x_wconf 87' lang='lat' dir='ltr'><strong>hoc</strong></span> <span class='ocrx_word' id='word_1_361' title='bbox 571 2630 681 2671; x_wconf 87' lang='lat' dir='ltr'><strong>bello</strong></span> <span class='ocrx_word' id='word_1_362' title='bbox 716 2638 978 2687; x_wconf 79' lang='lat' dir='ltr'><strong>pugnassent,</strong></span> <span class='ocrx_word' id='word_1_363' title='bbox 1007 2630 1230 2671; x_wconf 87' lang='lat' dir='ltr'><strong>accedente</strong></span> <span class='ocrx_word' id='word_1_364' title='bbox 1259 2643 1435 2684; x_wconf 83' lang='lat' dir='ltr'><strong>vespera</strong></span> <span class='ocrx_word' id='word_1_365' title='bbox 1463 2629 1516 2669; x_wconf 81' lang='lat' dir='ltr'><strong>ab</strong></span> 
     </span>
    </p>
   </div>
   <div class='ocr_carea' id='block_1_3' title="bbox 85 2726 1517 2778">
    <p class='ocr_par' dir='ltr' id='par_1_3' title="bbox 85 2726 1517 2778">
     <span class='ocr_line' id='line_1_44' title="bbox 85 2726 1517 2778; baseline 0.001 -18"><span class='ocrx_word' id='word_1_366' title='bbox 85 2726 119 2774; x_wconf 77' lang='lat'><strong>¹¹)</strong></span> <span class='ocrx_word' id='word_1_367' title='bbox 147 2728 448 2777; x_wconf 81' lang='lat' dir='ltr'><strong>antemuralibus]</strong></span> <span class='ocrx_word' id='word_1_368' title='bbox 478 2730 609 2764; x_wconf 74' lang='lat' dir='ltr'><strong>Matth.</strong></span> <span class='ocrx_word' id='word_1_369' title='bbox 624 2731 701 2764; x_wconf 82' lang='lat' dir='ltr'><strong>Par.</strong></span> <span class='ocrx_word' id='word_1_370' title='bbox 729 2731 813 2767; x_wconf 78' lang='lat' dir='ltr'><strong>hist.</strong></span> <span class='ocrx_word' id='word_1_371' title='bbox 828 2733 985 2778; x_wconf 82' lang='lat' dir='ltr'><strong>Angl.in</strong></span> <span class='ocrx_word' id='word_1_372' title='bbox 998 2731 1202 2767; x_wconf 83' lang='lat' dir='ltr'><strong>willielmo</strong></span> <span class='ocrx_word' id='word_1_373' title='bbox 1226 2731 1279 2765; x_wconf 83' lang='lat'><strong>11:</strong></span> <span class='ocrx_word' id='word_1_374' title='bbox 1307 2735 1517 2765; x_wconf 74' lang='lat' dir='ltr'><strong>antemura-</strong></span> 
     </span>
    </p>
   </div>
   <div class='ocr_carea' id='block_1_4' title="bbox 129 2774 1517 2869">
    <p class='ocr_par' dir='ltr' id='par_1_4' title="bbox 129 2774 1517 2869">
     <span class='ocr_line' id='line_1_45' title="bbox 129 2774 1517 2858; baseline 0.004 -51"><span class='ocrx_word' id='word_1_375' title='bbox 129 2774 228 2830; x_wconf 71' lang='lat' dir='ltr'><strong>libus</strong></span> <span class='ocrx_word' id='word_1_376' title='bbox 253 2778 447 2858; x_wconf 48' lang='lat' dir='ltr'><strong>congractis</strong></span> <span class='ocrx_word' id='word_1_377' title='bbox 471 2786 642 2825; x_wconf 76' lang='lat' dir='ltr'><strong>cogerent</strong></span> <span class='ocrx_word' id='word_1_378' title='bbox 662 2780 874 2815; x_wconf 82' lang='lat' dir='ltr'><strong>defensores</strong></span> <span class='ocrx_word' id='word_1_379' title='bbox 900 2783 996 2815; x_wconf 83' lang='lat' dir='ltr'><strong>intra</strong></span> <span class='ocrx_word' id='word_1_380' title='bbox 1020 2792 1142 2815; x_wconf 82' lang='lat' dir='ltr'><strong>muros</strong></span> <span class='ocrx_word' id='word_1_381' title='bbox 1170 2779 1368 2813; x_wconf 70' lang='lat' dir='ltr'><strong>interiores</strong></span> <span class='ocrx_word' id='word_1_382' title='bbox 1392 2790 1429 2813; x_wconf 81' lang='lat' dir='ltr'><strong>se</strong></span> <span class='ocrx_word' id='word_1_383' title='bbox 1457 2789 1517 2812; x_wconf 76' lang='lat' dir='ltr'><strong>re-</strong></span> 
     </span>
     <span class='ocr_line' id='line_1_46' title="bbox 129 2833 1189 2869; baseline 0.014 -14"><span class='ocrx_word' id='word_1_384' title='bbox 129 2833 263 2869; x_wconf 77' lang='lat' dir='ltr'><strong>cipere.</strong></span> <span class='ocrx_word' id='word_1_385' title='bbox 341 2838 418 2860; x_wconf 71' lang='lat' dir='ltr'><strong>un.</strong></span> <span class='ocrx_word' id='word_1_386' title='bbox 1186 2836 1189 2838; x_wconf 84' lang='grc'><strong><em>’</em></strong></span> 
     </span>
    </p>
   </div>
  </div>
 </body>
</html>
