1794 3250
558 197 631 239 Ex
667 193 1016 240 THEOPHANE.
1427 193 1527 244 283

56 318 191 359 blicae
206 318 242 366 ;”
269 314 674 372 diffamaveruntque
700 316 799 373 qnia
827 316 1009 358 surrexit
1035 331 1163 372 super
1186 332 1342 373 equum
1368 317 1527 369 sedens,

58 381 102 416 et
132 373 248 415 vadit
272 373 475 428 Vulgare·
503 374 748 424 bellaturus,
775 373 848 429 qui
877 388 901 414 e
928 379 1079 413 contra
1108 375 1334 415 Tartarum
1363 375 1530 416 habitat

57 445 155 471 cum
185 429 468 470 daemonibus.
500 430 574 486 qui
594 431 646 472 ab
678 430 795 471 urbis
817 430 1031 484 praefecto
1062 431 1354 484 comprehensi
1384 432 1527 486 primo

58 485 230 543 quidem
254 485 570 527 mentiebantur
602 486 800 527 divinitus
830 488 946 527 ultro
988 486 1109 527 fuisse
1135 494 1280 541 portas
1308 488 1576 542 sepulcro-p·
1594 488 1668 523 782

59 558 155 584 rum
183 549 376 598 apertas:
414 543 671 596 praesentati
709 556 812 584 vero
851 543 1051 584 tribunali
1089 543 1292 597 praefecti
1327 550 1371 584 et
1417 546 1531 585 circa

62 598 346 641 testimonium
388 599 666 640 claudicantes
696 599 972 640 obserationis
1016 599 1208 640 fraudem
1242 606 1339 641 ante
1366 614 1533 642 omnem

59 669 241 711 poenam
266 655 445 696 confessi
469 663 587 705 sunt3
614 670 720 711 quos
748 656 903 696 merito
924 655 1112 697 vectibus
1141 656 1321 698 subdens
1352 670 1534 712 pompae

59 711 255 767 publicae
281 712 488 762 submisit,
518 712 795 754 vociferantes
813 727 977 752 causam
1005 727 1181 767 poenae.
1238 713 1298 754 sic
1324 713 1436 753 enim
1463 729 1536 754 ne-

60 768 220 823 quitiae
247 767 445 810 inventor
474 768 664 810 diabolus
701 784 799 810 suos
827 769 974 810 milites
1003 769 1214 822 erudivit,
1244 775 1292 809 ut
1321 783 1405 809 non
1431 784 1536 824 pec...

59 832 155 865 cata
186 839 259 865 sua
289 823 366 880 ipsi
398 832 606 876 accusent,
634 825 707 866 sed
737 825 1018 866 orthodoxam
1060 831 1103 866 et
1131 841 1154 866 a
1184 826 1378 881 patribus
1403 826 1541 867 tradi·

58 886 145 921 tam
172 880 300 922 fidem
326 895 578 936 sacrumque
608 882 800 924 habitum
829 882 1149 936 monachorum,
1179 883 1251 938 qui
1280 882 1445 924 divinae
1476 889 1538 924 αἱ

58 936 350 1034 Ρὴΰοεοῖξίαε
378 952 404 992 g
433 938 651 979 mnasium.
679 939 802 981 multi
833 946 974 980 autem
1001 953 1149 980 eorum
1181 939 1255 995 qui
1284 940 1325 980 in
1354 939 1416 979 his
1443 939 1535 980 bla-

57 993 226 1048 sphema
283 1001 362 1044 nt,
435 994 552 1036 abitu
592 1000 758 1036 tantum
799 1003 921 1037 erant
945 995 1198 1046 Christiani,
1227 996 1408 1037 veritate
1434 1010 1538 1037 vero

57 1050 301 1102 Pauficiani,
342 1050 525 1106 quinon
556 1051 738 1093 valentes
781 1051 1039 1094 detestabilia
1067 1052 1265 1106 dogmata
1292 1067 1366 1093 sua
1398 1052 1540 1092 mani-

57 1107 211 1148 festare
239 1106 525 1148 huiuscemodi
566 1109 786 1150 occasione
831 1109 1023 1150 indoctos
1065 1108 1393 1159 adulterabant,
1425 1110 1539 1149 Con-

58 1163 306 1216 stantinum,
333 1164 407 1219 qui
429 1164 587 1205 Iudaici
614 1166 752 1206 fuerat
779 1180 930 1216 sensus,
966 1167 1136 1206 beatum
1156 1164 1340 1206 dicentes
1368 1171 1415 1205 ut
1433 1180 1539 1220 pro-

57 1218 229 1274 phetam
258 1226 302 1261 et
329 1220 552 1274 victorem,
582 1221 875 1278 haeresimque
903 1222 1028 1277 ipsius
1057 1223 1097 1262 in
1128 1222 1443 1262 subversionem
1473 1221 1541 1262 in-

59 1282 256 1317 carnatae
283 1275 601 1331 dispensationis
633 1278 791 1319 domini
816 1279 948 1320 nostri
971 1281 1062 1320 lesu
1092 1278 1249 1319 Christi
1278 1278 1539 1332 amplecten-

62 1337 136 1373 toe.
194 1346 329 1387 porro
363 1333 526 1374 decimo
557 1334 750 1375 kalendas
774 1335 896 1375 Iulias
924 1335 1133 1390 praelium
1161 1335 1400 1375 ineuntibus
1427 1334 1540 1375 baud

58 1389 216 1443 procul
245 1389 299 1430 ab
330 1389 650 1444 Hadrianopoli‚
682 1391 933 1447 delinquunt
965 1391 1134 1447 quidem
1166 1390 1392 1431 Christiani
1421 1390 1542 1432 valde

59 1443 153 1486 dire
184 1445 300 1486 εἶναι
328 1445 498 1497 bellum,
530 1448 727 1488 obtinent
750 1454 890 1488 autem
920 1448 1079 1488 inimici
1103 1462 1286 1503 pugnam
1313 1463 1336 1487 a
1370 1447 1465 1499 deo,
1492 1452 1541 1487 ut

59 1501 201 1555 plures
230 1501 567 1543 Christianorum
602 1518 679 1544 nec
707 1505 890 1558 primam
931 1505 1269 1559 congressionem
1298 1533 1309 1544 .
1339 1532 1350 1545 .
1381 1519 1542 1544 summa

62 1558 108 1598 fu
138 1572 162 1597 a
189 1563 440 1610 uterentur,
482 1560 540 1600 ita
570 1567 618 1601 ut
645 1561 853 1601 Crumnus
885 1567 1179 1602 consternatus
1207 1560 1447 1602 aestimaret
1474 1561 1542 1601 in-
1553 1578 1588 1613 p.
1601 1569 1671 1605 783

61 1572 263 1654 sitfiarum
303 1629 571 1670 quarumque
612 1623 905 1672 argumentum
940 1632 1048 1666 esse;
1102 1631 1188 1672 quo
1218 1618 1375 1657 factum
1405 1624 1466 1658 est
1494 1622 1544 1658 ut

59 1669 276 1711 modicum
304 1672 509 1712 retineret
537 1687 632 1714 suos
662 1675 714 1715 ab
735 1673 996 1715 insecutione
1015 1689 1027 1713 :
1061 1674 1159 1729 quia
1196 1674 1307 1714 enim
1338 1673 1443 1714 vidit
1472 1688 1544 1715 eos

59 1726 149 1768 sine
177 1726 262 1767 ulla
294 1728 533 1770 retentione
563 1730 739 1785 fugere,
779 1737 1022 1784 persecutus
1064 1730 1225 1771 occidit
1256 1729 1544 1771 multitudines

60 1783 267 1838 copiosas,
295 1785 462 1825 veniens
498 1785 766 1827 nihilominus
794 1787 847 1827 ad
872 1788 1066 1837 sarcinas,
1098 1793 1142 1827 et
1164 1787 1235 1827 has
1267 1801 1363 1826 cum
1388 1786 1544 1827 exuviis

61 1840 271 1881 auferens.
298 1847 360 1881 ast
377 1841 614 1896 imperator
632 1844 790 1898 fugiens
814 1843 1042 1898 repedabat
1059 1844 1100 1883 in
1115 1844 1278 1894 urbem,
1309 1842 1548 1883 multitudi-

62 1895 183 1935 nibus
202 1896 438 1953 harumque
458 1899 719 1953 principibus
739 1901 930 1955 sumptis.
962 1900 1136 1954 insuper
1157 1905 1199 1940 et
1218 1900 1382 1954 imperii
1415 1899 1545 1953 polli-

61 1952 239 1992 cebatur
257 1951 563 2008 depositionem
578 1955 786 1996 deiurans.
806 1957 918 1997 inter
934 1971 1039 2011 quos
1062 1963 1104 1997 et
1116 1958 1302 1997 Leonem
1317 1957 1545 2010 patricium

59 2015 102 2048 et
122 2015 366 2062 praetorem
382 2011 679 2063 Orientalium,
696 2019 897 2067 tanquam
915 2013 1034 2068 pium
1050 2020 1092 2054 ct
1113 2013 1385 2054 fortissimum
1408 2020 1449 2054 et
1466 2027 1544 2066 per

63 2064 204 2105 omnia
232 2071 462 2121 strenuum,
491 2068 533 2108 in
563 2069 746 2109 tenendo
777 2070 957 2123 imperio
972 2069 1173 2111 asciscere
1202 2070 1361 2109 socium
1391 2069 1543 2109 voluit.

62 2120 138 2175 qui
174 2121 406 2162 nullatenus
439 2125 718 2179 acquiescens,
749 2124 903 2166 dimisit
930 2141 1024 2166 eum
1056 2140 1247 2180 praeesse
1277 2125 1542 2177 thematibus,

61 2177 236 2232 ipseque
280 2177 334 2218 ad
381 2180 539 2233 regiam
569 2183 762 2235 pervenit
804 2183 954 2224 urbem
997 2188 1150 2223 octavo
1179 2182 1373 2223 kalendas
1403 2182 1542 2232 Iulias,

61 2234 204 2274 volens
233 2233 449 2289 deponere
488 2237 713 2291 imperium
739 2244 782 2279 et
829 2239 957 2279 alium
987 2254 1267 2293 promovere;
1299 2239 1372 2294 qui
1402 2245 1542 2279 tamen

59 2289 116 2330 ab
149 2303 313 2343 uxore,
359 2298 402 2332 et
434 2293 487 2333 ab
516 2293 578 2333 his
625 2295 696 2349 qui
735 2295 934 2350 nequiter
975 2296 1322 2350 praevaluerant,
1367 2309 1451 2334 non
1482 2299 1543 2334 est

59 2346 296 2399 permissus.
353 2362 501 2389 verum
537 2350 578 2389 in
610 2350 693 2391 hoc
711 2350 971 2406 Nicephorus
999 2353 1273 2393 sanctissimus
1300 2350 1544 2406 patriarcha

62 2403 367 2452 consentiebat,
399 2407 470 2446 “et
500 2406 610 2460 ipse'’
641 2407 833 2461 inquiens
871 2410 941 2449 “et
969 2409 1043 2449 filii
1073 2409 1158 2450 eius
1186 2407 1368 2448 salvandi
1398 2413 1540 2455 erunt,

60 2458 96 2497 si
126 2459 268 2500 taliter
312 2461 403 2515 quis
441 2466 787 2515 promoveatur.''
859 2471 904 2504 at
947 2479 1049 2505 vero
1089 2471 1308 2519 praetores
1341 2464 1543 2503 discentes

61 2514 365 2569 imperatorem
392 2532 490 2558 cum
518 2519 855 2561 multitudinibus
883 2521 923 2562 in
957 2523 1107 2562 urbem
1138 2522 1299 2575 fugisse,
1333 2519 1543 2573 desperati

61 2571 114 2610 ab
143 2585 194 2611 eo
224 2571 341 2627 quod
379 2572 431 2614 de
481 2582 624 2615 cetero
667 2576 899 2630 imperandi
942 2579 1098 2627 forent,
1125 2584 1167 2617 et
1197 2576 1400 2616 consiliati
1431 2574 1543 2629 apud

60 2632 190 2666 semet
230 2628 340 2681 ipsos
386 2630 673 2684 implorabant
713 2634 897 2674 Leonem
944 2634 1171 2688 patricium
1218 2637 1259 2672 et
1297 2638 1544 2686 praetorem

60 2683 358 2736 Orientalium,
392 2701 477 2740 quo
513 2688 783 2728 auxiliaretur
813 2691 1023 2730 communi
1053 2691 1113 2729 rei
1136 2689 1329 2742 publicae
1359 2694 1403 2728 et
1417 2687 1542 2728 Chri-

62 2739 296 2780 stianorum
336 2743 528 2797 religioni
571 2745 867 2798 opitularetur.
936 2753 998 2786 ast
1030 2747 1099 2786 ille
1141 2744 1382 2798 aliquandiu
1410 2743 1540 2784 vehe-

61 2802 227 2838 menter
254 2796 477 2841 differebat
507 2806 684 2856 tempuS‚
716 2801 980 2844 considerans
1001 2802 1288 2843 difficultatem
1318 2806 1360 2842 et
1387 2800 1542 2843 barba·
1552 2818 1588 2855 p.
1606 2803 1676 2844 ⁷84
