<?xml version="1.0" encoding="UTF-8"?>
<!DOCTYPE html PUBLIC "-//W3C//DTD XHTML 1.0 Transitional//EN"
    "http://www.w3.org/TR/xhtml1/DTD/xhtml1-transitional.dtd">
<html xmlns="http://www.w3.org/1999/xhtml" xml:lang="en" lang="en">
 <head>
  <title>
</title>
<meta http-equiv="Content-Type" content="text/html;charset=utf-8" />
  <meta name='ocr-system' content='tesseract 3.04.00' />
  <meta name='ocr-capabilities' content='ocr_page ocr_carea ocr_par ocr_line ocrx_word'/>
</head>
<body>
  <div class='ocr_page' id='page_1' title='image "./corpusscriptorum47niebuoft_0102.png"; bbox 0 0 1768 3268; ppageno 0'>
   <div class='ocr_carea' id='block_1_1' title="bbox 276 202 1518 257">
    <p class='ocr_par' dir='ltr' id='par_1_1' title="bbox 276 202 1518 257">
     <span class='ocr_line' id='line_1_1' title="bbox 276 202 1518 257; baseline -0.001 -6"><span class='ocrx_word' id='word_1_1' title='bbox 276 204 340 251; x_wconf 75' lang='lat'><strong>92</strong></span> <span class='ocrx_word' id='word_1_2' title='bbox 477 208 759 251; x_wconf 75' lang='lat' dir='ltr'><strong>ANASTAsn</strong></span> <span class='ocrx_word' id='word_1_3' title='bbox 800 205 1064 250; x_wconf 79' lang='lat' dir='ltr'>HISTORIA</span> <span class='ocrx_word' id='word_1_4' title='bbox 1077 255 1080 257; x_wconf 14' lang='grc' dir='ltr'><strong>Α</strong></span> <span class='ocrx_word' id='word_1_5' title='bbox 1103 202 1518 250; x_wconf 80' lang='lat' dir='ltr'>ECCLESIASTICA</span> 
     </span>
    </p>
   </div>
   <div class='ocr_carea' id='block_1_2' title="bbox 274 319 1742 479">
    <p class='ocr_par' dir='ltr' id='par_1_2' title="bbox 274 319 1742 479">
     <span class='ocr_line' id='line_1_2' title="bbox 274 319 1742 382; baseline -0.001 -18"><span class='ocrx_word' id='word_1_6' title='bbox 274 339 359 366; x_wconf 84' lang='lat' dir='ltr'><strong>sem</strong></span> <span class='ocrx_word' id='word_1_7' title='bbox 386 323 589 382; x_wconf 82' lang='lat' dir='ltr'><strong>synodum</strong></span> <span class='ocrx_word' id='word_1_8' title='bbox 615 324 785 365; x_wconf 73' lang='lat' dir='ltr'>exclusit</span> <span class='ocrx_word' id='word_1_9' title='bbox 827 338 849 363; x_wconf 86' lang='lat' dir='ltr'><strong>a</strong></span> <span class='ocrx_word' id='word_1_10' title='bbox 880 322 1111 379; x_wconf 76' lang='lat' dir='ltr'>diptychis,</span> <span class='ocrx_word' id='word_1_11' title='bbox 1140 322 1211 364; x_wconf 84' lang='lat' dir='ltr'><strong>sed</strong></span> <span class='ocrx_word' id='word_1_12' title='bbox 1243 328 1284 363; x_wconf 87' lang='lat' dir='ltr'><strong>et</strong></span> <span class='ocrx_word' id='word_1_13' title='bbox 1311 334 1463 362; x_wconf 89' lang='lat' dir='ltr'><strong>nomen</strong></span> <span class='ocrx_word' id='word_1_14' title='bbox 1493 319 1742 363; x_wconf 81' lang='lat' dir='ltr'><strong>Hormisdac</strong></span> 
     </span>
     <span class='ocr_line' id='line_1_3' title="bbox 275 377 1741 437; baseline -0.003 -16"><span class='ocrx_word' id='word_1_15' title='bbox 275 394 407 436; x_wconf 80' lang='lat' dir='ltr'><strong>papae</strong></span> <span class='ocrx_word' id='word_1_16' title='bbox 425 381 616 423; x_wconf 88' lang='lat' dir='ltr'><strong>Romani.</strong></span> <span class='ocrx_word' id='word_1_17' title='bbox 672 388 769 437; x_wconf 87' lang='lat' dir='ltr'><strong>post</strong></span> <span class='ocrx_word' id='word_1_18' title='bbox 796 379 902 422; x_wconf 65' lang='lat' dir='ltr'><strong>haec,</strong></span> <span class='ocrx_word' id='word_1_19' title='bbox 929 394 1033 421; x_wconf 90' lang='lat' dir='ltr'><strong>vero</strong></span> <span class='ocrx_word' id='word_1_20' title='bbox 1063 380 1209 421; x_wconf 79' lang='lat' dir='ltr'><strong>tiinens</strong></span> <span class='ocrx_word' id='word_1_21' title='bbox 1237 384 1412 434; x_wconf 81' lang='lat' dir='ltr'><strong>quattor</strong></span> <span class='ocrx_word' id='word_1_22' title='bbox 1429 377 1607 419; x_wconf 88' lang='lat' dir='ltr'><strong>concilia</strong></span> <span class='ocrx_word' id='word_1_23' title='bbox 1635 392 1741 418; x_wconf 88' lang='lat' dir='ltr'><strong>con..</strong></span> 
     </span>
     <span class='ocr_line' id='line_1_4' title="bbox 274 438 467 479; baseline 0.005 -1"><span class='ocrx_word' id='word_1_24' title='bbox 274 438 467 479; x_wconf 82' lang='lat' dir='ltr'><strong>lirmavit.</strong></span> 
     </span>
    </p>
   </div>
   <div class='ocr_carea' id='block_1_3' title="bbox 69 507 1748 1644">
    <p class='ocr_par' dir='ltr' id='par_1_3' title="bbox 97 507 1746 1473">
     <span class='ocr_line' id='line_1_5' title="bbox 97 507 1743 566; baseline -0.003 -11"><span class='ocrx_word' id='word_1_25' title='bbox 97 516 216 561; x_wconf 72' lang='lat'>12-259</span> <span class='ocrx_word' id='word_1_26' title='bbox 239 518 262 554; x_wconf 86' lang='lat'><em>9</em></span> <span class='ocrx_word' id='word_1_27' title='bbox 300 531 302 533; x_wconf 48' lang='lat'>&gt;</span> <span class='ocrx_word' id='word_1_28' title='bbox 387 511 548 564; x_wconf 89' lang='lat' dir='ltr'><strong>Quinto</strong></span> <span class='ocrx_word' id='word_1_29' title='bbox 576 526 685 553; x_wconf 90' lang='lat' dir='ltr'><strong>anno</strong></span> <span class='ocrx_word' id='word_1_30' title='bbox 715 510 880 566; x_wconf 87' lang='lat' dir='ltr'><strong>imperii</strong></span> <span class='ocrx_word' id='word_1_31' title='bbox 909 509 1054 551; x_wconf 83' lang='lat' dir='ltr'><strong>lustini</strong></span> <span class='ocrx_word' id='word_1_32' title='bbox 1081 507 1233 549; x_wconf 91' lang='lat' dir='ltr'><strong>Zathus</strong></span> <span class='ocrx_word' id='word_1_33' title='bbox 1263 522 1334 550; x_wconf 86' lang='lat' dir='ltr'><strong>rex</strong></span> <span class='ocrx_word' id='word_1_34' title='bbox 1363 508 1595 561; x_wconf 72' lang='lat' dir='ltr'><strong>Lamum,</strong></span> <span class='ocrx_word' id='word_1_35' title='bbox 1626 523 1743 550; x_wconf 85' lang='lat' dir='ltr'><strong>rece-</strong></span> 
     </span>
     <span class='ocr_line' id='line_1_6' title="bbox 274 565 1740 624; baseline -0.004 -13"><span class='ocrx_word' id='word_1_36' title='bbox 274 569 373 611; x_wconf 82' lang='lat' dir='ltr'>dens</span> <span class='ocrx_word' id='word_1_37' title='bbox 400 584 421 608; x_wconf 85' lang='lat' dir='ltr'><strong>a</strong></span> <span class='ocrx_word' id='word_1_38' title='bbox 458 583 588 624; x_wconf 88' lang='lat' dir='ltr'><strong>regno</strong></span> <span class='ocrx_word' id='word_1_39' title='bbox 618 569 840 610; x_wconf 83' lang='lat' dir='ltr'><strong>Persarum</strong></span> <span class='ocrx_word' id='word_1_40' title='bbox 869 573 1070 622; x_wconf 79' lang='lat' dir='ltr'><strong>regnante</strong></span> <span class='ocrx_word' id='word_1_41' title='bbox 1091 566 1258 606; x_wconf 89' lang='lat' dir='ltr'><strong>Cabade</strong></span> <span class='ocrx_word' id='word_1_42' title='bbox 1291 571 1332 605; x_wconf 92' lang='lat' dir='ltr'><strong>et</strong></span> <span class='ocrx_word' id='word_1_43' title='bbox 1352 565 1530 606; x_wconf 86' lang='lat' dir='ltr'><strong>Zathum</strong></span> <span class='ocrx_word' id='word_1_44' title='bbox 1561 572 1740 618; x_wconf 88' lang='lat' dir='ltr'><strong>amante,</strong></span> 
     </span>
     <span class='ocr_line' id='line_1_7' title="bbox 273 623 1742 681; baseline -0.003 -14"><span class='ocrx_word' id='word_1_45' title='bbox 273 627 346 681; x_wconf 81' lang='lat' dir='ltr'><strong>qui</strong></span> <span class='ocrx_word' id='word_1_46' title='bbox 376 625 500 667; x_wconf 85' lang='lat' dir='ltr'><strong>etiam</strong></span> <span class='ocrx_word' id='word_1_47' title='bbox 532 625 647 665; x_wconf 90' lang='lat' dir='ltr'><strong>illum</strong></span> <span class='ocrx_word' id='word_1_48' title='bbox 678 625 719 665; x_wconf 88' lang='lat' dir='ltr'><strong>in</strong></span> <span class='ocrx_word' id='word_1_49' title='bbox 750 639 890 680; x_wconf 84' lang='lat' dir='ltr'><strong>regem</strong></span> <span class='ocrx_word' id='word_1_50' title='bbox 918 626 1123 664; x_wconf 87' lang='lat' dir='ltr'><strong>Lazorum</strong></span> <span class='ocrx_word' id='word_1_51' title='bbox 1142 629 1412 677; x_wconf 86' lang='lat' dir='ltr'><strong>provexerat,</strong></span> <span class='ocrx_word' id='word_1_52' title='bbox 1440 623 1564 662; x_wconf 79' lang='lat' dir='ltr'><strong>venit&#39;</strong></span> <span class='ocrx_word' id='word_1_53' title='bbox 1582 623 1742 679; x_wconf 83' lang='lat' dir='ltr'><strong>Byzan-</strong></span> 
     </span>
     <span class='ocr_line' id='line_1_8' title="bbox 272 678 1744 736; baseline -0.003 -13"><span class='ocrx_word' id='word_1_54' title='bbox 272 684 378 723; x_wconf 82' lang='lat' dir='ltr'>tium</span> <span class='ocrx_word' id='word_1_55' title='bbox 408 682 458 722; x_wconf 88' lang='lat' dir='ltr'><strong>ad</strong></span> <span class='ocrx_word' id='word_1_56' title='bbox 490 682 690 722; x_wconf 84' lang='lat' dir='ltr'><strong>lustinum</strong></span> <span class='ocrx_word' id='word_1_57' title='bbox 713 712 724 731; x_wconf 90' lang='lat'>‚</span> <span class='ocrx_word' id='word_1_58' title='bbox 765 688 807 721; x_wconf 89' lang='lat' dir='ltr'><strong>et</strong></span> <span class='ocrx_word' id='word_1_59' title='bbox 836 680 1000 736; x_wconf 85' lang='lat' dir='ltr'><strong>rogavit</strong></span> <span class='ocrx_word' id='word_1_60' title='bbox 1043 695 1139 720; x_wconf 89' lang='lat' dir='ltr'><strong>cum</strong></span> <span class='ocrx_word' id='word_1_61' title='bbox 1171 686 1218 720; x_wconf 86' lang='lat' dir='ltr'><strong>ut</strong></span> <span class='ocrx_word' id='word_1_62' title='bbox 1261 680 1381 720; x_wconf 83' lang='lat' dir='ltr'><strong>fieret</strong></span> <span class='ocrx_word' id='word_1_63' title='bbox 1410 678 1669 720; x_wconf 83' lang='lat' dir='ltr'><strong>Christianus</strong></span> <span class='ocrx_word' id='word_1_64' title='bbox 1701 684 1744 719; x_wconf 87' lang='lat' dir='ltr'><strong>et</strong></span> 
     </span>
     <span class='ocr_line' id='line_1_9' title="bbox 273 734 1743 793; baseline -0.003 -13"><span class='ocrx_word' id='word_1_65' title='bbox 273 739 326 780; x_wconf 86' lang='lat' dir='ltr'><strong>ab</strong></span> <span class='ocrx_word' id='word_1_66' title='bbox 356 740 444 793; x_wconf 86' lang='lat' dir='ltr'><strong>ipso</strong></span> <span class='ocrx_word' id='word_1_67' title='bbox 474 738 758 793; x_wconf 84' lang='lat' dir='ltr'><strong>appellaretur</strong></span> <span class='ocrx_word' id='word_1_68' title='bbox 787 737 1020 792; x_wconf 89' lang='lat' dir='ltr'><strong>imperator</strong></span> <span class='ocrx_word' id='word_1_69' title='bbox 1045 737 1269 776; x_wconf 91' lang='lat' dir='ltr'><strong>Lazorum.</strong></span> <span class='ocrx_word' id='word_1_70' title='bbox 1316 740 1359 776; x_wconf 87' lang='lat' dir='ltr'><strong>at</strong></span> <span class='ocrx_word' id='word_1_71' title='bbox 1381 734 1618 790; x_wconf 85' lang='lat' dir='ltr'><strong>imperator</strong></span> <span class='ocrx_word' id='word_1_72' title='bbox 1647 750 1743 776; x_wconf 90' lang='lat' dir='ltr'><strong>cum</strong></span> 
     </span>
     <span class='ocr_line' id='line_1_10' title="bbox 274 792 1742 850; baseline -0.001 -15"><span class='ocrx_word' id='word_1_73' title='bbox 274 796 427 850; x_wconf 85' lang='lat' dir='ltr'><strong>gaudio</strong></span> <span class='ocrx_word' id='word_1_74' title='bbox 459 795 527 835; x_wconf 90' lang='lat' dir='ltr'><strong>illo</strong></span> <span class='ocrx_word' id='word_1_75' title='bbox 556 801 759 850; x_wconf 87' lang='lat' dir='ltr'><strong>suscepto,</strong></span> <span class='ocrx_word' id='word_1_76' title='bbox 787 792 1035 834; x_wconf 83' lang='lat' dir='ltr'><strong>illuminavit</strong></span> <span class='ocrx_word' id='word_1_77' title='bbox 1063 795 1096 845; x_wconf 82' lang='lat'><strong>*)</strong></span> <span class='ocrx_word' id='word_1_78' title='bbox 1140 807 1234 833; x_wconf 89' lang='lat' dir='ltr'><strong>eum</strong></span> <span class='ocrx_word' id='word_1_79' title='bbox 1274 799 1316 833; x_wconf 89' lang='lat' dir='ltr'><strong>et</strong></span> <span class='ocrx_word' id='word_1_80' title='bbox 1344 792 1477 832; x_wconf 89' lang='lat' dir='ltr'><strong>filium</strong></span> <span class='ocrx_word' id='word_1_81' title='bbox 1503 792 1742 848; x_wconf 87' lang='lat' dir='ltr'><strong>appellavit.</strong></span> 
     </span>
     <span class='ocr_line' id='line_1_11' title="bbox 273 849 1745 907; baseline -0.003 -15"><span class='ocrx_word' id='word_1_82' title='bbox 273 857 497 907; x_wconf 87' lang='lat' dir='ltr'><strong>provectus</strong></span> <span class='ocrx_word' id='word_1_83' title='bbox 527 858 665 891; x_wconf 88' lang='lat' dir='ltr'><strong>autem</strong></span> <span class='ocrx_word' id='word_1_84' title='bbox 709 852 942 905; x_wconf 88' lang='lat' dir='ltr'><strong>imperator</strong></span> <span class='ocrx_word' id='word_1_85' title='bbox 970 851 1176 890; x_wconf 87' lang='lat' dir='ltr'><strong>Lazorum</strong></span> <span class='ocrx_word' id='word_1_86' title='bbox 1206 865 1228 889; x_wconf 89' lang='lat' dir='ltr'><strong>a</strong></span> <span class='ocrx_word' id='word_1_87' title='bbox 1261 850 1419 890; x_wconf 89' lang='lat' dir='ltr'><strong>Iustino</strong></span> <span class='ocrx_word' id='word_1_88' title='bbox 1448 849 1642 904; x_wconf 84' lang='lat' dir='ltr'><strong>portavit</strong></span> <span class='ocrx_word' id='word_1_89' title='bbox 1670 864 1745 889; x_wconf 84' lang='lat' dir='ltr'><strong>co-</strong></span> 
     </span>
     <span class='ocr_line' id='line_1_12' title="bbox 276 906 1740 963; baseline -0.001 -15"><span class='ocrx_word' id='word_1_90' title='bbox 276 922 422 948; x_wconf 84' lang='lat' dir='ltr'><strong>ronam</strong></span> <span class='ocrx_word' id='word_1_91' title='bbox 469 915 511 949; x_wconf 88' lang='lat' dir='ltr'><strong>et</strong></span> <span class='ocrx_word' id='word_1_92' title='bbox 552 907 808 963; x_wconf 75' lang='lat' dir='ltr'><strong>chlamydem</strong></span> <span class='ocrx_word' id='word_1_93' title='bbox 844 907 1157 962; x_wconf 82' lang='lat' dir='ltr'><strong>imperatoriam</strong></span> <span class='ocrx_word' id='word_1_94' title='bbox 1193 906 1339 946; x_wconf 81' lang='lat' dir='ltr'><strong>albam.</strong></span> <span class='ocrx_word' id='word_1_95' title='bbox 1398 921 1483 962; x_wconf 91' lang='lat' dir='ltr'><strong>quo</strong></span> <span class='ocrx_word' id='word_1_96' title='bbox 1517 912 1740 961; x_wconf 87' lang='lat' dir='ltr'><strong>comperto</strong></span> 
     </span>
     <span class='ocr_line' id='line_1_13' title="bbox 276 962 1744 1020; baseline -0.001 -15"><span class='ocrx_word' id='word_1_97' title='bbox 276 964 456 1006; x_wconf 80' lang='lat' dir='ltr'><strong>cabades</strong></span> <span class='ocrx_word' id='word_1_98' title='bbox 485 978 556 1005; x_wconf 89' lang='lat' dir='ltr'><strong>rex</strong></span> <span class='ocrx_word' id='word_1_99' title='bbox 585 966 806 1005; x_wconf 82' lang='lat' dir='ltr'><strong>Persarum</strong></span> <span class='ocrx_word' id='word_1_100' title='bbox 833 963 1080 1020; x_wconf 85' lang='lat' dir='ltr'><strong>significavit</strong></span> <span class='ocrx_word' id='word_1_101' title='bbox 1119 962 1368 1018; x_wconf 83' lang='lat' dir='ltr'><strong>imperatori</strong></span> <span class='ocrx_word' id='word_1_102' title='bbox 1399 963 1572 1015; x_wconf 80' lang='lat' dir='ltr'><strong>Iustino,</strong></span> <span class='ocrx_word' id='word_1_103' title='bbox 1602 963 1744 1004; x_wconf 90' lang='lat' dir='ltr'><strong>dicens</strong></span> 
     </span>
     <span class='ocr_line' id='line_1_14' title="bbox 276 1019 1744 1077; baseline -0.001 -16"><span class='ocrx_word' id='word_1_104' title='bbox 276 1022 373 1077; x_wconf 85' lang='lat' dir='ltr'><strong>quia</strong></span> <span class='ocrx_word' id='word_1_105' title='bbox 402 1037 498 1063; x_wconf 90' lang='lat' dir='ltr'><strong>cum</strong></span> <span class='ocrx_word' id='word_1_106' title='bbox 525 1021 708 1062; x_wconf 86' lang='lat' dir='ltr'><strong>amicitia</strong></span> <span class='ocrx_word' id='word_1_107' title='bbox 755 1028 797 1062; x_wconf 87' lang='lat' dir='ltr'><strong>et</strong></span> <span class='ocrx_word' id='word_1_108' title='bbox 823 1035 903 1076; x_wconf 87' lang='lat' dir='ltr'><strong>pax</strong></span> <span class='ocrx_word' id='word_1_109' title='bbox 946 1021 1000 1062; x_wconf 88' lang='lat' dir='ltr'><strong>sit</strong></span> <span class='ocrx_word' id='word_1_110' title='bbox 1035 1020 1146 1061; x_wconf 89' lang='lat' dir='ltr'><strong>inter</strong></span> <span class='ocrx_word' id='word_1_111' title='bbox 1188 1034 1287 1071; x_wconf 91' lang='lat' dir='ltr'><strong>nos,</strong></span> <span class='ocrx_word' id='word_1_112' title='bbox 1328 1034 1436 1076; x_wconf 87' lang='lat' dir='ltr'><strong>quae</strong></span> <span class='ocrx_word' id='word_1_113' title='bbox 1476 1019 1744 1060; x_wconf 87' lang='lat' dir='ltr'><strong>inimicorum</strong></span> 
     </span>
     <span class='ocr_line' id='line_1_15' title="bbox 273 1077 1745 1134; baseline -0.001 -15"><span class='ocrx_word' id='word_1_114' title='bbox 273 1084 369 1119; x_wconf 88' lang='lat' dir='ltr'><strong>sunt</strong></span> <span class='ocrx_word' id='word_1_115' title='bbox 398 1079 493 1134; x_wconf 86' lang='lat' dir='ltr'><strong>agis,</strong></span> <span class='ocrx_word' id='word_1_116' title='bbox 523 1083 564 1119; x_wconf 90' lang='lat' dir='ltr'><strong>et</strong></span> <span class='ocrx_word' id='word_1_117' title='bbox 593 1092 660 1119; x_wconf 70' lang='lat' dir='ltr'><strong>(zos</strong></span> <span class='ocrx_word' id='word_1_118' title='bbox 691 1077 763 1134; x_wconf 91' lang='lat' dir='ltr'><strong>qui</strong></span> <span class='ocrx_word' id='word_1_119' title='bbox 793 1078 869 1118; x_wconf 88' lang='lat' dir='ltr'><strong>sub</strong></span> <span class='ocrx_word' id='word_1_120' title='bbox 896 1082 1105 1133; x_wconf 81' lang='lat' dir='ltr'><strong>potestate</strong></span> <span class='ocrx_word' id='word_1_121' title='bbox 1121 1078 1346 1118; x_wconf 87' lang='lat' dir='ltr'><strong>Persarum</strong></span> <span class='ocrx_word' id='word_1_122' title='bbox 1374 1092 1396 1117; x_wconf 91' lang='lat' dir='ltr'><strong>a</strong></span> <span class='ocrx_word' id='word_1_123' title='bbox 1423 1077 1588 1118; x_wconf 89' lang='lat' dir='ltr'><strong>saeculo</strong></span> <span class='ocrx_word' id='word_1_124' title='bbox 1623 1082 1745 1118; x_wconf 88' lang='lat' dir='ltr'><strong>erant</strong></span> 
     </span>
     <span class='ocr_line' id='line_1_16' title="bbox 274 1133 1744 1190; baseline -0.001 -16"><span class='ocrx_word' id='word_1_125' title='bbox 274 1134 533 1190; x_wconf 85' lang='lat' dir='ltr'><strong>assumpsisti.</strong></span> <span class='ocrx_word' id='word_1_126' title='bbox 594 1135 665 1190; x_wconf 89' lang='lat' dir='ltr'><strong>qui</strong></span> <span class='ocrx_word' id='word_1_127' title='bbox 697 1134 854 1175; x_wconf 87' lang='lat' dir='ltr'><strong>remisit</strong></span> <span class='ocrx_word' id='word_1_128' title='bbox 883 1135 919 1175; x_wconf 90' lang='lat' dir='ltr'><strong>ei</strong></span> <span class='ocrx_word' id='word_1_129' title='bbox 953 1137 1056 1174; x_wconf 87' lang='lat' dir='ltr'><strong>“nos</strong></span> <span class='ocrx_word' id='word_1_130' title='bbox 1084 1148 1323 1189; x_wconf 88' lang='lat' dir='ltr'><strong>quenquam</strong></span> <span class='ocrx_word' id='word_1_131' title='bbox 1344 1133 1632 1176; x_wconf 88' lang='lat' dir='ltr'><strong>subiectorum</strong></span> <span class='ocrx_word' id='word_1_132' title='bbox 1666 1134 1744 1174; x_wconf 88' lang='lat' dir='ltr'><strong>im·</strong></span> 
     </span>
     <span class='ocr_line' id='line_1_17' title="bbox 272 1190 1745 1246; baseline -0.003 -14"><span class='ocrx_word' id='word_1_133' title='bbox 272 1192 393 1246; x_wconf 82' lang='lat' dir='ltr'><strong>perio</strong></span> <span class='ocrx_word' id='word_1_134' title='bbox 424 1199 497 1232; x_wconf 82' lang='lat' dir='ltr'><strong>tuo</strong></span> <span class='ocrx_word' id='word_1_135' title='bbox 529 1205 662 1246; x_wconf 89' lang='lat' dir='ltr'><strong>neque</strong></span> <span class='ocrx_word' id='word_1_136' title='bbox 692 1190 978 1245; x_wconf 79' lang='lat' dir='ltr'><strong>assumpsimus</strong></span> <span class='ocrx_word' id='word_1_137' title='bbox 998 1205 1135 1246; x_wconf 87' lang='lat' dir='ltr'><strong>neque</strong></span> <span class='ocrx_word' id='word_1_138' title='bbox 1162 1191 1453 1231; x_wconf 86' lang='lat' dir='ltr'><strong>subvertimus.</strong></span> <span class='ocrx_word' id='word_1_139' title='bbox 1510 1190 1582 1231; x_wconf 88' lang='lat' dir='ltr'><strong>sed</strong></span> <span class='ocrx_word' id='word_1_140' title='bbox 1600 1205 1745 1232; x_wconf 78' lang='lat' dir='ltr'><strong>ascen-</strong></span> 
     </span>
     <span class='ocr_line' id='line_1_18' title="bbox 274 1246 1746 1303; baseline -0.001 -13"><span class='ocrx_word' id='word_1_141' title='bbox 274 1249 371 1290; x_wconf 87' lang='lat' dir='ltr'><strong>dens</strong></span> <span class='ocrx_word' id='word_1_142' title='bbox 403 1247 552 1288; x_wconf 88' lang='lat' dir='ltr'><strong>Zathus</strong></span> <span class='ocrx_word' id='word_1_143' title='bbox 587 1246 638 1287; x_wconf 88' lang='lat' dir='ltr'><strong>ad</strong></span> <span class='ocrx_word' id='word_1_144' title='bbox 682 1247 911 1301; x_wconf 87' lang='lat' dir='ltr'><strong>imperialia</strong></span> <span class='ocrx_word' id='word_1_145' title='bbox 952 1253 1094 1287; x_wconf 89' lang='lat' dir='ltr'><strong>nostra</strong></span> <span class='ocrx_word' id='word_1_146' title='bbox 1135 1247 1361 1301; x_wconf 85' lang='lat' dir='ltr'><strong>procidens</strong></span> <span class='ocrx_word' id='word_1_147' title='bbox 1404 1246 1653 1303; x_wconf 83' lang='lat' dir='ltr'><strong>deprecatus</strong></span> <span class='ocrx_word' id='word_1_148' title='bbox 1685 1253 1746 1289; x_wconf 86' lang='lat' dir='ltr'><strong>est</strong></span> 
     </span>
     <span class='ocr_line' id='line_1_19' title="bbox 274 1303 1745 1360; baseline -0.001 -14"><span class='ocrx_word' id='word_1_149' title='bbox 274 1312 321 1346; x_wconf 88' lang='lat' dir='ltr'><strong>ut</strong></span> <span class='ocrx_word' id='word_1_150' title='bbox 350 1306 400 1346; x_wconf 90' lang='lat' dir='ltr'><strong>ab</strong></span> <span class='ocrx_word' id='word_1_151' title='bbox 432 1305 600 1345; x_wconf 88' lang='lat' dir='ltr'><strong>scelesto</strong></span> <span class='ocrx_word' id='word_1_152' title='bbox 630 1309 672 1345; x_wconf 88' lang='lat' dir='ltr'><strong>et</strong></span> <span class='ocrx_word' id='word_1_153' title='bbox 692 1318 855 1359; x_wconf 87' lang='lat' dir='ltr'><strong>pagano</strong></span> <span class='ocrx_word' id='word_1_154' title='bbox 890 1303 1085 1360; x_wconf 84' lang='lat' dir='ltr'><strong>dogmate</strong></span> <span class='ocrx_word' id='word_1_155' title='bbox 1113 1303 1336 1360; x_wconf 88' lang='lat' dir='ltr'><strong>impiisque</strong></span> <span class='ocrx_word' id='word_1_156' title='bbox 1360 1305 1575 1346; x_wconf 87' lang='lat' dir='ltr'><strong>sacrificiis</strong></span> <span class='ocrx_word' id='word_1_157' title='bbox 1606 1311 1649 1346; x_wconf 86' lang='lat' dir='ltr'><strong>et</strong></span> <span class='ocrx_word' id='word_1_158' title='bbox 1677 1319 1745 1345; x_wconf 85' lang='lat' dir='ltr'><strong>er-</strong></span> 
     </span>
     <span class='ocr_line' id='line_1_20' title="bbox 275 1360 1746 1413; baseline -0.001 -10"><span class='ocrx_word' id='word_1_159' title='bbox 275 1377 374 1403; x_wconf 88' lang='lat' dir='ltr'><strong>rore</strong></span> <span class='ocrx_word' id='word_1_160' title='bbox 408 1361 656 1401; x_wconf 87' lang='lat' dir='ltr'><strong>daemonum</strong></span> <span class='ocrx_word' id='word_1_161' title='bbox 699 1361 979 1413; x_wconf 79' lang='lat' dir='ltr'><strong>liberaretur,</strong></span> <span class='ocrx_word' id='word_1_162' title='bbox 1029 1366 1071 1402; x_wconf 88' lang='lat' dir='ltr'><strong>et</strong></span> <span class='ocrx_word' id='word_1_163' title='bbox 1117 1360 1339 1403; x_wconf 80' lang='lat' dir='ltr'><strong>accederet</strong></span> <span class='ocrx_word' id='word_1_164' title='bbox 1376 1362 1430 1402; x_wconf 90' lang='lat' dir='ltr'><strong>ad</strong></span> <span class='ocrx_word' id='word_1_165' title='bbox 1477 1361 1746 1402; x_wconf 88' lang='lat' dir='ltr'><strong>conditorem</strong></span> 
     </span>
     <span class='ocr_line' id='line_1_21' title="bbox 275 1417 1746 1473; baseline 0.001 -15"><span class='ocrx_word' id='word_1_166' title='bbox 275 1419 460 1458; x_wconf 87' lang='lat' dir='ltr'><strong>omnium</strong></span> <span class='ocrx_word' id='word_1_167' title='bbox 487 1418 633 1469; x_wconf 86' lang='lat' dir='ltr'><strong>deum,</strong></span> <span class='ocrx_word' id='word_1_168' title='bbox 671 1422 712 1459; x_wconf 89' lang='lat' dir='ltr'><strong>et</strong></span> <span class='ocrx_word' id='word_1_169' title='bbox 739 1418 859 1459; x_wconf 83' lang='lat' dir='ltr'><strong>fieret</strong></span> <span class='ocrx_word' id='word_1_170' title='bbox 886 1417 1161 1459; x_wconf 88' lang='lat' dir='ltr'><strong>Christianus.</strong></span> <span class='ocrx_word' id='word_1_171' title='bbox 1238 1418 1351 1459; x_wconf 86' lang='lat' dir='ltr'><strong>hunc</strong></span> <span class='ocrx_word' id='word_1_172' title='bbox 1382 1433 1456 1459; x_wconf 92' lang='lat' dir='ltr'><strong>nos</strong></span> <span class='ocrx_word' id='word_1_173' title='bbox 1484 1419 1746 1473; x_wconf 82' lang='lat' dir='ltr'><strong>baptizantes</strong></span> 
     </span>
    </p>

    <p class='ocr_par' dir='ltr' id='par_1_4' title="bbox 69 1470 1748 1644">
     <span class='ocr_line' id='line_1_22' title="bbox 69 1470 1748 1531; baseline 0.002 -17"><span class='ocrx_word' id='word_1_174' title='bbox 69 1487 103 1522; x_wconf 85' lang='lat' dir='ltr'><strong>p·</strong></span> <span class='ocrx_word' id='word_1_175' title='bbox 121 1478 189 1514; x_wconf 81' lang='lat'><strong>260</strong></span> <span class='ocrx_word' id='word_1_176' title='bbox 217 1475 260 1513; x_wconf 83' lang='lat'><strong>19</strong></span> <span class='ocrx_word' id='word_1_177' title='bbox 275 1475 520 1515; x_wconf 83' lang='lat' dir='ltr'><strong>absolvimus</strong></span> <span class='ocrx_word' id='word_1_178' title='bbox 553 1472 604 1513; x_wconf 88' lang='lat' dir='ltr'><strong>ad</strong></span> <span class='ocrx_word' id='word_1_179' title='bbox 634 1474 857 1529; x_wconf 87' lang='lat' dir='ltr'><strong>propriam</strong></span> <span class='ocrx_word' id='word_1_180' title='bbox 891 1476 1149 1530; x_wconf 81' lang='lat' dir='ltr'><strong>regionem.&#39;&#39;</strong></span> <span class='ocrx_word' id='word_1_181' title='bbox 1207 1489 1256 1516; x_wconf 82' lang='lat' dir='ltr'><strong>ex</strong></span> <span class='ocrx_word' id='word_1_182' title='bbox 1284 1481 1383 1515; x_wconf 89' lang='lat' dir='ltr'><strong>tunc</strong></span> <span class='ocrx_word' id='word_1_183' title='bbox 1411 1490 1513 1531; x_wconf 83' lang='lat' dir='ltr'><strong>ergo</strong></span> <span class='ocrx_word' id='word_1_184' title='bbox 1544 1470 1652 1516; x_wconf 78' lang='lat' dir='ltr'><strong>facta</strong></span> <span class='ocrx_word' id='word_1_185' title='bbox 1686 1481 1748 1517; x_wconf 87' lang='lat' dir='ltr'><strong>est</strong></span> 
     </span>
     <span class='ocr_line' id='line_1_23' title="bbox 273 1531 1746 1590; baseline 0 -18"><span class='ocrx_word' id='word_1_186' title='bbox 273 1532 490 1572; x_wconf 85' lang='lat' dir='ltr'><strong>inimicitia</strong></span> <span class='ocrx_word' id='word_1_187' title='bbox 532 1531 641 1571; x_wconf 89' lang='lat' dir='ltr'><strong>inter</strong></span> <span class='ocrx_word' id='word_1_188' title='bbox 679 1532 887 1571; x_wconf 87' lang='lat' dir='ltr'><strong>Romanos</strong></span> <span class='ocrx_word' id='word_1_189' title='bbox 928 1537 971 1573; x_wconf 88' lang='lat' dir='ltr'><strong>et</strong></span> <span class='ocrx_word' id='word_1_190' title='bbox 1005 1532 1162 1573; x_wconf 82' lang='lat' dir='ltr'><strong>Persas.</strong></span> <span class='ocrx_word' id='word_1_191' title='bbox 1231 1532 1381 1573; x_wconf 89' lang='lat' dir='ltr'><strong>eodem</strong></span> <span class='ocrx_word' id='word_1_192' title='bbox 1429 1547 1601 1590; x_wconf 87' lang='lat' dir='ltr'><strong>quoque</strong></span> <span class='ocrx_word' id='word_1_193' title='bbox 1635 1547 1746 1574; x_wconf 87' lang='lat' dir='ltr'><strong>anno</strong></span> 
     </span>
     <span class='ocr_line' id='line_1_24' title="bbox 275 1588 1409 1644; baseline 0.001 -15"><span class='ocrx_word' id='word_1_194' title='bbox 275 1596 384 1644; x_wconf 79' lang='lat' dir='ltr'><strong>gesta</strong></span> <span class='ocrx_word' id='word_1_195' title='bbox 414 1593 509 1629; x_wconf 88' lang='lat' dir='ltr'><strong>sunt</strong></span> <span class='ocrx_word' id='word_1_196' title='bbox 536 1602 644 1644; x_wconf 90' lang='lat' dir='ltr'><strong>quae</strong></span> <span class='ocrx_word' id='word_1_197' title='bbox 668 1588 780 1629; x_wconf 88' lang='lat' dir='ltr'><strong>circa</strong></span> <span class='ocrx_word' id='word_1_198' title='bbox 807 1589 850 1629; x_wconf 87' lang='lat' dir='ltr'><strong>S.</strong></span> <span class='ocrx_word' id='word_1_199' title='bbox 879 1589 1066 1630; x_wconf 87' lang='lat' dir='ltr'><strong>Arethan</strong></span> <span class='ocrx_word' id='word_1_200' title='bbox 1105 1596 1409 1644; x_wconf 89' lang='lat' dir='ltr'><strong>provenerunt.</strong></span> 
     </span>
    </p>
   </div>
   <div class='ocr_carea' id='block_1_4' title="bbox 99 1671 1749 2698">
    <p class='ocr_par' dir='ltr' id='par_1_5' title="bbox 99 1671 1749 2580">
     <span class='ocr_line' id='line_1_25' title="bbox 99 1671 1744 1727; baseline 0.001 -16"><span class='ocrx_word' id='word_1_201' title='bbox 99 1675 214 1724; x_wconf 82' lang='lat' dir='ltr'><strong>p.261</strong></span> <span class='ocrx_word' id='word_1_202' title='bbox 242 1675 265 1711; x_wconf 74' lang='lat'>4</span> <span class='ocrx_word' id='word_1_203' title='bbox 385 1673 511 1714; x_wconf 74' lang='lat' dir='ltr'><strong>Sexto</strong></span> <span class='ocrx_word' id='word_1_204' title='bbox 543 1671 710 1727; x_wconf 86' lang='lat' dir='ltr'><strong>imperii</strong></span> <span class='ocrx_word' id='word_1_205' title='bbox 739 1673 884 1714; x_wconf 86' lang='lat' dir='ltr'><strong>lustini</strong></span> <span class='ocrx_word' id='word_1_206' title='bbox 913 1688 1023 1715; x_wconf 87' lang='lat' dir='ltr'><strong>anno</strong></span> <span class='ocrx_word' id='word_1_207' title='bbox 1042 1673 1357 1714; x_wconf 82' lang='lat' dir='ltr'><strong>Theudericbus</strong></span> <span class='ocrx_word' id='word_1_208' title='bbox 1378 1674 1558 1715; x_wconf 89' lang='lat' dir='ltr'><strong>Romam</strong></span> <span class='ocrx_word' id='word_1_209' title='bbox 1586 1679 1744 1726; x_wconf 88' lang='lat' dir='ltr'><strong>tenens,</strong></span> 
     </span>
     <span class='ocr_line' id='line_1_26' title="bbox 275 1730 1748 1786; baseline 0.002 -17"><span class='ocrx_word' id='word_1_210' title='bbox 275 1734 317 1769; x_wconf 88' lang='lat' dir='ltr'><strong>et</strong></span> <span class='ocrx_word' id='word_1_211' title='bbox 345 1743 392 1770; x_wconf 87' lang='lat' dir='ltr'><strong>ea</strong></span> <span class='ocrx_word' id='word_1_212' title='bbox 425 1744 531 1783; x_wconf 86' lang='lat' dir='ltr'><strong>quae</strong></span> <span class='ocrx_word' id='word_1_213' title='bbox 561 1730 649 1770; x_wconf 88' lang='lat' dir='ltr'><strong>Arii</strong></span> <span class='ocrx_word' id='word_1_214' title='bbox 677 1737 772 1771; x_wconf 87' lang='lat' dir='ltr'><strong>sunt</strong></span> <span class='ocrx_word' id='word_1_215' title='bbox 801 1730 981 1785; x_wconf 78' lang='lat' dir='ltr'><strong>sapienS‚</strong></span> <span class='ocrx_word' id='word_1_216' title='bbox 1015 1730 1154 1785; x_wconf 68' lang='lat' dir='ltr'><strong>coegit</strong></span> <span class='ocrx_word' id='word_1_217' title='bbox 1186 1732 1384 1772; x_wconf 82' lang='lat' dir='ltr'><strong>ioannem</strong></span> <span class='ocrx_word' id='word_1_218' title='bbox 1415 1746 1569 1786; x_wconf 86' lang='lat' dir='ltr'><strong>papam</strong></span> <span class='ocrx_word' id='word_1_219' title='bbox 1601 1731 1748 1772; x_wconf 88' lang='lat' dir='ltr'><strong>venire</strong></span> 
     </span>
     <span class='ocr_line' id='line_1_27' title="bbox 274 1785 1748 1851; baseline 0.002 -26"><span class='ocrx_word' id='word_1_220' title='bbox 274 1785 518 1851; x_wconf 66' lang='lat' dir='ltr'><strong>Byzantium</strong></span> <span class='ocrx_word' id='word_1_221' title='bbox 548 1786 600 1827; x_wconf 89' lang='lat' dir='ltr'><strong>ad</strong></span> <span class='ocrx_word' id='word_1_222' title='bbox 631 1786 928 1842; x_wconf 85' lang='lat' dir='ltr'><strong>imperatorem</strong></span> <span class='ocrx_word' id='word_1_223' title='bbox 948 1787 1149 1828; x_wconf 85' lang='lat' dir='ltr'><strong>Iustinum</strong></span> <span class='ocrx_word' id='word_1_224' title='bbox 1170 1794 1212 1828; x_wconf 87' lang='lat' dir='ltr'><strong>et</strong></span> <span class='ocrx_word' id='word_1_225' title='bbox 1233 1787 1497 1830; x_wconf 85' lang='lat' dir='ltr'><strong>intercedere</strong></span> <span class='ocrx_word' id='word_1_226' title='bbox 1524 1802 1606 1843; x_wconf 90' lang='lat' dir='ltr'><strong>pro</strong></span> <span class='ocrx_word' id='word_1_227' title='bbox 1623 1788 1748 1829; x_wconf 86' lang='lat' dir='ltr'><strong>Aria-</strong></span> 
     </span>
     <span class='ocr_line' id='line_1_28' title="bbox 275 1840 1741 1899; baseline 0.001 -17"><span class='ocrx_word' id='word_1_228' title='bbox 275 1857 349 1895; x_wconf 87' lang='lat' dir='ltr'><strong>ms,</strong></span> <span class='ocrx_word' id='word_1_229' title='bbox 380 1848 427 1883; x_wconf 88' lang='lat' dir='ltr'><strong>ut</strong></span> <span class='ocrx_word' id='word_1_230' title='bbox 453 1858 535 1883; x_wconf 89' lang='lat' dir='ltr'><strong>non</strong></span> <span class='ocrx_word' id='word_1_231' title='bbox 565 1844 833 1899; x_wconf 89' lang='lat' dir='ltr'><strong>compelleret</strong></span> <span class='ocrx_word' id='word_1_232' title='bbox 867 1843 956 1884; x_wconf 92' lang='lat' dir='ltr'><strong>illos</strong></span> <span class='ocrx_word' id='word_1_233' title='bbox 976 1845 1028 1885; x_wconf 84' lang='lat' dir='ltr'><strong>ab</strong></span> <span class='ocrx_word' id='word_1_234' title='bbox 1058 1844 1220 1886; x_wconf 87' lang='lat' dir='ltr'><strong>haeresi</strong></span> <span class='ocrx_word' id='word_1_235' title='bbox 1249 1859 1322 1886; x_wconf 88' lang='lat' dir='ltr'><strong>sua</strong></span> <span class='ocrx_word' id='word_1_236' title='bbox 1355 1840 1584 1886; x_wconf 81' lang='lat' dir='ltr'><strong>discedere.</strong></span> <span class='ocrx_word' id='word_1_237' title='bbox 1645 1860 1741 1885; x_wconf 90' lang='lat' dir='ltr'><strong>nam</strong></span> 
     </span>
     <span class='ocr_line' id='line_1_29' title="bbox 276 1899 1749 1958; baseline -0.001 -18"><span class='ocrx_word' id='word_1_238' title='bbox 276 1904 320 1940; x_wconf 84' lang='lat' dir='ltr'><strong>et</strong></span> <span class='ocrx_word' id='word_1_239' title='bbox 345 1899 657 1940; x_wconf 82' lang='lat' dir='ltr'><strong>Theuderichus</strong></span> <span class='ocrx_word' id='word_1_240' title='bbox 684 1900 765 1941; x_wconf 88' lang='lat' dir='ltr'><strong>hoc</strong></span> <span class='ocrx_word' id='word_1_241' title='bbox 796 1901 837 1941; x_wconf 90' lang='lat' dir='ltr'><strong>in</strong></span> <span class='ocrx_word' id='word_1_242' title='bbox 869 1901 1154 1954; x_wconf 81' lang='lat' dir='ltr'><strong>orthodoxos,</strong></span> <span class='ocrx_word' id='word_1_243' title='bbox 1188 1902 1261 1958; x_wconf 88' lang='lat' dir='ltr'><strong>qui</strong></span> <span class='ocrx_word' id='word_1_244' title='bbox 1292 1902 1334 1942; x_wconf 86' lang='lat' dir='ltr'><strong>in</strong></span> <span class='ocrx_word' id='word_1_245' title='bbox 1366 1902 1485 1942; x_wconf 87' lang='lat' dir='ltr'><strong>Italia</strong></span> <span class='ocrx_word' id='word_1_246' title='bbox 1515 1908 1650 1953; x_wconf 87' lang='lat' dir='ltr'><strong>erant,</strong></span> <span class='ocrx_word' id='word_1_247' title='bbox 1682 1902 1749 1942; x_wconf 89' lang='lat' dir='ltr'><strong>fa..</strong></span> 
     </span>
     <span class='ocr_line' id='line_1_30' title="bbox 276 1956 1749 2014; baseline 0.001 -18"><span class='ocrx_word' id='word_1_248' title='bbox 276 1969 374 1996; x_wconf 90' lang='lat' dir='ltr'><strong>cere</strong></span> <span class='ocrx_word' id='word_1_249' title='bbox 412 1956 665 1997; x_wconf 80' lang='lat' dir='ltr'><strong>minabatur.</strong></span> <span class='ocrx_word' id='word_1_250' title='bbox 722 1958 892 1998; x_wconf 90' lang='lat' dir='ltr'><strong>Ioannes</strong></span> <span class='ocrx_word' id='word_1_251' title='bbox 932 1973 1035 1999; x_wconf 87' lang='lat' dir='ltr'><strong>vero</strong></span> <span class='ocrx_word' id='word_1_252' title='bbox 1064 1959 1311 2014; x_wconf 86' lang='lat' dir='ltr'><strong>Byzantium</strong></span> <span class='ocrx_word' id='word_1_253' title='bbox 1341 1959 1533 2011; x_wconf 84' lang='lat' dir='ltr'><strong>veniens,</strong></span> <span class='ocrx_word' id='word_1_254' title='bbox 1565 1964 1608 2000; x_wconf 86' lang='lat' dir='ltr'><strong>et</strong></span> <span class='ocrx_word' id='word_1_255' title='bbox 1637 1958 1749 1998; x_wconf 90' lang='lat' dir='ltr'><strong>invi..</strong></span> 
     </span>
     <span class='ocr_line' id='line_1_31' title="bbox 275 2012 1747 2071; baseline 0.003 -19"><span class='ocrx_word' id='word_1_256' title='bbox 275 2017 386 2052; x_wconf 83' lang='lat' dir='ltr'><strong>tatus</strong></span> <span class='ocrx_word' id='word_1_257' title='bbox 415 2013 466 2053; x_wconf 83' lang='lat' dir='ltr'><strong>ab</strong></span> <span class='ocrx_word' id='word_1_258' title='bbox 485 2012 718 2067; x_wconf 89' lang='lat' dir='ltr'><strong>Epiphanio</strong></span> <span class='ocrx_word' id='word_1_259' title='bbox 748 2013 1004 2068; x_wconf 86' lang='lat' dir='ltr'><strong>patriarcha,</strong></span> <span class='ocrx_word' id='word_1_260' title='bbox 1034 2030 1120 2056; x_wconf 93' lang='lat' dir='ltr'><strong>non</strong></span> <span class='ocrx_word' id='word_1_261' title='bbox 1149 2017 1369 2067; x_wconf 87' lang='lat' dir='ltr'><strong>consentit,</strong></span> <span class='ocrx_word' id='word_1_262' title='bbox 1400 2030 1618 2071; x_wconf 88' lang='lat' dir='ltr'><strong>usquequo</strong></span> <span class='ocrx_word' id='word_1_263' title='bbox 1640 2015 1747 2070; x_wconf 86' lang='lat' dir='ltr'><strong>Epi-</strong></span> 
     </span>
     <span class='ocr_line' id='line_1_32' title="bbox 275 2068 1748 2129; baseline 0.003 -21"><span class='ocrx_word' id='word_1_264' title='bbox 275 2068 431 2124; x_wconf 84' lang='lat' dir='ltr'><strong>phanio</strong></span> <span class='ocrx_word' id='word_1_265' title='bbox 462 2069 720 2123; x_wconf 86' lang='lat' dir='ltr'><strong>praesideret</strong></span> <span class='ocrx_word' id='word_1_266' title='bbox 747 2077 894 2126; x_wconf 83' lang='lat' dir='ltr'><strong>utpote</strong></span> <span class='ocrx_word' id='word_1_267' title='bbox 911 2086 1020 2127; x_wconf 83' lang='lat' dir='ltr'><strong>papa</strong></span> <span class='ocrx_word' id='word_1_268' title='bbox 1035 2074 1260 2113; x_wconf 89' lang='lat' dir='ltr'><strong>Romanus.</strong></span> <span class='ocrx_word' id='word_1_269' title='bbox 1320 2073 1393 2129; x_wconf 89' lang='lat' dir='ltr'><strong>qui</strong></span> <span class='ocrx_word' id='word_1_270' title='bbox 1426 2073 1618 2114; x_wconf 88' lang='lat' dir='ltr'><strong>omnibus</strong></span> <span class='ocrx_word' id='word_1_271' title='bbox 1649 2072 1748 2127; x_wconf 82' lang='lat' dir='ltr'><strong>qui-</strong></span> 
     </span>
     <span class='ocr_line' id='line_1_33' title="bbox 277 2125 1746 2181; baseline 0.002 -16"><span class='ocrx_word' id='word_1_272' title='bbox 277 2125 372 2166; x_wconf 89' lang='lat' dir='ltr'><strong>dem</strong></span> <span class='ocrx_word' id='word_1_273' title='bbox 413 2125 612 2181; x_wconf 87' lang='lat' dir='ltr'><strong>episcopis</strong></span> <span class='ocrx_word' id='word_1_274' title='bbox 663 2128 1011 2180; x_wconf 83' lang='lat' dir='ltr'><strong>communicavit,</strong></span> <span class='ocrx_word' id='word_1_275' title='bbox 1051 2129 1277 2171; x_wconf 87' lang='lat' dir='ltr'><strong>Timotheo</strong></span> <span class='ocrx_word' id='word_1_276' title='bbox 1318 2145 1422 2171; x_wconf 92' lang='lat' dir='ltr'><strong>vero</strong></span> <span class='ocrx_word' id='word_1_277' title='bbox 1466 2127 1746 2170; x_wconf 85' lang='lat' dir='ltr'><strong>Alexandrino</strong></span> 
     </span>
     <span class='ocr_line' id='line_1_34' title="bbox 276 2183 1743 2237; baseline 0.003 -16"><span class='ocrx_word' id='word_1_278' title='bbox 276 2197 360 2221; x_wconf 90' lang='lat' dir='ltr'><strong>non</strong></span> <span class='ocrx_word' id='word_1_279' title='bbox 392 2183 724 2223; x_wconf 88' lang='lat' dir='ltr'><strong>communicavit.</strong></span> <span class='ocrx_word' id='word_1_280' title='bbox 782 2183 964 2225; x_wconf 82' lang='lat' dir='ltr'><strong>cabades</strong></span> <span class='ocrx_word' id='word_1_281' title='bbox 992 2191 1131 2226; x_wconf 85' lang='lat' dir='ltr'><strong>autem</strong></span> <span class='ocrx_word' id='word_1_282' title='bbox 1158 2187 1383 2228; x_wconf 88' lang='lat' dir='ltr'><strong>Persarum</strong></span> <span class='ocrx_word' id='word_1_283' title='bbox 1413 2202 1499 2237; x_wconf 83' lang='lat' dir='ltr'><strong>rex,</strong></span> <span class='ocrx_word' id='word_1_284' title='bbox 1530 2187 1637 2226; x_wconf 83' lang='lat' dir='ltr'><strong>filius</strong></span> <span class='ocrx_word' id='word_1_285' title='bbox 1663 2186 1743 2227; x_wconf 92' lang='lat' dir='ltr'><strong>Pe-</strong></span> 
     </span>
     <span class='ocr_line' id='line_1_35' title="bbox 276 2239 1748 2298; baseline 0.001 -18"><span class='ocrx_word' id='word_1_286' title='bbox 276 2239 379 2291; x_wconf 84' lang='lat' dir='ltr'><strong>rozi,</strong></span> <span class='ocrx_word' id='word_1_287' title='bbox 410 2240 540 2280; x_wconf 87' lang='lat' dir='ltr'><strong>multa</strong></span> <span class='ocrx_word' id='word_1_288' title='bbox 570 2239 680 2280; x_wconf 90' lang='lat' dir='ltr'><strong>milia</strong></span> <span class='ocrx_word' id='word_1_289' title='bbox 707 2240 1047 2284; x_wconf 82' lang='lat' dir='ltr'><strong>Manichaeorum</strong></span> <span class='ocrx_word' id='word_1_290' title='bbox 1076 2258 1172 2283; x_wconf 92' lang='lat' dir='ltr'><strong>cum</strong></span> <span class='ocrx_word' id='word_1_291' title='bbox 1214 2245 1412 2298; x_wconf 87' lang='lat' dir='ltr'><strong>episeopo</strong></span> <span class='ocrx_word' id='word_1_292' title='bbox 1440 2258 1589 2285; x_wconf 88' lang='lat' dir='ltr'><strong>eorum</strong></span> <span class='ocrx_word' id='word_1_293' title='bbox 1620 2242 1748 2283; x_wconf 88' lang='lat' dir='ltr'><strong>Inda..</strong></span> 
     </span>
     <span class='ocr_line' id='line_1_36' title="bbox 275 2295 1746 2357; baseline 0.002 -20"><span class='ocrx_word' id='word_1_294' title='bbox 275 2311 375 2337; x_wconf 86' lang='lat' dir='ltr'><strong>zaro</strong></span> <span class='ocrx_word' id='word_1_295' title='bbox 406 2311 488 2336; x_wconf 89' lang='lat' dir='ltr'><strong>una</strong></span> <span class='ocrx_word' id='word_1_296' title='bbox 517 2295 583 2336; x_wconf 88' lang='lat' dir='ltr'><strong>die</strong></span> <span class='ocrx_word' id='word_1_297' title='bbox 610 2297 803 2350; x_wconf 84' lang='lat' dir='ltr'><strong>peremit,</strong></span> <span class='ocrx_word' id='word_1_298' title='bbox 834 2313 917 2338; x_wconf 87' lang='lat' dir='ltr'><strong>una</strong></span> <span class='ocrx_word' id='word_1_299' title='bbox 946 2313 1041 2339; x_wconf 90' lang='lat' dir='ltr'><strong>cum</strong></span> <span class='ocrx_word' id='word_1_300' title='bbox 1070 2301 1333 2341; x_wconf 88' lang='lat' dir='ltr'><strong>senatoribus</strong></span> <span class='ocrx_word' id='word_1_301' title='bbox 1362 2296 1510 2351; x_wconf 80' lang='lat' dir='ltr'><strong>Persis,</strong></span> <span class='ocrx_word' id='word_1_302' title='bbox 1540 2300 1614 2357; x_wconf 89' lang='lat' dir='ltr'><strong>qui</strong></span> <span class='ocrx_word' id='word_1_303' title='bbox 1650 2314 1746 2340; x_wconf 90' lang='lat' dir='ltr'><strong>sen-</strong></span> 
     </span>
     <span class='ocr_line' id='line_1_37' title="bbox 275 2353 1747 2408; baseline 0.003 -17"><span class='ocrx_word' id='word_1_304' title='bbox 275 2367 340 2392; x_wconf 85' lang='lat' dir='ltr'><strong>sus</strong></span> <span class='ocrx_word' id='word_1_305' title='bbox 385 2367 534 2393; x_wconf 89' lang='lat' dir='ltr'><strong>eorum</strong></span> <span class='ocrx_word' id='word_1_306' title='bbox 573 2358 703 2394; x_wconf 88' lang='lat' dir='ltr'><strong>erant.</strong></span> <span class='ocrx_word' id='word_1_307' title='bbox 763 2353 894 2394; x_wconf 82' lang='lat' dir='ltr'><strong>filium</strong></span> <span class='ocrx_word' id='word_1_308' title='bbox 938 2356 1047 2396; x_wconf 90' lang='lat' dir='ltr'><strong>enim</strong></span> <span class='ocrx_word' id='word_1_309' title='bbox 1090 2357 1202 2408; x_wconf 91' lang='lat' dir='ltr'><strong>eius,</strong></span> <span class='ocrx_word' id='word_1_310' title='bbox 1247 2357 1420 2399; x_wconf 87' lang='lat' dir='ltr'><strong>nomine</strong></span> <span class='ocrx_word' id='word_1_311' title='bbox 1452 2356 1747 2408; x_wconf 88' lang='lat' dir='ltr'><strong>Pthasuarsan‚</strong></span> 
     </span>
     <span class='ocr_line' id='line_1_38' title="bbox 276 2409 1747 2468; baseline 0.001 -18"><span class='ocrx_word' id='word_1_312' title='bbox 276 2409 508 2451; x_wconf 86' lang='lat' dir='ltr'><strong>Manichaei</strong></span> <span class='ocrx_word' id='word_1_313' title='bbox 535 2424 559 2449; x_wconf 87' lang='lat' dir='ltr'><strong>a</strong></span> <span class='ocrx_word' id='word_1_314' title='bbox 588 2424 723 2465; x_wconf 88' lang='lat' dir='ltr'><strong>puero</strong></span> <span class='ocrx_word' id='word_1_315' title='bbox 754 2409 998 2452; x_wconf 87' lang='lat' dir='ltr'><strong>instruentes</strong></span> <span class='ocrx_word' id='word_1_316' title='bbox 1026 2419 1068 2454; x_wconf 90' lang='lat' dir='ltr'><strong>et</strong></span> <span class='ocrx_word' id='word_1_317' title='bbox 1095 2414 1157 2454; x_wconf 88' lang='lat' dir='ltr'><strong>sui</strong></span> <span class='ocrx_word' id='word_1_318' title='bbox 1176 2429 1314 2456; x_wconf 90' lang='lat' dir='ltr'><strong>sensus</strong></span> <span class='ocrx_word' id='word_1_319' title='bbox 1342 2415 1563 2456; x_wconf 88' lang='lat' dir='ltr'><strong>efficientes</strong></span> <span class='ocrx_word' id='word_1_320' title='bbox 1592 2428 1747 2468; x_wconf 88' lang='lat' dir='ltr'><strong>repro-</strong></span> 
     </span>
     <span class='ocr_line' id='line_1_39' title="bbox 279 2465 1747 2525; baseline 0.001 -21"><span class='ocrx_word' id='word_1_321' title='bbox 279 2466 501 2507; x_wconf 85' lang='lat' dir='ltr'><strong>mittebant</strong></span> <span class='ocrx_word' id='word_1_322' title='bbox 531 2465 583 2517; x_wconf 88' lang='lat' dir='ltr'><strong>ei,</strong></span> <span class='ocrx_word' id='word_1_323' title='bbox 613 2465 794 2507; x_wconf 87' lang='lat' dir='ltr'><strong>dicentes</strong></span> <span class='ocrx_word' id='word_1_324' title='bbox 834 2468 931 2523; x_wconf 89' lang='lat' dir='ltr'><strong>quia</strong></span> <span class='ocrx_word' id='word_1_325' title='bbox 964 2477 1086 2523; x_wconf 86' lang='lat' dir='ltr'><strong>pater</strong></span> <span class='ocrx_word' id='word_1_326' title='bbox 1111 2477 1204 2511; x_wconf 87' lang='lat' dir='ltr'><strong>tuus</strong></span> <span class='ocrx_word' id='word_1_327' title='bbox 1243 2471 1391 2522; x_wconf 86' lang='lat' dir='ltr'><strong>senuit,</strong></span> <span class='ocrx_word' id='word_1_328' title='bbox 1422 2477 1465 2512; x_wconf 91' lang='lat' dir='ltr'><strong>et</strong></span> <span class='ocrx_word' id='word_1_329' title='bbox 1493 2471 1525 2510; x_wconf 86' lang='lat' dir='ltr'><strong>si</strong></span> <span class='ocrx_word' id='word_1_330' title='bbox 1554 2471 1747 2525; x_wconf 83' lang='lat' dir='ltr'><strong>contige..</strong></span> 
     </span>
     <span class='ocr_line' id='line_1_40' title="bbox 282 2522 1746 2580; baseline 0.003 -18"><span class='ocrx_word' id='word_1_331' title='bbox 282 2523 336 2562; x_wconf 84' lang='lat' dir='ltr'><strong>rit</strong></span> <span class='ocrx_word' id='word_1_332' title='bbox 366 2537 460 2563; x_wconf 92' lang='lat' dir='ltr'><strong>eum</strong></span> <span class='ocrx_word' id='word_1_333' title='bbox 490 2522 615 2574; x_wconf 87' lang='lat' dir='ltr'><strong>mori,</strong></span> <span class='ocrx_word' id='word_1_334' title='bbox 645 2523 853 2577; x_wconf 86' lang='lat' dir='ltr'><strong>principes</strong></span> <span class='ocrx_word' id='word_1_335' title='bbox 880 2539 1097 2580; x_wconf 83' lang='lat' dir='ltr'><strong>magorum</strong></span> <span class='ocrx_word' id='word_1_336' title='bbox 1124 2543 1253 2569; x_wconf 88' lang='lat' dir='ltr'><strong>unum</strong></span> <span class='ocrx_word' id='word_1_337' title='bbox 1279 2530 1463 2569; x_wconf 88' lang='lat' dir='ltr'><strong>fratrum</strong></span> <span class='ocrx_word' id='word_1_338' title='bbox 1482 2535 1656 2568; x_wconf 88' lang='lat' dir='ltr'><strong>tuorum</strong></span> <span class='ocrx_word' id='word_1_339' title='bbox 1682 2528 1746 2567; x_wconf 82' lang='lat' dir='ltr'><strong>fa-</strong></span> 
     </span>
    </p>

    <p class='ocr_par' dir='ltr' id='par_1_6' title="bbox 142 2578 1745 2698">
     <span class='ocr_line' id='line_1_41' title="bbox 142 2578 1745 2641; baseline 0 -19"><span class='ocrx_word' id='word_1_340' title='bbox 142 2585 266 2632; x_wconf 79' lang='lat' dir='ltr'><strong>p-262</strong></span> <span class='ocrx_word' id='word_1_341' title='bbox 281 2578 391 2619; x_wconf 91' lang='lat' dir='ltr'><strong>cient</strong></span> <span class='ocrx_word' id='word_1_342' title='bbox 419 2579 747 2634; x_wconf 83' lang='lat' dir='ltr'><strong>imperatorem,</strong></span> <span class='ocrx_word' id='word_1_343' title='bbox 793 2594 842 2620; x_wconf 91' lang='lat' dir='ltr'><strong>eo</strong></span> <span class='ocrx_word' id='word_1_344' title='bbox 885 2582 999 2635; x_wconf 86' lang='lat' dir='ltr'><strong>quod</strong></span> <span class='ocrx_word' id='word_1_345' title='bbox 1042 2589 1182 2624; x_wconf 88' lang='lat' dir='ltr'><strong>teneat</strong></span> <span class='ocrx_word' id='word_1_346' title='bbox 1213 2585 1364 2641; x_wconf 80' lang='lat' dir='ltr'><strong>dogma</strong></span> <span class='ocrx_word' id='word_1_347' title='bbox 1393 2586 1596 2640; x_wconf 83' lang='lat' dir='ltr'><strong>ipsorum.</strong></span> <span class='ocrx_word' id='word_1_348' title='bbox 1673 2597 1745 2624; x_wconf 89' lang='lat' dir='ltr'><strong>nos</strong></span> 
     </span>
     <span class='ocr_line' id='line_1_42' title="bbox 280 2638 1744 2698; baseline 0.004 -23"><span class='ocrx_word' id='word_1_349' title='bbox 280 2641 417 2676; x_wconf 87' lang='lat' dir='ltr'><strong>autem</strong></span> <span class='ocrx_word' id='word_1_350' title='bbox 445 2650 659 2692; x_wconf 87' lang='lat' dir='ltr'><strong>possumus</strong></span> <span class='ocrx_word' id='word_1_351' title='bbox 690 2651 768 2691; x_wconf 91' lang='lat' dir='ltr'><strong>per</strong></span> <span class='ocrx_word' id='word_1_352' title='bbox 798 2638 1007 2680; x_wconf 86' lang='lat' dir='ltr'><strong>orationes</strong></span> <span class='ocrx_word' id='word_1_353' title='bbox 1029 2647 1188 2682; x_wconf 86' lang='lat' dir='ltr'><strong>nostras</strong></span> <span class='ocrx_word' id='word_1_354' title='bbox 1211 2642 1388 2685; x_wconf 88' lang='lat' dir='ltr'><strong>suadere</strong></span> <span class='ocrx_word' id='word_1_355' title='bbox 1415 2638 1529 2698; x_wconf 85' lang='lat' dir='ltr'><strong>patri</strong></span> <span class='ocrx_word' id='word_1_356' title='bbox 1564 2649 1639 2683; x_wconf 87' lang='lat' dir='ltr'><strong>tuo</strong></span> <span class='ocrx_word' id='word_1_357' title='bbox 1668 2641 1744 2681; x_wconf 86' lang='lat' dir='ltr'><strong>ab-</strong></span> 
     </span>
    </p>
   </div>
   <div class='ocr_carea' id='block_1_5' title="bbox 328 2788 1742 2897">
    <p class='ocr_par' dir='ltr' id='par_1_7' title="bbox 328 2788 1742 2897">
     <span class='ocr_line' id='line_1_43' title="bbox 328 2788 1742 2845; baseline 0.008 -24"><span class='ocrx_word' id='word_1_358' title='bbox 328 2790 360 2835; x_wconf 75' lang='lat'><strong>*)</strong></span> <span class='ocrx_word' id='word_1_359' title='bbox 387 2788 616 2845; x_wconf 76' lang='lat' dir='ltr'><strong>illuminavit}</strong></span> <span class='ocrx_word' id='word_1_360' title='bbox 644 2793 844 2839; x_wconf 73' lang='grc' dir='ltr'><strong><em>ἐφώτισεν.</em></strong></span> <span class='ocrx_word' id='word_1_361' title='bbox 872 2796 1050 2840; x_wconf 75' lang='grc' dir='ltr'><em>φωτίζειν</em></span> <span class='ocrx_word' id='word_1_362' title='bbox 1075 2797 1112 2830; x_wconf 90' lang='lat' dir='ltr'><strong>in</strong></span> <span class='ocrx_word' id='word_1_363' title='bbox 1139 2799 1280 2845; x_wconf 81' lang='lat' dir='ltr'><strong>scriptis</strong></span> <span class='ocrx_word' id='word_1_364' title='bbox 1308 2805 1451 2845; x_wconf 83' lang='lat' dir='ltr'><strong>patrum</strong></span> <span class='ocrx_word' id='word_1_365' title='bbox 1477 2799 1654 2844; x_wconf 82' lang='lat' dir='ltr'><strong>accipitur</strong></span> <span class='ocrx_word' id='word_1_366' title='bbox 1677 2807 1742 2845; x_wconf 78' lang='lat' dir='ltr'><strong>pro</strong></span> 
     </span>
     <span class='ocr_line' id='line_1_44' title="bbox 373 2836 1588 2897; baseline 0.013 -27"><span class='ocrx_word' id='word_1_367' title='bbox 373 2836 566 2884; x_wconf 72' lang='lat' dir='ltr'><strong>baptizare.</strong></span> <span class='ocrx_word' id='word_1_368' title='bbox 593 2852 625 2874; x_wconf 90' lang='lat' dir='ltr'><strong>v.</strong></span> <span class='ocrx_word' id='word_1_369' title='bbox 653 2841 802 2887; x_wconf 83' lang='lat' dir='ltr'><strong>Gregor.</strong></span> <span class='ocrx_word' id='word_1_370' title='bbox 826 2842 910 2878; x_wconf 84' lang='lat' dir='ltr'><strong>Naz.</strong></span> <span class='ocrx_word' id='word_1_371' title='bbox 938 2846 991 2885; x_wconf 81' lang='grc' dir='ltr'><strong>εἰς</strong></span> <span class='ocrx_word' id='word_1_372' title='bbox 1017 2838 1058 2881; x_wconf 74' lang='grc' dir='ltr'><strong>τὸ</strong></span> <span class='ocrx_word' id='word_1_373' title='bbox 1083 2844 1195 2894; x_wconf 78' lang='grc' dir='ltr'><em>ἅγιον</em></span> <span class='ocrx_word' id='word_1_374' title='bbox 1218 2847 1424 2897; x_wconf 73' lang='grc' dir='ltr'><strong><em>βάπτισμα.</em></strong></span> <span class='ocrx_word' id='word_1_375' title='bbox 1483 2848 1588 2884; x_wconf 50' lang='lat' dir='ltr'><strong>Fu&amp;</strong></span> 
     </span>
    </p>
   </div>
  </div>
 </body>
</html>
