1794 3250
703 211 905 253 NOTAE.
1435 210 1532 256 305

68 319 356 362 Diocletianus
365 318 565 360 obsessum
573 317 862 360 Alexandriae
871 319 1098 361 Achilleum
1117 330 1258 362 octavo
1269 323 1374 376 fite
1401 337 1536 363 mense

67 378 298 434 superavit,
318 390 490 432 eumque
515 377 727 428 imeffecit.
784 376 992 416 consentit
1011 376 1256 417 Eusebius
1244 394 1286 418 m
1315 379 1534 428 chronico,

69 435 142 489 qui
176 433 232 473 acl
257 447 412 473 annum
436 446 608 487 quoque
622 432 876 473 Diocletiani
895 432 1103 473 decimum
1120 434 1407 474 Alexandriam
1439 437 1538 475 sub·-

69 496 206 530 actam
234 489 390 530 refert:
419 488 620 530 Busiridis
646 489 745 530 licet
772 495 814 530 et
832 489 959 544 Copti
988 489 1315 532 devastationem
1343 499 1439 534 ante
1466 506 1540 533 so·

71 548 131 588 los
164 552 249 588 troe
279 561 410 586 annos
441 547 636 587 collocet.

180 617 222 670 9,
248 616 289 658 4.
345 616 534 671 διωγμόν
560 617 695 671 μέγαν
725 617 800 657 καί
839 617 1202 672 φρικωδέστατον]
1230 619 1346 659 Petri
1376 626 1538 676 marty..

70 675 126 716 ris
155 682 199 716 et
227 675 496 716 Alexandrini
522 675 720 730 praesulis
742 689 853 714 anno
872 673 1070 722 secund0‚
1102 675 1290 714 motam
1279 691 1320 715 ιιι
1337 663 1539 717 Christia-

71 745 145 772 nos
172 733 511 787 persecutionem
536 745 772 772 memorare
799 732 939 771 forsan
969 732 1266 799 compulerunt
1295 731 1397 772 haec
1414 733 1540 774 Atha-

69 788 172 829 nasii
203 789 332 829 verba
362 788 532 856 apolog.
565 788 605 828 2.
639 787 808 839 Πέτρος
838 790 938 839 ua9'
967 785 1069 840 ἡμῖν
1100 784 1180 840 πρὸ
1222 788 1302 838 μὲν
1329 789 1409 828 τοῦ
1437 789 1541 828 διω-

67 844 177 898 γμοῦ
203 843 369 898 γέγονεν
412 843 660 894 ἐπίσκοπος,
697 843 743 883 ἐν
770 842 815 884 δὲ
843 843 902 899 τῷ
932 842 1103 897 διωγμῷ
1130 841 1204 883 καί
1227 842 1538 899 ἐμαρτυρησεν.

71 902 214 942 Petrus
241 901 362 957 apud
385 915 456 941 nos
485 910 577 940 ante
599 901 913 955 persecutionem
951 901 1183 954 episcopus,
1210 910 1247 940 et
1282 902 1326 941 in
1356 915 1542 957 persecu-

69 958 177 998 tione
203 966 363 1010 martyr
385 956 643 997 declaratus·
678 957 846 997 Eusebii
862 969 1049 1024 quoque
1071 956 1141 996 lib.
1171 956 1197 997 7
1227 972 1319 1012 cap.
1349 957 1428 998 ult.
1458 956 1541 1010 πρὸ

67 1014 146 1053 τοῦ
177 1012 370 1066 διωγμοῦ
396 1028 538 1064 τρισιν
569 1012 663 1052 ουδ’
691 1009 805 1059 ὅλοις
842 1009 984 1066 ἔτησιν
1012 1009 1272 1065 ἡγησάμενος
1293 1014 1366 1065 τῆς
1392 1013 1544 1067 ἐκκλη-

66 1067 181 1117 σίας.
237 1085 325 1110 cum
352 1071 572 1109 triennium
610 1083 740 1124 prope
781 1078 878 1108 ante
899 1070 1191 1132 persecmionis
1217 1080 1375 1122 tempus
1403 1072 1446 1111 in
1475 1085 1543 1109 ec.

66 1127 193 1166 clesia
221 1126 520 1180 gubernanda·
540 1127 859 1181 consumpsisset.
926 1139 974 1163 us
1017 1131 1156 1164 tamen
1195 1133 1414 1167 auctorem
1458 1142 1542 1166 non

68 1183 210 1236 probe
239 1197 358 1223 usum
377 1181 619 1222 Athanasius
653 1189 695 1222 et
722 1181 922 1221 Eusebius
954 1181 1031 1235 ipsi
1059 1188 1155 1221 sunt
1173 1190 1441 1237 argumento,
1470 1183 1544 1238 qni

70 1239 124 1279 de
151 1239 340 1280 saeviore
373 1239 522 1279 altera—
549 1254 572 1277 a
600 1238 870 1278 Diocletiano
912 1238 1108 1277 suscitata
1149 1240 1441 1292 persecutione
1482 1239 1545 1279 lo·
1611 1276 1614 1277 γ

71 1303 284 1351 quantur:
317 1295 370 1336 de
400 1310 481 1350 qua
513 1300 663 1334 auctor
696 1295 782 1348 ipse
808 1293 859 1333 ad
886 1294 1141 1334 Diocletiani
1166 1310 1322 1334 annum
1352 1294 1416 1336 19.

181 1368 289 1408 Ibid.
319 1367 359 1408 7.
417 1366 495 1421 τὴν
522 1364 788 1419 ὄκτάβιβλον]
832 1366 883 1407 de
919 1373 1154 1422 martyrum
1184 1368 1353 1422 praeliis
1382 1374 1424 1409 et
1452 1367 1544 1408 lau-

71 1423 191 1465 dibus
221 1425 275 1466 ad
302 1424 575 1465 ecclesiastica
607 1424 780 1463 historia
810 1437 916 1478 opus
943 1422 1165 1463 diversum.

183 1495 726 1548 1ὁίᾰ.10.νεωτερισμοιῖ
752 1493 983 1550 γεγονότος]
1016 1496 1096 1536 iam
1113 1502 1210 1536 ante
1228 1510 1357 1537 annos
1388 1497 1545 1549 decem,

72 1552 124 1594 de
154 1568 239 1609 quo
257 1554 298 1593 S.
320 1553 511 1593 Aurelius
541 1553 707 1603 Victor,
735 1553 967 1607 Eutropius
995 1552 1065 1593 lib.
1090 1550 1138 1602 9,
1174 1554 1429 1607 Pomponius
1441 1555 1548 1595 Lae-

74 1615 151 1661 tus,
182 1616 224 1649 et
250 1610 476 1666 EgnatiuS.
519 1615 561 1648 et
602 1623 676 1649 nos
712 1623 759 1649 ex
790 1609 866 1650 illis
906 1622 974 1648 no,
1007 1606 1035 1648 6
1063 1610 1303 1663 superiore:
1331 1611 1403 1650 sed
1431 1610 1549 1665 quod

72 1682 137 1708 res
166 1674 269 1707 tunc
292 1667 495 1721 temporis
529 1667 764 1715 innovatae,
794 1666 836 1705 in
868 1665 1094 1719 pristinum
1132 1672 1302 1714 statum,
1332 1667 1408 1706 sub
1441 1669 1549 1707 Dio-

71 1724 238 1764 cletiani
258 1723 453 1764 videlicet
473 1728 720 1776 potestatem
740 1722 823 1762 hoc
844 1729 1037 1777 tempore
1061 1722 1144 1762 sint
1160 1722 1370 1775 reductae,
1400 1723 1452 1765 de
1470 1724 1547 1763 illis

78 1787 231 1820 auctor
261 1782 519 1821 mentionem
548 1778 688 1820 habet.

183 1852 301 1894 Ibid.
337 1852 401 1895 12.
459 1849 566 1892 α’λλά
600 1850 674 1891 καί
704 1850 928 1903 Κρᾶσσοι]
970 1851 1216 1892 Carausium
1241 1858 1435 1893 auctores
1465 1853 1550 1892 La-

75 1908 151 1948 tini
182 1915 452 1964 nuncupant,
492 1909 608 1949 cuius
650 1907 763 1963 apud
792 1921 884 1957 eos,
914 1908 1172 1962 Eutropium
1199 1909 1375 1950 maxime
1404 1909 1473 1949 lib.
1506 1908 1548 1960 9,

72 1965 246 2006 historia
275 1965 434 2006 fidelius
465 1965 609 2005 refert.
665 1964 979 2005 aMaximiano
1008 1966 1139 2004 iussus
1165 1965 1298 2005 occidi
1318 1980 1547 2022 purpuram

70 2024 253 2078 sumpsit,
275 2032 315 2062 ct
331 2023 571 2062 Britannias
593 2022 816 2087 occupavit
832 2027 910 2061 etc.
938 2021 999 2060 acl
1013 2030 1254 2087 postte-mma
1278 2036 1379 2077 pax
1394 2034 1547 2062 conve-

70 2080 145 2122 nit.
200 2092 293 2118 eum
321 2088 414 2133 post
438 2079 688 2133 septennium
717 2078 898 2118 Allectus
940 2079 1072 2117 socius
1114 2079 1197 2117 eius
1227 2078 1398 2128 occidtt,
1424 2086 1545 2134 atque

69 2136 159 2191 ipse
173 2144 267 2191 post
293 2150 386 2175 eum
424 2135 664 2182 Britannias
706 2135 880 2174 triennio
910 2134 1059 2174 tenuit.-
1088 2136 1158 2190 qui
1185 2133 1303 2173 ductu
1333 2134 1543 2189 Asclepio-

68 2192 157 2232 doci
176 2192 377 2247 praelecti
390 2192 599 2247 praetorio
642 2200 700 2231 est
737 2205 954 2246 oppressus.
1025 2191 1083 2230 ita
1129 2191 1347 2230 Bruannia
1386 2190 1542 2230 decimo

69 2262 177 2288 anno
207 2256 368 2304 recepta
405 2256 473 2289 est.
541 2261 673 2302 quare
712 2247 814 2287 mihi
857 2246 1090 2287 correctius
1127 2245 1197 2286 hic
1227 2246 1402 2300 legitur:
1433 2242 1540 2285 α’λλά

70 2318 142 2344 και
158 2298 385 2345 Ἀλλεκτον
418 2300 626 2356 Κράσσου
654 2302 907 2356 τυραννίδος
939 2299 1142 2354 διάδοχον
1171 2302 1246 2343 ἑπί
1268 2302 1407 2355 τρισίν
1435 2307 1515 2342 etc.

181 2376 292 2417 Ibid.
323 2376 386 2418 15.
443 2374 489 2416 ἐν
529 2374 577 2416 δὲ
604 2377 700 2423 ταῖς
727 2373 950 2429 Γαλλιάις]
996 2375 1230 2415 Galliarum
1260 2375 1413 2424 locum,
1440 2372 1542 2413 Lin-

72 2447 220 2488 gonas;
251 2433 364 2474 inter
399 2431 558 2486 praelia
590 2431 675 2472 duo
704 2431 883 2486 spatium
914 2432 1030 2472 horis
1061 2433 1245 2486 quinque
1276 2430 1429 2469 minus:
1458 2429 1541 2469 ho-

69 2496 149 2531 stoe
181 2504 266 2530 non
284 2489 462 2539 Alanos,
491 2487 562 2528 sed
592 2490 856 2539 Alemannos,
881 2503 1038 2553 eosque
1067 2503 1161 2528 cum
1184 2487 1363 2527 Eusebio
1395 2486 1446 2526 ad
1471 2485 1540 2536 60,

75 2561 162 2588 uon
191 2544 219 2587 6
250 2546 377 2587 millia
426 2545 571 2585 scribit
608 2545 839 2600 Eut1opius
878 2545 1040 2595 citatus,
1074 2544 1146 2599 qui
1179 2543 1325 2583 Allecti
1357 2542 1539 2592 caedem,

71 2609 115 2643 et
128 2602 362 2644 Constantii
390 2601 613 2642 victoriam
635 2601 676 2641 in
699 2601 875 2642 eundem
898 2616 1052 2641 annum
1072 2605 1270 2640 recenset.
1325 2613 1405 2654 per
1429 2600 1542 2640 adem

69 2668 223 2714 tempus
262 2673 293 2700 a
322 2659 560 2700 Constantio
604 2658 772 2697 Caesare
811 2659 854 2698 in
902 2658 1044 2697 Gallia
1081 2664 1309 2712 pugnatum
1345 2664 1403 2694 est
1427 2658 1541 2696 circa

75 2715 389 2770 Lingones:d1e
415 2730 495 2755 una
529 2715 742 2754 adversam
781 2725 821 2754 et
857 2714 1071 2754 secundam
1095 2714 1317 2763 fortunam
1347 2722 1541 2766 expertia

70 2780 142 2811 est.
197 2786 298 2813 nam
323 2787 410 2812 cum
448 2781 607 2826 repente
637 2771 831 2811 barbaris
870 2770 1150 2824 ingruentibus
1192 2768 1301 2806 intra
1341 2769 1540 2807 εἰιὶιαιεηι

69 2836 170 2868 essee
193 2838 363 2879 mactus,
393 2838 475 2868 tam
501 2829 725 2882 praecipiti
759 2828 1016 2875 nec'‚ess1tate
1060 2833 1104 2864 ut
1135 2824 1282 2864 clausis
1308 2826 1438 2875 portis
1461 2839 1542 2879 per

208 2911 449 2959 Theophanes
472 2913 525 2947 11.
1225 2904 1270 2939 20
