1728 3184
663 216 863 259 NOTAE.
1396 209 1492 259 405

31 334 107 375 λαὶ
129 327 404 387 ὅνομάζοπαι
418 350 428 362 ·
497 333 606 391 quod
647 350 784 376 eorum
830 338 915 376 vici
957 347 996 378 et
1035 339 1183 394 oppida
1209 339 1334 379 tribus
1362 341 1495 379 nomi-

28 400 181 432 nentur.

143 463 242 526 218,
271 473 313 516 6.
360 467 564 528 Ἀγαρον]
598 474 711 516 bunc
734 476 811 516 sub
845 477 997 517 Acbari
1027 478 1193 517 nomine
1220 478 1320 518 mihi
1354 479 1500 519 Suidas

35 531 204 582 innuit,
232 538 276 572 et
307 531 553 572 Osrhoenae
591 533 771 587 regionis
786 533 1036 597 principem
1062 534 1163 573 facit
1190 549 1230 573 v.
1262 531 1498 588 φνλάρχης.

29 590 217 641 Agarum
267 587 395 628 alium
437 588 515 628 isto
568 588 690 653 ionge
727 588 919 643 priorem
967 591 1154 630 celebrat
1184 604 1319 653 nuper
1349 593 1499 632 citatus

28 641 327 696 Ecchenensis‚
366 659 389 683 a
432 658 518 700 quo
550 644 815 699 Agaritarum
855 646 1052 700 cognatio
1096 642 1207 700 φυλή
1255 646 1497 699 Theophani

32 705 180 740 nostro
210 699 335 749 dicta,
395 698 447 740 de
477 714 563 755 quo
594 715 689 756 pag.
730 703 823 752 156,
866 703 1021 742 Arabes
1046 716 1182 756 porro
1212 702 1253 741 in
1285 703 1500 755 indrgenas

29 761 72 795 et
100 756 284 796 advenas
312 756 629 807 discriminatos,
661 757 751 798 iilos
786 758 1089 812 antiquissimos
1119 760 1206 798 Noe
1234 759 1500 812 patriarchae

30 818 221 866 nepotes,
254 814 393 853 lecton
422 813 622 853 nimirum
651 821 693 854 et
721 815 860 855 Heber
885 815 1015 879 filios,
1046 815 1117 869 qui
1148 815 1273 868 primi
1305 815 1500 854 Arabiam

28 881 317 922 occupavere·
360 869 460 909 istos
489 875 653 921 antem,
697 872 767 925 qui
809 872 970 925 geueiis
1009 877 1226 911 auctorem
1272 877 1501 925 agnoscunt

27 923 241 966 Ismaelem
280 924 474 965 Abrahae
521 926 675 976 filium,
718 935 990 968 vocaverunt.
1062 927 1234 982 utrique
1274 935 1318 967 ut
1355 934 1499 980 poste.

27 993 99 1020 ros
126 979 313 1022 habuere
355 981 603 1032 nobiliores,
645 983 714 1037 qui
758 984 950 1037 sthpium
1000 984 1212 1024 variarum
1253 990 1294 1024 et
1323 983 1499 1022 familia-

26 1050 122 1076 rum
151 1051 195 1078 se
220 1039 476 1078 constituere
515 1039 676 1092 capita,
719 1039 774 1079 ita
814 1054 856 1079 se
894 1041 1067 1079 tribuum
1101 1054 1268 1080 suarum
1291 1041 1500 1094 principes

26 1091 324 1137 deciaravere·
368 1096 515 1134 Genes.
558 1109 649 1148 cap.
679 1095 746 1136 25.
805 1096 940 1136 tribus
995 1096 1079 1135 illas
1127 1097 1336 1145 diversas,
1386 1095 1500 1135 velut

25 1149 134 1189 acioe
165 1150 243 1191 sub
274 1155 340 1190 tot
373 1149 546 1191 ducibus
587 1159 780 1191 accurate
819 1152 1065 1206 perstringit
1104 1151 1291 1192 laudatus
1319 1151 1501 1191 Eccbei-

27 1204 148 1246 lensis
192 1206 302 1261 typis
345 1206 467 1262 regiis
516 1221 626 1247 anno
673 1209 778 1252 1651
830 1208 965 1248 editus
1007 1223 1030 1248 a
1058 1223 1152 1263 pag.
1187 1208 1263 1252 141
1306 1207 1356 1247 ad
1406 1209 1497 1252 161.

27 1261 141 1302 circa
174 1262 360 1303 Scenitas
383 1269 424 1303 et
453 1277 578 1318 vagos
592 1265 749 1305 Arabes
782 1265 863 1304 hoc
896 1280 1038 1315 unum,
1069 1263 1181 1319 quod
1210 1263 1294 1304 buc
1321 1264 1498 1314 confert,

27 1332 74 1358 ex
104 1318 252 1359 eodem
282 1319 476 1359 observo.
547 1320 768 1361 “adversus
801 1324 1017 1375 vagante?
1058 1327 1100 1360 et
1140 1322 1334 1361 effraenes
1366 1322 1498 1360 “Ara-

23 1374 133 1415 bes
122 1390 163 1414 m
193 1375 400 1427 silicibus,
428 1377 794 1432 marmoribusque
821 1378 1007 1417 Romana
1041 1377 1177 1431 lingua
1208 1384 1249 1417 et
1279 1377 1496 1416 characte-

23 1431 142 1471 ribus
180 1430 386 1486 insculpta
433 1431 633 1473 hactenus
679 1433 814 1474 videri
855 1434 1143 1474 Romanorum
1193 1423 1495 1487 imperatorum

24 1487 175 1538 edicta,
207 1488 358 1543 quibus
389 1487 467 1528 sub
508 1489 631 1528 variis
670 1490 816 1544 poenis
858 1489 1087 1540 inhibetur,
1118 1504 1171 1530 ne
1198 1504 1340 1544 vagam
1370 1489 1495 1539 iiiam,

23 1551 235 1585 errantem
268 1544 558 1599 incertamque
590 1553 714 1600 agant
733 1547 1007 1600 imposterum
1039 1547 1205 1587 vitamss'
1264 1547 1403 1586 variae
1431 1546 1495 1586 le-

22 1600 182 1642 ctiouoe
207 1599 279 1642 hic
306 1614 393 1640 non
423 1601 574 1642 leviter
602 1602 947 1656 praetereundae.

133 1686 299 1736 219,1.
355 1682 456 1732 τούς
499 1683 782 1740 ἐνδημοῦντας
818 1684 1070 1735 ἐπισκόπους
1100 1686 1335 1735 συνελθεῖν]
1381 1685 1491 1725 anti-

21 1755 106 1796 qua
136 1742 397 1783 consuetudo
440 1741 482 1781 in
515 1749 696 1799 utraque
737 1743 904 1784 ecclesia
934 1742 1148 1798 quondam
1178 1743 1409 1791 obserxata‚
1445 1747 1492 1781 ut

17 1812 67 1838 ex
96 1795 412 1852 ἒνδημούντων,
450 1812 547 1838 casn
578 1800 618 1838 in
650 1800 830 1850 urbem,
860 1800 945 1840 sive
970 1801 1158 1849 Romam,
1187 1801 1271 1839 sive
1302 1799 1382 1841 CP,
1413 1797 1490 1837 ad..

18 1855 279 1895 ventantium
323 1854 501 1909 collegio
550 1856 732 1912 synodus
767 1856 1019 1906 haberetur,
1066 1856 1191 1896 etiam
1224 1855 1349 1895 hodie
1380 1853 1490 1909 apud

27 1912 213 1952 Graecos
236 1917 417 1953 retenta.

128 1985 474 2033 Ihisl.4.A1'ov
503 1988 649 2044 μονήν,
676 1992 750 2032 καί
775 1991 1026 2032 Βασσιανοῦ
1047 2005 1116 2031 και
1146 1988 1404 2043 ῙΙἸατριόνης]
1438 1989 1490 2029 de

15 2044 86 2086 Dii
116 2050 311 2098 tempore
340 2053 381 2087 et
400 2046 656 2088 monasterio
684 2047 736 2087 ad
767 2050 974 2103 pag-114.
1034 2048 1086 2088 de
1116 2047 1291 2088 Bassiani
1320 2046 1489 2086 aedibus

14 2102 301 2157 menologium
331 2103 499 2147 sirleti:
530 2104 582 2144 de
599 2104 792 2145 Bassiano
823 2111 864 2145 et
892 2105 1056 2144 aedium
1073 2104 1157 2143 eius
1187 2103 1361 2142 nominis
1391 2103 1487 2141 fun-

14 2156 165 2198 datore
188 2134 428 2199 ”Menaeum
470 2160 522 2200 ad
553 2161 753 2201 Octobris
793 2161 904 2201 diem
938 2163 1004 2205 10.
1075 2159 1148 2200 ἐπι
1171 2159 1262 2225 τῆς
1272 2157 1487 2209 βασιλείας

12 2214 280 2266 Magnetum&
306 2215 382 2254 τοῦ
408 2210 712 2267 ευσεβεστάτου
750 2211 882 2270 ἢλθεν
924 2217 969 2258 ἒν
1011 2217 1120 2257 ΚΠ.
1190 2229 1257 2254 και
1287 2212 1486 2253 τοσοῦῒθν

15 2268 252 2322 διέλαμψεν
297 2269 473 2336 ‹29ustai'g
511 2287 582 2311 και
614 2268 859 2325 θαύμασιν,
905 2271 963 2320 ὥς
1003 2287 1071 2313 και
1114 2268 1215 2311 nativ
1254 2268 1390 2309 κτίσαι
1422 2267 1484 2306 ἐπ’

0 2323 192 2372 ,ὀνόματι
226 2323 362 2366 αὐτοῦ
398 2324 470 2367 τὸν
496 2328 694 2379 βασιλέα.
769 2330 842 2369 sub
874 2330 1093 2370 IUarci'am
1114 2328 1291 2383 piisszmi
1315 2325 1483 2378 imperio

15 2381 104 2422 ΟΡ.
138 2384 276 2432 venit,
318 2393 549 2439 tantumque
576 2385 788 2424 virtutzbns
816 2393 852 2424 et
894 2386 1099 2425 miraculis
1134 2384 1297 2431 claruit,
1327 2389 1371 2419 ut
1401 2379 1485 2417 eius

13 2451 171 2478 nomme
207 2440 401 2493 templum
433 2442 662 2493 imperator
702 2450 918 2481 extrueret.
977 2442 1035 2480 dis
1039 2441 1276 2493 cipuiorum
1307 2448 1481 2474 numero

10 2495 249 2562 Mat‘ronam
286 2502 551 2560 aggregatam
595 2503 801 2536 memorat
841 2497 948 2538 idem
976 2499 1191 2537 Menaeum
1234 2488 1479 2544 ἐπὶηθύνθη

11 2548 61 2589 δὲ
89 2546 112 2589 ὅ
112 2549 330 2619 ἀριθμὸς
373 2552 455 2591 τῶν
493 2552 700 2604 μαθητῶν
744 2551 879 2592 αὐτοῦ
921 2568 978 2600 ως
1008 2554 1069 2600 εἰς
1097 2545 1380 2602 τριακοσίους·
1438 2547 1482 2595 ⁴3}

12 2619 73 2644 ων
103 2621 153 2659 ην
178 2607 254 2647 καί
281 2602 306 2661 ἦ
338 2603 437 2658 ἆγιά
469 2605 1057 2675 Mammam,d12w1pulqr1un
1100 2621 1182 2648 ems
1212 2619 1394 2645 nanterus
1423 2603 1486 2643 ad

14 2658 96 2702 300
128 2665 286 2704 crvezit:
315 2679 371 2703 επ,-
402 2664 539 2717 quibus
567 2664 843 2706 8.]11αιιοηα
873 2668 1019 2707 eaetitzt.

105 2742 245 2839 Ιἰόἱᾱρ
270 2742 331 2786 14.
394 2741 654 2795 Θευδέριχος
694 2743 744 2784 δὲ
775 2741 795 2783 ὅ
815 2738 998 2799 Λφρος]
1029 2758 1072 2784 ex
1102 2741 1318 2782 theodori
1348 2741 1480 2782 lecto-

17 2797 73 2838 ris
121 2813 131 2837 ι
