1728 3184
226 168 325 226 462
723 180 781 223 IN
828 178 1205 223 ΤΗΕΟΡΗΑΝΕΜ

228 312 280 338 na
311 294 485 338 Graccis
511 294 872 361 hic‘promiscna)
904 297 1016 352 apud
1042 298 1157 337 illum
1185 292 1440 349 καστρίσιος,
1467 296 1535 338 cui
1563 310 1712 339 munus

227 356 269 394 in
302 353 451 394 litteris
482 353 705 394 ieddendis
735 354 977 408 assignatur.
1018 354 1171 395 Victor
1200 353 1502 394 Tunnonensis.
1558 354 1714 395 litteras

225 412 320 452 satis
350 409 517 450 idoneas
533 410 758 451 Iusti'mano
781 411 971 467 principi
990 425 1070 467 per
1099 410 1342 466 OZympium
1377 411 1711 465 magister-ianam

225 469 398 509 mittunt.
428 482 451 507 a
481 466 682 522 magistro
713 466 954 508 officiorum
983 468 1167 509 directus
1210 466 1415 508 eiusmodi
1448 481 1601 508 nomen
1633 468 1714 508 ob...

225 524 366 566 tinuit.
398 524 526 565 notit.
563 523 663 579 imp.

338 601 436 654 378,
462 601 502 643 4.
560 600 811 658 στηθᾰριοι]
854 605 994 658 imago
1035 619 1061 644 a
1094 613 1256 661 pectore
1295 603 1471 658 depicta,
1506 604 1639 659 qualis
1671 605 1712 645 in

224 660 350 716 signis
379 633 628 701 militaiibus
658 660 852 716 antiquis.

337 738 536 782 Ibid.19,
600 732 770 788 Ουννοι,
801 752 877 786 ους
902 738 1119 792 Τουοκους
1141 740 1275 793 λέγειν
1305 734 1535 810 εἰώθαμεν]
1566 739 1712 780 Theo-

223 797 380 862 phanes
416 795 636 851 Byzantius
666 795 806 835 Photii
844 795 990 836 codice
1021 794 1089 837 64.
1158 794 1266 849 πρὸς
1293 790 1420 850 ευοον
1450 810 1607 848 ανεμον
1638 796 1713 837 τοῦ

230 848 436 901 Τανάϊδος
463 852 645 904 Τοῦρκοι
675 852 897 903 νέμονται,
929 848 967 892 οἱ
997 847 1130 894 πάλαι
1152 854 1413 906 ΙΙΙασαγέται
1445 850 1711 903 καλούμενοι.

223 911 284 952 ad
319 910 522 950 Tanaidis
555 908 816 949 Orientalem
839 910 1015 964 plagam
1054 911 1183 951 Twci
1207 911 1367 964 degunt,
1398 911 1482 974 qui
1496 910 1710 973 quondafz

224 968 483 1032 Massagetae
507 967 927 1032 voraci.exce1pta
960 967 1198 1007 Menz=nnd1i.
1269 967 1353 1007 τῶν
1398 961 1598 1018 Ἰούρκων
1627 980 1712 1005 των

223 1019 375 1065 §dum
406 1023 681 1073 καλουμένων
710 1021 787 1062 τοῦ
830 1018 977 1062 πάλαι.
1040 1024 1082 1063 T
1076 1039 1161 1064 uret
1180 1054 1192 1076 ‚
1221 1024 1292 1079 qui
1322 1021 1458 1063 Sacae
1488 1023 1711 1078 antiquitus

221 1080 498 1122 vocabantur.
529 1078 580 1118 ad
609 1078 795 1119 Danubii
826 1078 973 1119 littora
1000 1080 1112 1120 locat
1139 1082 1174 1121 Γ
1179 1080 1436 1145 redegaitius,
1472 1086 1514 1119 et
1543 1094 1566 1119 a
1594 1079 1710 1118 Tui-

225 1137 328 1178 chot
358 1150 471 1190 rege,
504 1149 551 1176 ex
584 1150 670 1191 quo
703 1136 859 1176 Franci
890 1137 1133 1192 piopagati‚
1165 1152 1317 1177 nomen
1350 1136 1546 1192 imponit.

335 1204 447 1246 lbid.
482 1202 550 1244 20.
607 1199 891 1256 πρεσβεύουσι
933 1202 1040 1259 πρὸς
1075 1203 1329 1260 Ἰουστῖνον]
1361 1204 1580 1260 legationis
1612 1219 1709 1244 cau-

223 1276 324 1314 sam,
356 1268 399 1302 et
429 1261 664 1302 aRomanis
699 1261 920 1315 reciproce
953 1262 1093 1303 missos
1126 1263 1279 1317 legatos
1310 1267 1486 1301 narrant
1515 1269 1711 1316 excerpta

224 1317 474 1370 Menandri,
505 1323 548 1358 et
577 1318 762 1373 epitome
791 1318 1002 1359 Photiana
1031 1318 1299 1374 Theophanis
1331 1319 1538 1375 Byzantii.

342 1385 456 1427 Ibid.
491 1385 559 1426 21.
619 1381 932 1440 προεφασίζετο
961 1386 1043 1427 τῶν
1078 1383 1316 1451 Ἀρμενίων
1344 1382 1451 1439 πρὸς
1478 1379 1609 1426 αὖτὸν
1639 1383 1711 1425 ἆν-

223 1438 421 1498 ταρσίαν]
458 1442 664 1498 integram
685 1457 869 1498 quorum
889 1443 1107 1484 historiam
1127 1443 1229 1484 texit
1250 1443 1485 1498 Procopius
1516 1443 1567 1483 de
1596 1442 1708 1482 bello

222 1499 379 1544 Persic.
438 1515 546 1556 quae
587 1500 639 1541 ad
678 1500 810 1541 hocce
859 1506 1023 1556 tempus
1063 1507 1253 1557 spectant
1298 1506 1469 1542 enarrat
1499 1499 1707 1555 Euagrius

222 1555 294 1596 lib.
323 1555 349 1596 5
375 1570 467 1611 cap.
496 1556 536 1598 7.

337 1629 434 1682 379,
468 1629 511 1672 6.
579 1633 735 1678 κοινοῖς
783 1627 1041 1682 ἀναλώμασι
1081 1625 1132 1672 zoi
1174 1628 1379 1685 φρούρια,
1412 1624 1711 1684 ἐφυλάττοντο]

222 1687 337 1742 pacis
378 1662 506 1729 initae
553 1702 649 1728 cum
689 1688 823 1729 Persis
869 1688 1135 1729 conditiones
1167 1688 1293 1728 hahes
1323 1687 1365 1727 in
1393 1686 1597 1741 excerptis
1620 1689 1714 1727 Me-

222 1744 376 1785 nandri
406 1743 600 1786 editionis
630 1745 784 1800 Regiae
813 1760 907 1801 pag.
942 1744 1036 1786 140.

335 1816 540 1859 Ibid.13.
593 1813 758 1872 Ῥώιιης
788 1817 1016 1866 ἐπισκοπος
1049 1814 1267 1870 Ἰωάννης]
1310 1821 1565 1857 erraverunt
1604 1815 1714 1857 hue-

222 1889 356 1931 usque
403 1889 488 1915 non
522 1875 814 1940 infiequenter
856 1874 1041 1915 auctoris
1082 1873 1350 1928 Theophanis
1393 1873 1597 1914 chronica
1640 1888 1713 1913 ca-

225 1932 372 1973 nonia:
405 1931 474 1972 hic
503 1933 650 1972 mutila
670 1931 856 1986 primum
885 1938 1092 1986 apparent
1116 1931 1157 1971 in
1177 1931 1470 1971 Romanorum
1499 1931 1713 1986 episcopp

224 1988 525 2045 componendo
568 1988 884 2044 diagrammate.
959 1988 1124 2029 loannis
1174 1987 1242 2028 hic
1287 1994 1408 2028 sonat
1440 2002 1627 2029 nomen·
1662 1988 1713 2028 de

224 2047 339 2088 annis
371 2053 412 2087 et
458 2060 669 2087 ann01um
713 2061 872 2086 summa
922 2046 1052 2086 altum
1092 2045 1313 2086 silentium.
1389 2045 1510 2086 brevi
1542 2044 1713 2086 nomina

224 2105 311 2158 ipsa
333 2102 515 2154 tacebit,
563 2102 635 2143 sed
677 2117 813 2158 neque
861 2102 1111 2158 integrimes
1147 2108 1244 2142 sunt
1287 2102 1356 2142 alii
1399 2103 1525 2143 codd.
1557 2102 1711 2157 quibus

223 2160 370 2202 eadem
405 2160 721 2211 desiderantur,
757 2165 800 2200 et
840 2158 882 2199 in
912 2160 1061 2215 quibus
1091 2160 1233 2200 variae
1261 2164 1359 2199 sunt
1388 2159 1492 2201 aliae
1520 2158 1712 2210 mendac,

222 2232 325 2274 quas
371 2217 513 2258 variae
558 2216 758 2258 lectiones
798 2222 1016 2261 annotant.
1091 2215 1371 2258 consulendae
1411 2216 1505 2258 illae
1544 2216 1586 2257 in
1615 2230 1711 2271 pag.

222 2275 346 2316 istam
377 2272 460 2316 208
497 2273 555 2315 nil
585 2273 632 2317 in
661 2274 717 2315 eis
748 2288 875 2330 quam
905 2274 1025 2315 varia
1055 2281 1098 2316 et
1128 2274 1362 2329 praecipua
1393 2272 1604 2315 discordia
1634 2273 1714 2314 oh-

224 2338 430 2374 servatur.

334 2404 446 2446 Ibid.
487 2402 552 2446 14.
606 2401 841 2458 ἠσθένησεν
894 2400 917 2444 ὅ
966 2399 1188 2458 βασιλεύς]
1242 2403 1285 2444 in
1335 2418 1491 2444 annum
1542 2401 1712 2456 imperii

222 2468 422 2503 octavum
466 2461 756 2505 infirmitatem
802 2461 978 2502 eandem
1029 2462 1163 2501 refert
1208 2461 1444 2502 chronicon
1487 2458 1708 2499 Alexandr.

222 2534 399 2574 eamque
426 2519 548 2559 fuisse
573 2514 727 2573 φρενὸς
757 2515 1021 2573 παρακοπήν,
1051 2518 1278 2559 amentiam
1307 2533 1355 2559 ex
1391 2516 1568 2558 tristitia
1603 2515 1713 2556 scri-

220 2577 285 2617 bit
324 2576 531 2632 Euagrius
577 2575 651 2615 lib.
687 2575 713 2615 5
755 2589 850 2629 cap.
883 2574 946 2615 11.
1016 2580 1214 2629 excerpta
1255 2575 1307 2616 de
1342 2573 1621 2629 legationibus
1666 2586 1713 2613 ex

220 2634 443 2674 Menandri
477 2633 572 2673 libr.
606 2630 648 2683 2,
675 2631 923 2687 Fredegarii
964 2631 1200 2672 scholastici
1229 2632 1478 2673 chronicon.
1538 2645 1589 2670 an
1623 2644 1708 2669 nou

220 2690 400 2731 verbera
447 2690 573 2730 fratri
613 2689 799 2730 Badurio
818 2663 1029 2741 ”inflictffi
1074 2690 1271 2745 idemque
1313 2704 1408 2728 mox
1442 2687 1712 2742 imperatoris

221 2761 347 2787 cursu
376 2745 429 2787 ad
455 2761 605 2802 pacem
646 2746 884 2803 quaesitu5‚
916 2746 1121 2787 amentiae
1154 2754 1251 2787 sunt
1279 2744 1461 2785 indicia?
1520 2745 1561 2784 in
1594 2743 1708 2782 indi-

222 2803 433 2846 ctionibus
467 2803 734 2847 numerandis
767 2809 921 2846 auctor
950 2802 1154 2846 chronico
1177 2802 1459 2845 Alexandrino
1490 2814 1618 2842 annos
1637 2801 1707 2840 Iu-
