1728 3184
665 179 865 222 NOTAE.
1004 196 1007 198 ’
1398 179 1492 229 551

147 293 347 348 705,17.
404 296 646 349 περιθέντες
690 298 907 351 τζαγγιον,
950 300 1022 340 καὶ
1061 299 1299 368 στέφανον]
1348 305 1500 348 πέδιλα

36 346 218 404 ἐρυθρά,
243 350 393 392 scribit
406 353 582 405 Nicetas,
610 355 906 409 imperatoriae
937 355 1144 409 dignitatis
1176 359 1361 414 insignia.

149 422 340 475 707,17.
396 422 501 475 μετὰ
534 422 670 479 πάσης
697 425 926 476 α’παθειάς]
955 428 1199 470 sclavorum
1228 438 1270 472 et
1297 434 1502 490 Bulgaro-

34 493 129 519 rum
155 479 394 521 incursibus
424 487 467 522 et
487 488 600 523 metu
634 482 779 524 libera.

33 614 98 657 b}
147 559 258 600 Ibid.
304 559 372 601 20.
447 561 646 615 Μωσῆς]
697 561 824 602 Musa
875 562 1073 603 Al-lzadi
1110 563 1364 606 Ecchellensi
1399 567 1500 608 scri-

65 630 75 654 ι
100 628 167 655 ur.

143 686 240 740 714,
277 691 313 731 1.
369 684 443 728 καὶ
468 684 541 729 τὸν
565 684 812 745 ἡγούμενον]
839 691 1012 731 Petrum
1043 691 1167 731 etiam
1198 693 1383 734 nornine.

139 758 237 812 715,
268 760 306 800 2.
363 759 409 801 ἐν
442 764 526 807 τοῖς
577 762 907 814 κατηχουμὲνοις
947 759 1156 815 ὄρώντων]
1202 764 1496 806 cathecumena

30 815 221 870 porticus
250 815 444 857 ecclesiae
478 817 739 858 sublimiores
769 818 822 858 ad
852 833 1007 858 annum
1037 820 1298 861 Constantini
1329 822 1495 875 Copro-

31 871 143 928 nymi
162 872 349 927 primum
373 873 649 927 exposuimus
708 888 901 927 praesens
932 874 1047 915 locus
1076 876 1118 916 id
1139 876 1362 916 convincit.
1398 877 1494 917 alias

27 942 75 968 ex
107 928 300 969 ecclesiae
328 928 534 969 liminibus
559 935 601 969 et
616 935 781 970 externa
799 931 967 984 porticu
998 937 1138 985 patres
1168 933 1365 988 synodice
1394 947 1493 973 coa-

27 991 117 1025 ctos
149 985 201 1026 de
227 984 323 1025 fidei
364 985 486 1026 rebus
526 985 785 1026 dissert·1ntes
822 994 1143 1041 prospectarent
1166 1020 1177 1040 ,
1219 994 1260 1028 et
1299 989 1493 1030 audirent

28 1041 302 1096 imperatores
345 1042 637 1082 Constantinus
678 1048 719 1082 et
759 1043 904 1083 lrene?
969 1044 1263 1085 catliecnmena
1293 1045 1493 1086 inferiora

27 1097 153 1138 etiam
184 1099 336 1140 Graeci
377 1098 562 1138 nonnulli
606 1105 757 1139 vocant
798 1099 990 1139 ecclesiae
1029 1097 1248 1153 ἐμβόλους,
1279 1115 1377 1156 quas
1410 1103 1491 1141 alas

25 1159 67 1194 et
95 1169 218 1195 naves
244 1154 428 1194 minores
458 1169 665 1206 vocamus,
694 1170 823 1209 eaque
854 1170 904 1194 τα
936 1154 1049 1195 κάτω
1077 1155 1371 1211 κατηχούμενα
1405 1154 1489 1198 ἀπὸ

24 1224 111 1251 των
139 1225 230 1252 ανω
258 1210 448 1252 diversa·
480 1210 551 1251 sed
581 1210 684 1251 haec
712 1211 987 1251 hallucinatus
1020 1218 1092 1251 est.

134 1293 231 1347 716,
260 1293 303 1335 3.
374 1291 533 1350 κόρτις]
569 1297 822 1346 comitatum,
864 1304 904 1335 et
927 1296 1184 1347 famulatum
1223 1297 1376 1350 regium
1423 1296 1490 1337 hic

25 1350 182 1446 ἷῗῑετῐξ
237 1351 334 1392 alibi
380 1353 550 1403 aulam,
612 1358 654 1393 et
695 1352 792 1394 alibi
831 1365 973 1392 rursus
1019 1352 1231 1393 tentorium
1254 1367 1267 1392 ε
1314 1353 1366 1394 de
1403 1367 1488 1408 quo

23 1431 36 1447 Λ
69 1422 243 1449 eursms·

133 1486 242 1528 Ibid.
270 1485 310 1526 4.
368 1484 409 1526 οἱ
439 1486 523 1526 τῶν
555 1482 634 1536 ἔξω
664 1483 908 1543 ταγμάτων]
944 1494 1058 1528 extra
1088 1486 1169 1527 (ΣΡ.
1198 1487 1237 1527 in
1261 1485 1486 1541 praesidiiS‚

19 1543 85 1584 vel
113 1543 300 1598 propriis
337 1543 587 1583 thematibus
625 1549 666 1583 et
705 1544 950 1584 stationibus
992 1543 1148 1598 positos
1175 1543 1322 1583 milites
1354 1543 1486 1582 nullus

21 1599 206 1654 negabit.
282 1599 505 1640 recolenda
549 1600 738 1654 superius
783 1601 892 1641 dicta
933 1600 985 1641 ad
1025 1599 1172 1641 Leonis
1209 1599 1486 1655 praecessoris

20 1671 175 1695 annum
205 1671 403 1710 primum.

129 1733 239 1776 Ibid.
269 1733 309 1774 8.
365 1732 440 1781 τὰς
472 1732 692 1788 φαμηλιάς
724 1727 882 1789 abrah]
914 1733 1119 1789 integram
1142 1732 1352 1784 familiam,
1381 1747 1486 1773 con-

18 1791 143 1846 iugeS,
173 1791 339 1841 liberos,
368 1790 481 1830 bona
512 1790 714 1844 intelligo

127 1875 233 1916 Ibid.
280 1874 346 1915 21.
412 1869 622 1942 ἑκροτὴθη
664 1872 687 1926 ἢ
730 1868 830 1926 ἁγία
875 1888 946 1914 και
983 1870 1249 1941 οἷκουμενικὴ
1288 1869 1482 1927 σύνοδος]

14 1930 102 1983 ipsa
129 1930 280 1996 synodi
309 1935 413 1974 acta.
443 1930 489 1971 ἐν
519 1926 694 1980 ὀνόματι
724 1930 799 1970 τοῦ
837 1929 986 1982 κυρίου
1013 1926 1087 1969 καὶ
1116 1927 1318 1970 δεσπότου
1347 1928 1484 1983 Ἰησοῦ

14 1986 212 2037 Χριστοῦ
247 2002 320 2027 του
360 1985 466 2026 θεοῦ
512 1983 660 2038 ἡμῶν,
695 1986 919 2038 βασιλείας
960 2000 1044 2027 των
1072 1980 1382 2050 εὐσεβεστάτων
1411 1998 1482 2024 και

9 2043 309 2108 φιλοχρίστων
336 2040 456 2108 ἤμων
500 2041 714 2082 δεσποτῶν
744 2041 1068 2082 Κωνσταντίνου
1097 2040 1172 2081 καὶ
1199 2036 1398 2107 Εἰρήνης
1406 2039 1483 2092 τῆς

10 2098 147 2139 αὸτοῦ
172 2095 358 2153 μητρός,
403 2094 523 2145 ε’τους
568 2094 722 2148 ὄγδόου
750 2099 825 2149 τῆς
853 2096 993 2137 αὐτῶν
1023 2094 1240 2148 ὑπατείας,
1264 2093 1346 2148 πρὸ
1373 2093 1478 2134 ὀκτώ

8 2155 232 2195 καλανδῶν
255 2154 529 2206 Ὀκτωβρίων,
559 2153 815 2200 ἰνδικτιῶνος
837 2147 1087 2218 ἑνδεκάτης·
1143 2168 1185 2193 m
1213 2155 1372 2192 nomine
1402 2152 1478 2190 do-

9 2213 114 2252 mini
139 2221 180 2251 et
202 2211 470 2252 dominatoris
498 2211 589 2251 Iesu
621 2209 771 2250 Christi
806 2209 877 2249 dei
903 2211 1051 2259 nostri,
1080 2210 1248 2264 imperio
1273 2210 1476 2263 pizssmno-

9 2283 99 2308 rum
128 2276 167 2307 et
184 2269 408 2308 amicorum
428 2266 585 2306 Clu-isti
623 2266 876 2306 dominorum
914 2274 1136 2305 nostrorum
1152 2264 1399 2304 Constantini
1440 2271 1479 2301 et

10 2325 165 2375 stenes,
185 2332 328 2363 octavo
367 2338 473 2362 anno
501 2323 725 2362 consulatus
752 2336 902 2372 eorum,
945 2330 1094 2362 octavo
1123 2320 1314 2360 kalemias
1348 2319 1476 2358 Octo-

9 2380 142 2428 brias,
174 2380 393 2420 indictione
420 2379 656 2419 undecima.

120 2461 216 2513 717,
245 2462 284 2503 9.
340 2459 443 2515 μηνὶ
477 2455 715 2516 Ὀκτωβρύυ
742 2456 955 2515 ενδεκάτῃ]
986 2460 1042 2499 ita
1061 2458 1315 2498 Barbarinus
1347 2456 1477 2496 codex

9 2518 219 2559 Vaticanis
267 2519 498 2560 adiunctus,
568 2501 775 2559 consentit
819 2516 1048 2556 Anastasius
1090 2515 1294 2555 scribens:
1337 2514 1476 2566 quinto

9 2575 98 2614 idas
133 2575 360 2628 octobrias,
389 2574 628 2614 indictionis
667 2574 915 2613 undecimae.
973 2571 1246 2624 Peyrezianus
1277 2568 1376 2623 legit
1402 2582 1475 2607 so..

11 2629 248 2681 lummodo,
286 2630 391 2683 μηνί
424 2628 675 2684 Ὀκτωβρίῳ.
751 2629 837 2682 ipsa
870 2627 1016 2684 synodi
1048 2633 1138 2666 acta
1179 2639 1315 2679 nuper
1317 2602 1475 2664 t’relata

9 2685 172 2728 dierum
204 2687 442 2727 octodecim
472 2685 650 2739 spatium
674 2691 957 2727 antevertant.

115 2762 587 2818 718,14.λογοθὲτην
614 2763 694 2803 τοῦ
722 2759 1055 2817 στρατιωτικοῦ]
1086 2760 1118 2800 is
1147 2757 1297 2799 Codini
1326 2771 1416 2812 cap.
1447 2757 1473 2797 2
