<?xml version="1.0" encoding="UTF-8"?>
<!DOCTYPE html PUBLIC "-//W3C//DTD XHTML 1.0 Transitional//EN"
    "http://www.w3.org/TR/xhtml1/DTD/xhtml1-transitional.dtd">
<html xmlns="http://www.w3.org/1999/xhtml" xml:lang="en" lang="en">
 <head>
  <title>
</title>
<meta http-equiv="Content-Type" content="text/html;charset=utf-8" />
  <meta name='ocr-system' content='tesseract 3.04.00' />
  <meta name='ocr-capabilities' content='ocr_page ocr_carea ocr_par ocr_line ocrx_word'/>
</head>
<body>
  <div class='ocr_page' id='page_1' title='image "./corpusscriptorum47niebuoft_0353.png"; bbox 0 0 1728 3184; ppageno 0'>
   <div class='ocr_carea' id='block_1_1' title="bbox 706 168 1535 226">
    <p class='ocr_par' dir='ltr' id='par_1_1' title="bbox 706 168 1535 226">
     <span class='ocr_line' id='line_1_1' title="bbox 706 168 1535 226; baseline 0 -2"><span class='ocrx_word' id='word_1_1' title='bbox 706 181 909 224; x_wconf 65' lang='lat' dir='ltr'><strong>noma.</strong></span> <span class='ocrx_word' id='word_1_2' title='bbox 1438 168 1535 226; x_wconf 71' lang='lat'><strong>343</strong></span> 
     </span>
    </p>
   </div>
   <div class='ocr_carea' id='block_1_2' title="bbox 71 293 1543 573">
    <p class='ocr_par' dir='ltr' id='par_1_2' title="bbox 71 293 1543 573">
     <span class='ocr_line' id='line_1_2' title="bbox 71 293 1540 351; baseline 0.004 -18"><span class='ocrx_word' id='word_1_3' title='bbox 71 294 231 350; x_wconf 81' lang='lat' dir='ltr'><strong>quippe</strong></span> <span class='ocrx_word' id='word_1_4' title='bbox 272 293 446 351; x_wconf 73' lang='lat' dir='ltr'><strong>antiqua</strong></span> <span class='ocrx_word' id='word_1_5' title='bbox 482 295 693 351; x_wconf 81' lang='lat' dir='ltr'><strong>particula</strong></span> <span class='ocrx_word' id='word_1_6' title='bbox 734 297 884 351; x_wconf 84' lang='lat' dir='ltr'><strong>quietis</strong></span> <span class='ocrx_word' id='word_1_7' title='bbox 927 295 973 336; x_wconf 78' lang='grc' dir='ltr'><strong>ἐν</strong></span> <span class='ocrx_word' id='word_1_8' title='bbox 1011 298 1253 351; x_wconf 79' lang='lat' dir='ltr'><strong>exprimunt</strong></span> <span class='ocrx_word' id='word_1_9' title='bbox 1286 298 1540 339; x_wconf 73' lang='lat' dir='ltr'><strong>recentiores</strong></span> 
     </span>
     <span class='ocr_line' id='line_1_3' title="bbox 71 351 1541 409; baseline 0.001 -17"><span class='ocrx_word' id='word_1_10' title='bbox 71 351 238 392; x_wconf 84' lang='lat' dir='ltr'><strong>Graeci.</strong></span> <span class='ocrx_word' id='word_1_11' title='bbox 307 351 421 393; x_wconf 78' lang='lat' dir='ltr'><strong>loeus</strong></span> <span class='ocrx_word' id='word_1_12' title='bbox 470 354 595 393; x_wconf 86' lang='lat' dir='ltr'><strong>etiam</strong></span> <span class='ocrx_word' id='word_1_13' title='bbox 638 352 904 394; x_wconf 75' lang='lat' dir='ltr'><strong>allocutionis</strong></span> <span class='ocrx_word' id='word_1_14' title='bbox 945 353 1164 394; x_wconf 86' lang='lat' dir='ltr'><strong>tribunalis</strong></span> <span class='ocrx_word' id='word_1_15' title='bbox 1203 368 1371 409; x_wconf 88' lang='lat' dir='ltr'><strong>campus</strong></span> <span class='ocrx_word' id='word_1_16' title='bbox 1399 354 1541 409; x_wconf 83' lang='lat' dir='ltr'><strong>potuit</strong></span> 
     </span>
     <span class='ocr_line' id='line_1_4' title="bbox 71 406 1539 464; baseline 0.003 -18"><span class='ocrx_word' id='word_1_17' title='bbox 71 406 239 447; x_wconf 82' lang='lat' dir='ltr'><strong>auctori</strong></span> <span class='ocrx_word' id='word_1_18' title='bbox 266 407 448 449; x_wconf 76' lang='lat' dir='ltr'><strong>barbare</strong></span> <span class='ocrx_word' id='word_1_19' title='bbox 476 409 584 450; x_wconf 81' lang='lat' dir='ltr'><strong>dici:</strong></span> <span class='ocrx_word' id='word_1_20' title='bbox 617 409 728 464; x_wconf 86' lang='lat' dir='ltr'><strong>apud</strong></span> <span class='ocrx_word' id='word_1_21' title='bbox 752 423 878 464; x_wconf 88' lang='lat' dir='ltr'><strong>quem</strong></span> <span class='ocrx_word' id='word_1_22' title='bbox 895 409 999 450; x_wconf 84' lang='lat' dir='ltr'><strong>haec</strong></span> <span class='ocrx_word' id='word_1_23' title='bbox 1025 410 1136 450; x_wconf 89' lang='lat' dir='ltr'><strong>circa</strong></span> <span class='ocrx_word' id='word_1_24' title='bbox 1166 410 1468 452; x_wconf 82' lang='lat' dir='ltr'><strong>Brittanionem</strong></span> <span class='ocrx_word' id='word_1_25' title='bbox 1496 410 1539 450; x_wconf 90' lang='lat' dir='ltr'><strong>in</strong></span> 
     </span>
     <span class='ocr_line' id='line_1_5' title="bbox 73 463 1543 520; baseline 0.003 -17"><span class='ocrx_word' id='word_1_26' title='bbox 73 463 256 519; x_wconf 87' lang='lat' dir='ltr'><strong>Illyrico,</strong></span> <span class='ocrx_word' id='word_1_27' title='bbox 287 478 372 505; x_wconf 91' lang='lat' dir='ltr'><strong>non</strong></span> <span class='ocrx_word' id='word_1_28' title='bbox 402 465 562 506; x_wconf 85' lang='lat' dir='ltr'><strong>Romae</strong></span> <span class='ocrx_word' id='word_1_29' title='bbox 594 464 859 520; x_wconf 85' lang='lat' dir='ltr'><strong>intelligenda</strong></span> <span class='ocrx_word' id='word_1_30' title='bbox 891 471 1014 520; x_wconf 82' lang='lat' dir='ltr'><strong>gesta.</strong></span> <span class='ocrx_word' id='word_1_31' title='bbox 1072 466 1123 506; x_wconf 88' lang='lat' dir='ltr'><strong>ad</strong></span> <span class='ocrx_word' id='word_1_32' title='bbox 1147 468 1330 508; x_wconf 84' lang='lat' dir='ltr'><strong>Socratis</strong></span> <span class='ocrx_word' id='word_1_33' title='bbox 1361 468 1470 508; x_wconf 88' lang='lat' dir='ltr'><strong>enim</strong></span> <span class='ocrx_word' id='word_1_34' title='bbox 1500 472 1543 507; x_wconf 85' lang='lat' dir='ltr'><strong>et</strong></span> 
     </span>
     <span class='ocr_line' id='line_1_6' title="bbox 74 519 1541 573; baseline 0.004 -15"><span class='ocrx_word' id='word_1_35' title='bbox 74 519 585 562; x_wconf 80' lang='lat' dir='ltr'><strong>SozomeniBrittanionis</strong></span> <span class='ocrx_word' id='word_1_36' title='bbox 614 523 974 563; x_wconf 79' lang='lat' dir='ltr'><strong>exautorationem</strong></span> <span class='ocrx_word' id='word_1_37' title='bbox 1016 522 1300 573; x_wconf 78' lang='lat' dir='ltr'><strong>referentium,</strong></span> <span class='ocrx_word' id='word_1_38' title='bbox 1334 524 1439 563; x_wconf 88' lang='lat' dir='ltr'><strong>illius</strong></span> <span class='ocrx_word' id='word_1_39' title='bbox 1471 523 1541 564; x_wconf 88' lang='lat' dir='ltr'><strong>lib.</strong></span> 
     </span>
    </p>
   </div>
   <div class='ocr_carea' id='block_1_3' title="bbox 73 575 1544 674">
    <p class='ocr_par' dir='ltr' id='par_1_3' title="bbox 73 575 1544 674">
     <span class='ocr_line' id='line_1_7' title="bbox 73 575 1544 634; baseline 0.003 -19"><span class='ocrx_word' id='word_1_40' title='bbox 73 575 99 616; x_wconf 83' lang='lat'><strong>2</strong></span> <span class='ocrx_word' id='word_1_41' title='bbox 128 589 220 631; x_wconf 82' lang='lat' dir='ltr'><strong>cap.</strong></span> <span class='ocrx_word' id='word_1_42' title='bbox 256 575 323 629; x_wconf 77' lang='lat'><strong>23,</strong></span> <span class='ocrx_word' id='word_1_43' title='bbox 359 577 476 619; x_wconf 84' lang='lat' dir='ltr'><strong>istius</strong></span> <span class='ocrx_word' id='word_1_44' title='bbox 504 579 577 620; x_wconf 89' lang='lat' dir='ltr'><strong>lib.</strong></span> <span class='ocrx_word' id='word_1_45' title='bbox 605 576 634 619; x_wconf 82' lang='lat'>4</span> <span class='ocrx_word' id='word_1_46' title='bbox 660 593 753 634; x_wconf 81' lang='lat' dir='ltr'><strong>cap.</strong></span> <span class='ocrx_word' id='word_1_47' title='bbox 781 577 834 619; x_wconf 90' lang='grc'><strong>30</strong></span> <span class='ocrx_word' id='word_1_48' title='bbox 865 585 1073 631; x_wconf 86' lang='lat' dir='ltr'><strong>mentem,</strong></span> <span class='ocrx_word' id='word_1_49' title='bbox 1113 579 1380 633; x_wconf 82' lang='lat' dir='ltr'><strong>Theophanis</strong></span> <span class='ocrx_word' id='word_1_50' title='bbox 1409 593 1544 621; x_wconf 83' lang='lat' dir='ltr'><strong>sensus</strong></span> 
     </span>
     <span class='ocr_line' id='line_1_8' title="bbox 73 631 462 674; baseline 0.005 -2"><span class='ocrx_word' id='word_1_51' title='bbox 73 631 418 674; x_wconf 80' lang='lat' dir='ltr'><strong>accomodandus.</strong></span> <span class='ocrx_word' id='word_1_52' title='bbox 459 642 462 643; x_wconf 72' lang='grc'>’</span> 
     </span>
    </p>
   </div>
   <div class='ocr_carea' id='block_1_4' title="bbox 71 707 1563 1724">
    <p class='ocr_par' dir='ltr' id='par_1_4' title="bbox 71 707 1563 1724">
     <span class='ocr_line' id='line_1_9' title="bbox 185 707 1547 767; baseline -0.001 -16"><span class='ocrx_word' id='word_1_53' title='bbox 185 708 256 761; x_wconf 86' lang='grc'><strong>68,</strong></span> <span class='ocrx_word' id='word_1_54' title='bbox 289 711 352 752; x_wconf 85' lang='grc'><strong>17.</strong></span> <span class='ocrx_word' id='word_1_55' title='bbox 420 707 446 752; x_wconf 77' lang='grc' dir='ltr'><em>ὅ</em></span> <span class='ocrx_word' id='word_1_56' title='bbox 475 712 524 753; x_wconf 84' lang='grc' dir='ltr'><strong>δὲ</strong></span> <span class='ocrx_word' id='word_1_57' title='bbox 555 708 852 762; x_wconf 77' lang='grc' dir='ltr'><strong>Κωνστιίντιος</strong></span> <span class='ocrx_word' id='word_1_58' title='bbox 887 713 1150 767; x_wconf 82' lang='grc' dir='ltr'><em>ἐπιστρέψας</em></span> <span class='ocrx_word' id='word_1_59' title='bbox 1189 712 1251 760; x_wconf 81' lang='grc' dir='ltr'><strong>εἷς</strong></span> <span class='ocrx_word' id='word_1_60' title='bbox 1288 710 1335 752; x_wconf 78' lang='grc' dir='ltr'><strong>τό</strong></span> <span class='ocrx_word' id='word_1_61' title='bbox 1376 711 1547 764; x_wconf 79' lang='grc' dir='ltr'>Βυζάν-</span> 
     </span>
     <span class='ocr_line' id='line_1_10' title="bbox 71 767 1546 825; baseline 0.001 -18"><span class='ocrx_word' id='word_1_62' title='bbox 71 767 177 820; x_wconf 82' lang='grc' dir='ltr'>τιον]</span> <span class='ocrx_word' id='word_1_63' title='bbox 206 775 346 809; x_wconf 85' lang='lat' dir='ltr'><strong>mente</strong></span> <span class='ocrx_word' id='word_1_64' title='bbox 377 769 575 810; x_wconf 79' lang='lat' dir='ltr'><strong>nimirum</strong></span> <span class='ocrx_word' id='word_1_65' title='bbox 609 769 789 810; x_wconf 82' lang='lat' dir='ltr'><strong>reditum</strong></span> <span class='ocrx_word' id='word_1_66' title='bbox 818 785 968 825; x_wconf 88' lang='lat' dir='ltr'><strong>parans</strong></span> <span class='ocrx_word' id='word_1_67' title='bbox 999 785 1138 811; x_wconf 87' lang='lat' dir='ltr'><strong>versus</strong></span> <span class='ocrx_word' id='word_1_68' title='bbox 1165 769 1423 825; x_wconf 81' lang='lat' dir='ltr'><strong>Byzantium,</strong></span> <span class='ocrx_word' id='word_1_69' title='bbox 1453 785 1546 810; x_wconf 89' lang='lat' dir='ltr'><strong>cum</strong></span> 
     </span>
     <span class='ocr_line' id='line_1_11' title="bbox 75 823 1549 882; baseline 0.002 -20"><span class='ocrx_word' id='word_1_70' title='bbox 75 823 214 864; x_wconf 87' lang='lat' dir='ltr'><strong>adhuc</strong></span> <span class='ocrx_word' id='word_1_71' title='bbox 244 825 390 866; x_wconf 80' lang='lat' dir='ltr'><strong>Italiae</strong></span> <span class='ocrx_word' id='word_1_72' title='bbox 425 825 622 867; x_wconf 82' lang='lat' dir='ltr'><strong>limitibus</strong></span> <span class='ocrx_word' id='word_1_73' title='bbox 663 833 762 881; x_wconf 87' lang='lat' dir='ltr'><strong>post</strong></span> <span class='ocrx_word' id='word_1_74' title='bbox 792 827 1055 882; x_wconf 88' lang='lat' dir='ltr'><strong>triumphum</strong></span> <span class='ocrx_word' id='word_1_75' title='bbox 1086 827 1243 866; x_wconf 80' lang='lat' dir='ltr'><strong>Romae</strong></span> <span class='ocrx_word' id='word_1_76' title='bbox 1273 831 1410 866; x_wconf 80' lang='lat' dir='ltr'><strong>aetum</strong></span> <span class='ocrx_word' id='word_1_77' title='bbox 1440 825 1549 866; x_wconf 85' lang='lat' dir='ltr'><strong>deti..</strong></span> 
     </span>
     <span class='ocr_line' id='line_1_12' title="bbox 76 882 1549 940; baseline 0.003 -22"><span class='ocrx_word' id='word_1_78' title='bbox 76 885 263 920; x_wconf 79' lang='lat' dir='ltr'><strong>neretur.</strong></span> <span class='ocrx_word' id='word_1_79' title='bbox 321 882 587 923; x_wconf 79' lang='lat' dir='ltr'><strong>Marcellinus</strong></span> <span class='ocrx_word' id='word_1_80' title='bbox 618 883 686 924; x_wconf 87' lang='lat' dir='ltr'><strong>lib.</strong></span> <span class='ocrx_word' id='word_1_81' title='bbox 722 882 789 923; x_wconf 84' lang='lat'><strong>15.</strong></span> <span class='ocrx_word' id='word_1_82' title='bbox 819 893 859 924; x_wconf 90' lang='lat' dir='ltr'><strong>et</strong></span> <span class='ocrx_word' id='word_1_83' title='bbox 883 885 980 924; x_wconf 81' lang='lat' dir='ltr'><strong>haec</strong></span> <span class='ocrx_word' id='word_1_84' title='bbox 1004 884 1165 940; x_wconf 81' lang='lat' dir='ltr'><strong>quidem</strong></span> <span class='ocrx_word' id='word_1_85' title='bbox 1187 884 1338 923; x_wconf 81' lang='lat' dir='ltr'><strong>Romae</strong></span> <span class='ocrx_word' id='word_1_86' title='bbox 1363 883 1549 935; x_wconf 76' lang='lat' dir='ltr'><strong>ageban-</strong></span> 
     </span>
     <span class='ocr_line' id='line_1_13' title="bbox 75 935 1549 993; baseline 0.001 -17"><span class='ocrx_word' id='word_1_87' title='bbox 75 945 154 980; x_wconf 78' lang='lat' dir='ltr'><strong>tur.</strong></span> <span class='ocrx_word' id='word_1_88' title='bbox 187 935 492 979; x_wconf 74' lang='lat' dir='ltr'><strong>Constantinum</strong></span> <span class='ocrx_word' id='word_1_89' title='bbox 529 953 629 980; x_wconf 84' lang='lat' dir='ltr'><strong>vero</strong></span> <span class='ocrx_word' id='word_1_90' title='bbox 657 940 922 993; x_wconf 78' lang='lat' dir='ltr'><strong>exagitabant</strong></span> <span class='ocrx_word' id='word_1_91' title='bbox 964 941 1116 980; x_wconf 80' lang='lat' dir='ltr'><strong>assidui</strong></span> <span class='ocrx_word' id='word_1_92' title='bbox 1143 939 1286 979; x_wconf 83' lang='lat' dir='ltr'><strong>nuncii</strong></span> <span class='ocrx_word' id='word_1_93' title='bbox 1313 939 1549 993; x_wconf 85' lang='lat' dir='ltr'><strong>deploratas</strong></span> 
     </span>
     <span class='ocr_line' id='line_1_14' title="bbox 78 991 1552 1046; baseline 0.002 -15"><span class='ocrx_word' id='word_1_94' title='bbox 78 991 237 1032; x_wconf 78' lang='lat' dir='ltr'><strong>Gallias</strong></span> <span class='ocrx_word' id='word_1_95' title='bbox 266 993 528 1046; x_wconf 80' lang='lat' dir='ltr'><strong>indicantes,</strong></span> <span class='ocrx_word' id='word_1_96' title='bbox 560 996 676 1035; x_wconf 87' lang='lat' dir='ltr'><strong>nullo</strong></span> <span class='ocrx_word' id='word_1_97' title='bbox 705 997 900 1036; x_wconf 82' lang='lat' dir='ltr'><strong>renitente</strong></span> <span class='ocrx_word' id='word_1_98' title='bbox 940 997 999 1035; x_wconf 89' lang='lat' dir='ltr'><strong>ad</strong></span> <span class='ocrx_word' id='word_1_99' title='bbox 1025 996 1329 1035; x_wconf 80' lang='lat' dir='ltr'><strong>internecionem</strong></span> <span class='ocrx_word' id='word_1_100' title='bbox 1362 996 1552 1035; x_wconf 78' lang='lat' dir='ltr'><strong>barbaris</strong></span> 
     </span>
     <span class='ocr_line' id='line_1_15' title="bbox 73 1050 1552 1108; baseline 0.003 -22"><span class='ocrx_word' id='word_1_101' title='bbox 73 1050 329 1090; x_wconf 76' lang='lat' dir='ltr'><strong>vastantibus</strong></span> <span class='ocrx_word' id='word_1_102' title='bbox 357 1053 568 1091; x_wconf 79' lang='lat' dir='ltr'><strong>universa.-</strong></span> <span class='ocrx_word' id='word_1_103' title='bbox 589 1060 861 1107; x_wconf 81' lang='lat' dir='ltr'><strong>aestuansque</strong></span> <span class='ocrx_word' id='word_1_104' title='bbox 884 1053 955 1092; x_wconf 80' lang='lat' dir='ltr'><strong>diu</strong></span> <span class='ocrx_word' id='word_1_105' title='bbox 982 1067 1066 1108; x_wconf 82' lang='lat' dir='ltr'><strong>qua</strong></span> <span class='ocrx_word' id='word_1_106' title='bbox 1093 1053 1163 1091; x_wconf 79' lang='lat' dir='ltr'><strong>via</strong></span> <span class='ocrx_word' id='word_1_107' title='bbox 1188 1052 1452 1106; x_wconf 80' lang='lat' dir='ltr'><strong>propulsaret</strong></span> <span class='ocrx_word' id='word_1_108' title='bbox 1479 1067 1552 1091; x_wconf 89' lang='lat' dir='ltr'><strong>ae-</strong></span> 
     </span>
     <span class='ocr_line' id='line_1_16' title="bbox 76 1107 1552 1163; baseline 0.003 -20"><span class='ocrx_word' id='word_1_109' title='bbox 76 1117 258 1156; x_wconf 81' lang='lat' dir='ltr'><strong>rumnas,</strong></span> <span class='ocrx_word' id='word_1_110' title='bbox 277 1107 364 1159; x_wconf 85' lang='lat' dir='ltr'><strong>ipse</strong></span> <span class='ocrx_word' id='word_1_111' title='bbox 383 1108 429 1146; x_wconf 90' lang='lat' dir='ltr'><strong>in</strong></span> <span class='ocrx_word' id='word_1_112' title='bbox 446 1107 577 1147; x_wconf 84' lang='lat' dir='ltr'><strong>Italia</strong></span> <span class='ocrx_word' id='word_1_113' title='bbox 597 1108 788 1157; x_wconf 77' lang='lat' dir='ltr'><strong>residens,</strong></span> <span class='ocrx_word' id='word_1_114' title='bbox 811 1118 852 1147; x_wconf 86' lang='lat' dir='ltr'><strong>ut</strong></span> <span class='ocrx_word' id='word_1_115' title='bbox 869 1109 1054 1163; x_wconf 80' lang='lat' dir='ltr'><strong>capiebat</strong></span> <span class='ocrx_word' id='word_1_116' title='bbox 1081 1118 1090 1159; x_wconf 90' lang='lat'><strong>(</strong></span> <span class='ocrx_word' id='word_1_117' title='bbox 1099 1108 1376 1162; x_wconf 82' lang='lat' dir='ltr'><strong>periculosum</strong></span> <span class='ocrx_word' id='word_1_118' title='bbox 1406 1109 1552 1148; x_wconf 81' lang='lat' dir='ltr'><strong>etenim</strong></span> 
     </span>
     <span class='ocr_line' id='line_1_17' title="bbox 73 1161 1554 1219; baseline 0.004 -20"><span class='ocrx_word' id='word_1_119' title='bbox 73 1161 343 1202; x_wconf 74' lang='lat' dir='ltr'><strong>existimabat</strong></span> <span class='ocrx_word' id='word_1_120' title='bbox 357 1178 398 1202; x_wconf 86' lang='lat' dir='ltr'><strong>se</strong></span> <span class='ocrx_word' id='word_1_121' title='bbox 413 1164 458 1203; x_wconf 86' lang='lat' dir='ltr'><strong>in</strong></span> <span class='ocrx_word' id='word_1_122' title='bbox 484 1174 647 1218; x_wconf 82' lang='lat' dir='ltr'><strong>partem</strong></span> <span class='ocrx_word' id='word_1_123' title='bbox 668 1164 903 1204; x_wconf 80' lang='lat' dir='ltr'><strong>contrudere</strong></span> <span class='ocrx_word' id='word_1_124' title='bbox 923 1165 1038 1218; x_wconf 84' lang='lat' dir='ltr'><strong>longe</strong></span> <span class='ocrx_word' id='word_1_125' title='bbox 1060 1164 1274 1213; x_wconf 75' lang='lat' dir='ltr'><strong>dimotum)</strong></span> <span class='ocrx_word' id='word_1_126' title='bbox 1294 1165 1443 1219; x_wconf 76' lang='lat' dir='ltr'><strong>reperit</strong></span> <span class='ocrx_word' id='word_1_127' title='bbox 1458 1173 1554 1204; x_wconf 85' lang='lat' dir='ltr'><strong>tan-</strong></span> 
     </span>
     <span class='ocr_line' id='line_1_18' title="bbox 75 1216 1558 1276; baseline 0.003 -21"><span class='ocrx_word' id='word_1_128' title='bbox 75 1216 166 1256; x_wconf 88' lang='lat' dir='ltr'><strong>dem</strong></span> <span class='ocrx_word' id='word_1_129' title='bbox 198 1219 408 1258; x_wconf 81' lang='lat' dir='ltr'><strong>consilium</strong></span> <span class='ocrx_word' id='word_1_130' title='bbox 440 1230 588 1259; x_wconf 81' lang='lat' dir='ltr'><strong>rectum</strong></span> <span class='ocrx_word' id='word_1_131' title='bbox 602 1238 613 1259; x_wconf 94' lang='lat'><strong>.·</strong></span> <span class='ocrx_word' id='word_1_132' title='bbox 653 1229 692 1259; x_wconf 91' lang='lat' dir='ltr'><strong>et</strong></span> <span class='ocrx_word' id='word_1_133' title='bbox 729 1220 937 1261; x_wconf 82' lang='lat' dir='ltr'><strong>Iulianum</strong></span> <span class='ocrx_word' id='word_1_134' title='bbox 966 1221 1192 1276; x_wconf 79' lang='lat' dir='ltr'><strong>patruelem</strong></span> <span class='ocrx_word' id='word_1_135' title='bbox 1214 1220 1412 1270; x_wconf 72' lang='lat' dir='ltr'><strong>fratrem,</strong></span> <span class='ocrx_word' id='word_1_136' title='bbox 1441 1220 1558 1260; x_wconf 79' lang='lat' dir='ltr'><strong>haud</strong></span> 
     </span>
     <span class='ocr_line' id='line_1_19' title="bbox 74 1272 1553 1330; baseline 0.003 -20"><span class='ocrx_word' id='word_1_137' title='bbox 74 1274 132 1311; x_wconf 85' lang='lat' dir='ltr'><strong>ita</strong></span> <span class='ocrx_word' id='word_1_138' title='bbox 158 1272 310 1314; x_wconf 82' lang='lat' dir='ltr'><em>dudum</em></span> <span class='ocrx_word' id='word_1_139' title='bbox 343 1275 395 1313; x_wconf 86' lang='lat' dir='ltr'><strong>ab</strong></span> <span class='ocrx_word' id='word_1_140' title='bbox 419 1277 601 1316; x_wconf 78' lang='lat' dir='ltr'><strong>Achaico</strong></span> <span class='ocrx_word' id='word_1_141' title='bbox 646 1285 774 1316; x_wconf 68' lang='grc' dir='ltr'><strong>ωηο-[ιι</strong></span> <span class='ocrx_word' id='word_1_142' title='bbox 797 1277 999 1326; x_wconf 76' lang='lat' dir='ltr'><strong>accitum,</strong></span> <span class='ocrx_word' id='word_1_143' title='bbox 1040 1278 1165 1316; x_wconf 85' lang='lat' dir='ltr'><strong>etiam</strong></span> <span class='ocrx_word' id='word_1_144' title='bbox 1199 1284 1281 1316; x_wconf 82' lang='lat' dir='ltr'><strong>tam</strong></span> <span class='ocrx_word' id='word_1_145' title='bbox 1314 1276 1553 1330; x_wconf 84' lang='lat' dir='ltr'><strong>palliatum,</strong></span> 
     </span>
     <span class='ocr_line' id='line_1_20' title="bbox 75 1329 1556 1386; baseline 0.001 -19"><span class='ocrx_word' id='word_1_146' title='bbox 75 1329 121 1368; x_wconf 81' lang='lat' dir='ltr'><strong>in</strong></span> <span class='ocrx_word' id='word_1_147' title='bbox 152 1331 373 1370; x_wconf 79' lang='lat' dir='ltr'><strong>societatem</strong></span> <span class='ocrx_word' id='word_1_148' title='bbox 404 1333 570 1386; x_wconf 78' lang='lat' dir='ltr'><strong>imperii</strong></span> <span class='ocrx_word' id='word_1_149' title='bbox 596 1332 815 1372; x_wconf 81' lang='lat' dir='ltr'><strong>adsciscere</strong></span> <span class='ocrx_word' id='word_1_150' title='bbox 854 1334 1069 1385; x_wconf 78' lang='lat' dir='ltr'><strong>cogitabat.</strong></span> <span class='ocrx_word' id='word_1_151' title='bbox 1129 1331 1364 1372; x_wconf 85' lang='lat' dir='ltr'><strong>revocanda</strong></span> <span class='ocrx_word' id='word_1_152' title='bbox 1394 1332 1435 1372; x_wconf 88' lang='lat' dir='ltr'><strong>in</strong></span> <span class='ocrx_word' id='word_1_153' title='bbox 1466 1347 1556 1372; x_wconf 86' lang='lat' dir='ltr'><strong>me..</strong></span> 
     </span>
     <span class='ocr_line' id='line_1_21' title="bbox 76 1385 1559 1442; baseline 0.003 -19"><span class='ocrx_word' id='word_1_154' title='bbox 76 1385 256 1425; x_wconf 86' lang='lat' dir='ltr'><strong>moriam</strong></span> <span class='ocrx_word' id='word_1_155' title='bbox 289 1401 395 1441; x_wconf 86' lang='lat' dir='ltr'><strong>quae</strong></span> <span class='ocrx_word' id='word_1_156' title='bbox 425 1386 477 1427; x_wconf 84' lang='lat' dir='ltr'><strong>de</strong></span> <span class='ocrx_word' id='word_1_157' title='bbox 505 1388 652 1428; x_wconf 87' lang='lat' dir='ltr'><strong>Iuliani</strong></span> <span class='ocrx_word' id='word_1_158' title='bbox 687 1388 874 1428; x_wconf 85' lang='lat' dir='ltr'><strong>custodia</strong></span> <span class='ocrx_word' id='word_1_159' title='bbox 904 1389 1094 1442; x_wconf 87' lang='lat' dir='ltr'><strong>superius</strong></span> <span class='ocrx_word' id='word_1_160' title='bbox 1125 1393 1334 1428; x_wconf 88' lang='lat' dir='ltr'><strong>annotata.</strong></span> <span class='ocrx_word' id='word_1_161' title='bbox 1361 1395 1457 1442; x_wconf 88' lang='lat' dir='ltr'><strong>post</strong></span> <span class='ocrx_word' id='word_1_162' title='bbox 1485 1404 1559 1428; x_wconf 81' lang='lat' dir='ltr'><strong>au·</strong></span> 
     </span>
     <span class='ocr_line' id='line_1_22' title="bbox 78 1441 1560 1501; baseline 0.003 -21"><span class='ocrx_word' id='word_1_163' title='bbox 78 1441 260 1482; x_wconf 85' lang='lat' dir='ltr'><strong>licorum</strong></span> <span class='ocrx_word' id='word_1_164' title='bbox 291 1443 484 1484; x_wconf 82' lang='lat' dir='ltr'><strong>obtentas</strong></span> <span class='ocrx_word' id='word_1_165' title='bbox 515 1444 786 1494; x_wconf 75' lang='lat' dir='ltr'><strong>adulationes,</strong></span> <span class='ocrx_word' id='word_1_166' title='bbox 831 1445 984 1484; x_wconf 86' lang='lat' dir='ltr'><strong>subdit.</strong></span> <span class='ocrx_word' id='word_1_167' title='bbox 1042 1446 1154 1501; x_wconf 83' lang='lat' dir='ltr'><strong>queis</strong></span> <span class='ocrx_word' id='word_1_168' title='bbox 1187 1445 1459 1485; x_wconf 78' lang='lat' dir='ltr'><strong>adnitentibus</strong></span> <span class='ocrx_word' id='word_1_169' title='bbox 1486 1445 1560 1485; x_wconf 91' lang='lat' dir='ltr'><strong>ob·</strong></span> 
     </span>
     <span class='ocr_line' id='line_1_23' title="bbox 74 1498 1563 1555; baseline 0.002 -19"><span class='ocrx_word' id='word_1_170' title='bbox 74 1498 222 1538; x_wconf 80' lang='lat' dir='ltr'><strong>stz’nate</strong></span> <span class='ocrx_word' id='word_1_171' title='bbox 267 1500 498 1555; x_wconf 82' lang='lat' dir='ltr'><strong>opponebat</strong></span> <span class='ocrx_word' id='word_1_172' title='bbox 532 1517 573 1540; x_wconf 89' lang='lat' dir='ltr'><strong>se</strong></span> <span class='ocrx_word' id='word_1_173' title='bbox 601 1501 688 1540; x_wconf 85' lang='lat' dir='ltr'><strong>sola</strong></span> <span class='ocrx_word' id='word_1_174' title='bbox 720 1502 882 1555; x_wconf 79' lang='lat' dir='ltr'><strong>regina,</strong></span> <span class='ocrx_word' id='word_1_175' title='bbox 918 1502 1112 1540; x_wconf 76' lang='lat' dir='ltr'><strong>incertum</strong></span> <span class='ocrx_word' id='word_1_176' title='bbox 1129 1533 1140 1551; x_wconf 93' lang='lat'>‚</span> <span class='ocrx_word' id='word_1_177' title='bbox 1179 1502 1470 1554; x_wconf 79' lang='lat' dir='ltr'><strong>migrationem</strong></span> <span class='ocrx_word' id='word_1_178' title='bbox 1500 1500 1563 1541; x_wconf 84' lang='lat' dir='ltr'><strong>ad</strong></span> 
     </span>
     <span class='ocr_line' id='line_1_24' title="bbox 75 1553 1559 1613; baseline 0.002 -20"><span class='ocrx_word' id='word_1_179' title='bbox 75 1553 302 1610; x_wconf 78' lang='lat' dir='ltr'><strong>longinqua</strong></span> <span class='ocrx_word' id='word_1_180' title='bbox 328 1557 610 1611; x_wconf 80' lang='lat' dir='ltr'><strong>pertimescens</strong></span> <span class='ocrx_word' id='word_1_181' title='bbox 627 1588 638 1607; x_wconf 88' lang='lat'><strong>,</strong></span> <span class='ocrx_word' id='word_1_182' title='bbox 670 1571 728 1597; x_wconf 85' lang='lat' dir='ltr'><strong>an</strong></span> <span class='ocrx_word' id='word_1_183' title='bbox 751 1572 834 1612; x_wconf 79' lang='lat' dir='ltr'><strong>pro</strong></span> <span class='ocrx_word' id='word_1_184' title='bbox 862 1559 1007 1596; x_wconf 82' lang='lat' dir='ltr'><strong>nativa</strong></span> <span class='ocrx_word' id='word_1_185' title='bbox 1033 1559 1255 1613; x_wconf 83' lang='lat' dir='ltr'><strong>prudentia</strong></span> <span class='ocrx_word' id='word_1_186' title='bbox 1284 1557 1486 1596; x_wconf 80' lang='lat' dir='ltr'><strong>consulens</strong></span> <span class='ocrx_word' id='word_1_187' title='bbox 1515 1558 1559 1596; x_wconf 80' lang='lat' dir='ltr'><strong>in</strong></span> 
     </span>
     <span class='ocr_line' id='line_1_25' title="bbox 75 1613 1556 1668; baseline 0.001 -18"><span class='ocrx_word' id='word_1_188' title='bbox 75 1624 308 1662; x_wconf 83' lang='lat' dir='ltr'><strong>commune,</strong></span> <span class='ocrx_word' id='word_1_189' title='bbox 335 1613 598 1667; x_wconf 73' lang='lat' dir='ltr'><strong>omnibusque</strong></span> <span class='ocrx_word' id='word_1_190' title='bbox 626 1627 852 1653; x_wconf 76' lang='lat' dir='ltr'><strong>memorans</strong></span> <span class='ocrx_word' id='word_1_191' title='bbox 880 1615 1070 1667; x_wconf 79' lang='lat' dir='ltr'><strong>anteponi</strong></span> <span class='ocrx_word' id='word_1_192' title='bbox 1097 1613 1243 1653; x_wconf 80' lang='lat' dir='ltr'><strong>debere</strong></span> <span class='ocrx_word' id='word_1_193' title='bbox 1266 1614 1556 1668; x_wconf 80' lang='lat' dir='ltr'><strong>propinquum,</strong></span> 
     </span>
     <span class='ocr_line' id='line_1_26' title="bbox 77 1667 1557 1724; baseline 0.002 -19"><span class='ocrx_word' id='word_1_194' title='bbox 77 1674 153 1707; x_wconf 84' lang='lat' dir='ltr'><strong>etc.</strong></span> <span class='ocrx_word' id='word_1_195' title='bbox 180 1667 243 1707; x_wconf 86' lang='lat' dir='ltr'><strong>ad</strong></span> <span class='ocrx_word' id='word_1_196' title='bbox 269 1668 479 1723; x_wconf 78' lang='lat' dir='ltr'><strong>imperium</strong></span> <span class='ocrx_word' id='word_1_197' title='bbox 495 1670 655 1724; x_wconf 81' lang='lat' dir='ltr'><strong>placuit</strong></span> <span class='ocrx_word' id='word_1_198' title='bbox 682 1669 895 1709; x_wconf 83' lang='lat' dir='ltr'><strong>Iulianum</strong></span> <span class='ocrx_word' id='word_1_199' title='bbox 926 1669 1154 1712; x_wconf 75' lang='lat' dir='ltr'><strong>adsumere.</strong></span> <span class='ocrx_word' id='word_1_200' title='bbox 1184 1675 1279 1708; x_wconf 86' lang='lat' dir='ltr'><strong>ante</strong></span> <span class='ocrx_word' id='word_1_201' title='bbox 1310 1675 1393 1708; x_wconf 86' lang='lat' dir='ltr'><strong>tres</strong></span> <span class='ocrx_word' id='word_1_202' title='bbox 1422 1684 1557 1722; x_wconf 82' lang='lat' dir='ltr'><strong>porro</strong></span> 
     </span>
    </p>
   </div>
   <div class='ocr_carea' id='block_1_5' title="bbox 10 1721 1556 1778">
    <p class='ocr_par' dir='ltr' id='par_1_5' title="bbox 10 1721 1556 1778">
     <span class='ocr_line' id='line_1_27' title="bbox 10 1721 1556 1778; baseline 0.002 -18"><span class='ocrx_word' id='word_1_203' title='bbox 10 1773 14 1775; x_wconf 19' lang='lat'><em>‘</em></span> <span class='ocrx_word' id='word_1_204' title='bbox 77 1721 143 1761; x_wconf 86' lang='lat' dir='ltr'><strong>vel</strong></span> <span class='ocrx_word' id='word_1_205' title='bbox 173 1729 378 1778; x_wconf 85' lang='lat' dir='ltr'><strong>quattuor</strong></span> <span class='ocrx_word' id='word_1_206' title='bbox 406 1740 535 1765; x_wconf 86' lang='lat' dir='ltr'><strong>annos</strong></span> <span class='ocrx_word' id='word_1_207' title='bbox 566 1726 668 1766; x_wconf 87' lang='lat' dir='ltr'><strong>haec</strong></span> <span class='ocrx_word' id='word_1_208' title='bbox 698 1726 880 1773; x_wconf 16' lang='lat' dir='ltr'><strong>actitata*</strong></span> <span class='ocrx_word' id='word_1_209' title='bbox 906 1732 1049 1766; x_wconf 88' lang='lat' dir='ltr'><strong>monet</strong></span> <span class='ocrx_word' id='word_1_210' title='bbox 1082 1725 1189 1765; x_wconf 89' lang='lat' dir='ltr'><strong>idem</strong></span> <span class='ocrx_word' id='word_1_211' title='bbox 1223 1724 1483 1765; x_wconf 77' lang='lat' dir='ltr'><strong>Marcellinus</strong></span> <span class='ocrx_word' id='word_1_212' title='bbox 1518 1725 1556 1764; x_wconf 87' lang='lat' dir='ltr'><strong>in</strong></span> 
     </span>
    </p>
   </div>
   <div class='ocr_carea' id='block_1_6' title="bbox 77 1779 1557 1946">
    <p class='ocr_par' dir='ltr' id='par_1_6' title="bbox 77 1779 1557 1946">
     <span class='ocr_line' id='line_1_28' title="bbox 77 1779 1557 1835; baseline 0.003 -19"><span class='ocrx_word' id='word_1_213' title='bbox 77 1779 361 1833; x_wconf 85' lang='lat' dir='ltr'><strong>sequentibus.</strong></span> <span class='ocrx_word' id='word_1_214' title='bbox 445 1783 549 1821; x_wconf 76' lang='lat' dir='ltr'><strong>haec</strong></span> <span class='ocrx_word' id='word_1_215' title='bbox 590 1783 657 1821; x_wconf 77' lang='lat' dir='ltr'><strong>die</strong></span> <span class='ocrx_word' id='word_1_216' title='bbox 685 1791 830 1822; x_wconf 84' lang='lat' dir='ltr'><strong>octavo</strong></span> <span class='ocrx_word' id='word_1_217' title='bbox 874 1782 1023 1821; x_wconf 79' lang='lat' dir='ltr'><em>Iduum</em></span> <span class='ocrx_word' id='word_1_218' title='bbox 1065 1782 1268 1823; x_wconf 83' lang='lat' dir='ltr'><strong>Novemb.</strong></span> <span class='ocrx_word' id='word_1_219' title='bbox 1308 1790 1419 1835; x_wconf 81' lang='lat' dir='ltr'><strong>gesta</strong></span> <span class='ocrx_word' id='word_1_220' title='bbox 1454 1790 1557 1831; x_wconf 81' lang='lat' dir='ltr'><strong>sunt,</strong></span> 
     </span>
     <span class='ocr_line' id='line_1_29' title="bbox 83 1836 1557 1889; baseline 0.002 -15"><span class='ocrx_word' id='word_1_221' title='bbox 83 1847 176 1874; x_wconf 82' lang='lat' dir='ltr'><strong>cum</strong></span> <span class='ocrx_word' id='word_1_222' title='bbox 198 1836 460 1877; x_wconf 80' lang='lat' dir='ltr'><strong>Arbelionem</strong></span> <span class='ocrx_word' id='word_1_223' title='bbox 488 1839 685 1878; x_wconf 81' lang='lat' dir='ltr'><strong>consulem</strong></span> <span class='ocrx_word' id='word_1_224' title='bbox 715 1852 845 1878; x_wconf 83' lang='lat' dir='ltr'><strong>annus</strong></span> <span class='ocrx_word' id='word_1_225' title='bbox 872 1839 1049 1889; x_wconf 76' lang='lat' dir='ltr'><strong>haberet,</strong></span> <span class='ocrx_word' id='word_1_226' title='bbox 1078 1847 1118 1878; x_wconf 90' lang='lat' dir='ltr'><strong>et</strong></span> <span class='ocrx_word' id='word_1_227' title='bbox 1139 1838 1388 1879; x_wconf 82' lang='lat' dir='ltr'><strong>Lollianam.</strong></span> <span class='ocrx_word' id='word_1_228' title='bbox 1447 1852 1557 1877; x_wconf 89' lang='lat' dir='ltr'><strong>anno</strong></span> 
     </span>
     <span class='ocr_line' id='line_1_30' title="bbox 82 1889 1000 1946; baseline 0.007 -17"><span class='ocrx_word' id='word_1_229' title='bbox 82 1889 314 1933; x_wconf 77' lang='lat' dir='ltr'><strong>Constantii</strong></span> <span class='ocrx_word' id='word_1_230' title='bbox 347 1893 412 1946; x_wconf 82' lang='lat'><strong>18,</strong></span> <span class='ocrx_word' id='word_1_231' title='bbox 442 1894 507 1934; x_wconf 89' lang='lat' dir='ltr'><strong>vel</strong></span> <span class='ocrx_word' id='word_1_232' title='bbox 536 1895 766 1935; x_wconf 86' lang='lat' dir='ltr'><strong>secundum</strong></span> <span class='ocrx_word' id='word_1_233' title='bbox 799 1894 899 1934; x_wconf 87' lang='lat' dir='ltr'><strong>alios</strong></span> <span class='ocrx_word' id='word_1_234' title='bbox 936 1893 1000 1935; x_wconf 86' lang='lat'><strong>19.</strong></span> 
     </span>
    </p>
   </div>
   <div class='ocr_carea' id='block_1_7' title="bbox 82 1967 1560 2389">
    <p class='ocr_par' dir='ltr' id='par_1_7' title="bbox 82 1967 1560 2139">
     <span class='ocr_line' id='line_1_31' title="bbox 195 1967 1560 2026; baseline 0 -15"><span class='ocrx_word' id='word_1_235' title='bbox 195 1969 264 2021; x_wconf 84' lang='grc'><strong>69,</strong></span> <span class='ocrx_word' id='word_1_236' title='bbox 295 1968 336 2011; x_wconf 85' lang='grc'><strong>3.</strong></span> <span class='ocrx_word' id='word_1_237' title='bbox 387 1967 563 2020; x_wconf 78' lang='grc' dir='ltr'><em>Ἰούλιος</em></span> <span class='ocrx_word' id='word_1_238' title='bbox 592 1967 615 2011; x_wconf 81' lang='grc' dir='ltr'><em>ὅ</em></span> <span class='ocrx_word' id='word_1_239' title='bbox 644 1969 805 2026; x_wconf 74' lang='grc' dir='ltr'><strong><em>πάπας]</em></strong></span> <span class='ocrx_word' id='word_1_240' title='bbox 850 1987 928 2014; x_wconf 89' lang='lat' dir='ltr'><strong>cur</strong></span> <span class='ocrx_word' id='word_1_241' title='bbox 957 1972 1050 2013; x_wconf 89' lang='lat' dir='ltr'><strong>Iulii</strong></span> <span class='ocrx_word' id='word_1_242' title='bbox 1083 1978 1265 2012; x_wconf 88' lang='lat' dir='ltr'><strong>mortem</strong></span> <span class='ocrx_word' id='word_1_243' title='bbox 1295 1972 1486 2018; x_wconf 85' lang='lat' dir='ltr'><strong>ascribat,</strong></span> <span class='ocrx_word' id='word_1_244' title='bbox 1518 1976 1560 2011; x_wconf 84' lang='lat' dir='ltr'><strong>et</strong></span> 
     </span>
     <span class='ocr_line' id='line_1_32' title="bbox 82 2026 1560 2084; baseline 0.001 -17"><span class='ocrx_word' id='word_1_245' title='bbox 82 2026 135 2067; x_wconf 83' lang='lat' dir='ltr'><strong>de</strong></span> <span class='ocrx_word' id='word_1_246' title='bbox 169 2026 390 2067; x_wconf 81' lang='lat' dir='ltr'><strong>Athanasio</strong></span> <span class='ocrx_word' id='word_1_247' title='bbox 420 2042 515 2082; x_wconf 84' lang='lat' dir='ltr'><strong>pag.</strong></span> <span class='ocrx_word' id='word_1_248' title='bbox 545 2027 599 2068; x_wconf 82' lang='grc'><strong>36</strong></span> <span class='ocrx_word' id='word_1_249' title='bbox 626 2030 784 2084; x_wconf 89' lang='lat' dir='ltr'><strong>scripta</strong></span> <span class='ocrx_word' id='word_1_250' title='bbox 828 2035 993 2084; x_wconf 83' lang='lat' dir='ltr'><strong>repetat</strong></span> <span class='ocrx_word' id='word_1_251' title='bbox 1019 2029 1296 2083; x_wconf 85' lang='lat' dir='ltr'><strong>Theophanes</strong></span> <span class='ocrx_word' id='word_1_252' title='bbox 1330 2043 1440 2069; x_wconf 90' lang='lat' dir='ltr'><strong>anno</strong></span> <span class='ocrx_word' id='word_1_253' title='bbox 1471 2029 1560 2067; x_wconf 83' lang='lat' dir='ltr'><strong>Da-</strong></span> 
     </span>
     <span class='ocr_line' id='line_1_33' title="bbox 86 2083 1506 2139; baseline 0.002 -17"><span class='ocrx_word' id='word_1_254' title='bbox 86 2083 186 2123; x_wconf 86' lang='lat' dir='ltr'><strong>masi</strong></span> <span class='ocrx_word' id='word_1_255' title='bbox 222 2083 386 2137; x_wconf 85' lang='lat' dir='ltr'><strong>quinto,</strong></span> <span class='ocrx_word' id='word_1_256' title='bbox 418 2085 491 2124; x_wconf 89' lang='lat' dir='ltr'><strong>nisi</strong></span> <span class='ocrx_word' id='word_1_257' title='bbox 522 2085 743 2139; x_wconf 85' lang='lat' dir='ltr'><strong>deceptum</strong></span> <span class='ocrx_word' id='word_1_258' title='bbox 774 2101 966 2138; x_wconf 81' lang='lat' dir='ltr'><strong>asseram,</strong></span> <span class='ocrx_word' id='word_1_259' title='bbox 998 2087 1136 2126; x_wconf 85' lang='lat' dir='ltr'><strong>fateor</strong></span> <span class='ocrx_word' id='word_1_260' title='bbox 1160 2101 1226 2125; x_wconf 86' lang='lat' dir='ltr'><strong>me</strong></span> <span class='ocrx_word' id='word_1_261' title='bbox 1257 2086 1426 2125; x_wconf 83' lang='lat' dir='ltr'><strong>nescire.</strong></span> <span class='ocrx_word' id='word_1_262' title='bbox 1503 2128 1506 2130; x_wconf 58' lang='grc'>,</span> 
     </span>
    </p>

    <p class='ocr_par' dir='ltr' id='par_1_8' title="bbox 84 2148 1558 2260">
     <span class='ocr_line' id='line_1_34' title="bbox 195 2148 1558 2209; baseline 0.001 -21"><span class='ocrx_word' id='word_1_263' title='bbox 195 2148 306 2190; x_wconf 81' lang='lat' dir='ltr'><em>Ibid.</em></span> <span class='ocrx_word' id='word_1_264' title='bbox 334 2148 372 2191; x_wconf 87' lang='lat'><strong>9.</strong></span> <span class='ocrx_word' id='word_1_265' title='bbox 432 2148 703 2200; x_wconf 75' lang='grc' dir='ltr'>Μακεδόνιος</span> <span class='ocrx_word' id='word_1_266' title='bbox 733 2149 807 2208; x_wconf 81' lang='grc' dir='ltr'><em>ε”τη</em></span> <span class='ocrx_word' id='word_1_267' title='bbox 839 2153 909 2209; x_wconf 87' lang='grc' dir='ltr'><strong>ιη’]</strong></span> <span class='ocrx_word' id='word_1_268' title='bbox 946 2154 1114 2208; x_wconf 88' lang='lat' dir='ltr'><strong>reliquis</strong></span> <span class='ocrx_word' id='word_1_269' title='bbox 1133 2154 1255 2194; x_wconf 89' lang='lat' dir='ltr'><strong>codd.</strong></span> <span class='ocrx_word' id='word_1_270' title='bbox 1284 2150 1372 2200; x_wconf 82' lang='grc' dir='ltr'><strong>ἔτος</strong></span> <span class='ocrx_word' id='word_1_271' title='bbox 1400 2150 1435 2191; x_wconf 84' lang='grc' dir='ltr'><strong>α’</strong></span> <span class='ocrx_word' id='word_1_272' title='bbox 1453 2152 1558 2190; x_wconf 86' lang='lat' dir='ltr'><strong>scri-</strong></span> 
     </span>
     <span class='ocr_line' id='line_1_35' title="bbox 84 2206 614 2260; baseline 0.004 -14"><span class='ocrx_word' id='word_1_273' title='bbox 84 2206 294 2257; x_wconf 77' lang='lat' dir='ltr'><strong>bentibus,</strong></span> <span class='ocrx_word' id='word_1_274' title='bbox 325 2206 535 2260; x_wconf 85' lang='lat' dir='ltr'><strong>interpolo</strong></span> <span class='ocrx_word' id='word_1_275' title='bbox 562 2206 614 2259; x_wconf 72' lang='grc' dir='ltr'><strong>β’.</strong></span> 
     </span>
    </p>

    <p class='ocr_par' dir='ltr' id='par_1_9' title="bbox 88 2275 1560 2389">
     <span class='ocr_line' id='line_1_36' title="bbox 194 2275 1560 2335; baseline -0.002 -15"><span class='ocrx_word' id='word_1_276' title='bbox 194 2278 309 2320; x_wconf 83' lang='lat' dir='ltr'><strong>Ibid.</strong></span> <span class='ocrx_word' id='word_1_277' title='bbox 368 2275 627 2328; x_wconf 77' lang='grc' dir='ltr'>Ἀθανάσιος</span> <span class='ocrx_word' id='word_1_278' title='bbox 652 2276 725 2334; x_wconf 79' lang='grc' dir='ltr'><strong>ἔτη</strong></span> <span class='ocrx_word' id='word_1_279' title='bbox 752 2278 834 2335; x_wconf 53' lang='lat' dir='ltr'><strong>pti,</strong></span> <span class='ocrx_word' id='word_1_280' title='bbox 864 2277 954 2335; x_wconf 85' lang='grc' dir='ltr'><strong><em>λβ’]</em></strong></span> <span class='ocrx_word' id='word_1_281' title='bbox 987 2281 1198 2324; x_wconf 86' lang='lat' dir='ltr'><strong>Athanasii</strong></span> <span class='ocrx_word' id='word_1_282' title='bbox 1226 2282 1325 2322; x_wconf 87' lang='lat' dir='ltr'><strong>anni</strong></span> <span class='ocrx_word' id='word_1_283' title='bbox 1351 2280 1560 2335; x_wconf 78' lang='lat' dir='ltr'><strong>sigillatim</strong></span> 
     </span>
     <span class='ocr_line' id='line_1_37' title="bbox 88 2335 1026 2389; baseline 0.006 -15"><span class='ocrx_word' id='word_1_284' title='bbox 88 2335 252 2389; x_wconf 87' lang='lat' dir='ltr'><strong>accepti</strong></span> <span class='ocrx_word' id='word_1_285' title='bbox 283 2335 493 2389; x_wconf 85' lang='lat' dir='ltr'><strong>incipiunt</strong></span> <span class='ocrx_word' id='word_1_286' title='bbox 526 2337 621 2376; x_wconf 86' lang='lat' dir='ltr'><strong>hinc</strong></span> <span class='ocrx_word' id='word_1_287' title='bbox 651 2343 765 2377; x_wconf 87' lang='lat' dir='ltr'><strong>recte</strong></span> <span class='ocrx_word' id='word_1_288' title='bbox 799 2340 1026 2380; x_wconf 85' lang='lat' dir='ltr'><strong>numerari.</strong></span> 
     </span>
    </p>
   </div>
   <div class='ocr_carea' id='block_1_8' title="bbox 86 2417 1561 2587">
    <p class='ocr_par' dir='ltr' id='par_1_10' title="bbox 86 2417 1561 2587">
     <span class='ocr_line' id='line_1_38' title="bbox 195 2417 1558 2474; baseline 0.001 -17"><span class='ocrx_word' id='word_1_289' title='bbox 195 2418 306 2458; x_wconf 85' lang='lat' dir='ltr'><strong>Ibid.</strong></span> <span class='ocrx_word' id='word_1_290' title='bbox 333 2417 396 2459; x_wconf 88' lang='lat'><strong>10.</strong></span> <span class='ocrx_word' id='word_1_291' title='bbox 454 2419 635 2470; x_wconf 79' lang='grc' dir='ltr'>σεισμοῦ</span> <span class='ocrx_word' id='word_1_292' title='bbox 663 2417 851 2472; x_wconf 80' lang='grc' dir='ltr'><em>μεγάλου</em></span> <span class='ocrx_word' id='word_1_293' title='bbox 879 2422 1128 2474; x_wconf 78' lang='grc' dir='ltr'>γενομένου]</span> <span class='ocrx_word' id='word_1_294' title='bbox 1160 2421 1221 2460; x_wconf 87' lang='lat' dir='ltr'><strong>his</strong></span> <span class='ocrx_word' id='word_1_295' title='bbox 1254 2419 1398 2460; x_wconf 87' lang='lat' dir='ltr'><strong>iisdem</strong></span> <span class='ocrx_word' id='word_1_296' title='bbox 1420 2419 1558 2460; x_wconf 87' lang='lat' dir='ltr'><strong>verbis</strong></span> 
     </span>
     <span class='ocr_line' id='line_1_39' title="bbox 89 2475 1560 2532; baseline 0 -18"><span class='ocrx_word' id='word_1_297' title='bbox 89 2475 276 2514; x_wconf 80' lang='lat' dir='ltr'><strong>narratio</strong></span> <span class='ocrx_word' id='word_1_298' title='bbox 312 2475 513 2515; x_wconf 83' lang='lat' dir='ltr'><strong>instructa</strong></span> <span class='ocrx_word' id='word_1_299' title='bbox 548 2477 779 2517; x_wconf 86' lang='lat' dir='ltr'><strong>chronicon</strong></span> <span class='ocrx_word' id='word_1_300' title='bbox 794 2477 988 2519; x_wconf 84' lang='lat' dir='ltr'><strong>Alexand.</strong></span> <span class='ocrx_word' id='word_1_301' title='bbox 1020 2479 1261 2532; x_wconf 83' lang='lat' dir='ltr'><strong>legentibuS,</strong></span> <span class='ocrx_word' id='word_1_302' title='bbox 1292 2477 1481 2516; x_wconf 86' lang='lat' dir='ltr'><strong>occurrit</strong></span> <span class='ocrx_word' id='word_1_303' title='bbox 1508 2475 1560 2515; x_wconf 92' lang='lat' dir='ltr'><strong>ad</strong></span> 
     </span>
     <span class='ocr_line' id='line_1_40' title="bbox 86 2532 1561 2587; baseline 0.001 -17"><span class='ocrx_word' id='word_1_304' title='bbox 86 2537 350 2585; x_wconf 83' lang='lat' dir='ltr'><strong>praesentem</strong></span> <span class='ocrx_word' id='word_1_305' title='bbox 380 2532 641 2572; x_wconf 85' lang='lat' dir='ltr'><strong>Constantini</strong></span> <span class='ocrx_word' id='word_1_306' title='bbox 675 2548 843 2574; x_wconf 84' lang='lat' dir='ltr'><strong>annum.</strong></span> <span class='ocrx_word' id='word_1_307' title='bbox 916 2535 1070 2575; x_wconf 89' lang='lat' dir='ltr'><strong>ibidem</strong></span> <span class='ocrx_word' id='word_1_308' title='bbox 1103 2535 1271 2587; x_wconf 84' lang='lat' dir='ltr'><strong>insuper</strong></span> <span class='ocrx_word' id='word_1_309' title='bbox 1298 2532 1445 2572; x_wconf 85' lang='lat' dir='ltr'><strong>mensis</strong></span> <span class='ocrx_word' id='word_1_310' title='bbox 1475 2533 1561 2587; x_wconf 85' lang='lat' dir='ltr'><strong>Hy-</strong></span> 
     </span>
    </p>
   </div>
   <div class='ocr_carea' id='block_1_9' title="bbox 85 2586 1560 2699">
    <p class='ocr_par' dir='ltr' id='par_1_11' title="bbox 85 2586 1560 2699">
     <span class='ocr_line' id='line_1_41' title="bbox 85 2586 1560 2641; baseline 0 -14"><span class='ocrx_word' id='word_1_311' title='bbox 85 2586 396 2641; x_wconf 77' lang='lat' dir='ltr'><strong>perberetaeu5‚</strong></span> <span class='ocrx_word' id='word_1_312' title='bbox 428 2587 470 2627; x_wconf 90' lang='lat' dir='ltr'><strong>id</strong></span> <span class='ocrx_word' id='word_1_313' title='bbox 497 2596 557 2629; x_wconf 88' lang='lat' dir='ltr'><strong>est</strong></span> <span class='ocrx_word' id='word_1_314' title='bbox 588 2591 793 2641; x_wconf 85' lang='lat' dir='ltr'><strong>October,</strong></span> <span class='ocrx_word' id='word_1_315' title='bbox 819 2590 1090 2632; x_wconf 80' lang='lat' dir='ltr'><strong>observatur:</strong></span> <span class='ocrx_word' id='word_1_316' title='bbox 1122 2590 1231 2630; x_wconf 86' lang='lat' dir='ltr'><strong>idem</strong></span> <span class='ocrx_word' id='word_1_317' title='bbox 1256 2590 1383 2630; x_wconf 81' lang='lat' dir='ltr'><strong>habet</strong></span> <span class='ocrx_word' id='word_1_318' title='bbox 1404 2588 1560 2629; x_wconf 85' lang='lat' dir='ltr'><strong>Hiero-</strong></span> 
     </span>
     <span class='ocr_line' id='line_1_42' title="bbox 88 2643 482 2699; baseline 0 -17"><span class='ocrx_word' id='word_1_319' title='bbox 88 2643 204 2699; x_wconf 82' lang='lat' dir='ltr'><strong>nymi</strong></span> <span class='ocrx_word' id='word_1_320' title='bbox 236 2643 482 2684; x_wconf 70' lang='lat' dir='ltr'><strong>chronicon.</strong></span> 
     </span>
    </p>
   </div>
   <div class='ocr_carea' id='block_1_10' title="bbox 89 2716 1558 2836">
    <p class='ocr_par' dir='ltr' id='par_1_12' title="bbox 89 2716 1558 2836">
     <span class='ocr_line' id='line_1_43' title="bbox 197 2716 1558 2780; baseline 0 -20"><span class='ocrx_word' id='word_1_321' title='bbox 197 2721 315 2761; x_wconf 49' lang='lat' dir='ltr'><em>Ibida</em></span> <span class='ocrx_word' id='word_1_322' title='bbox 338 2722 402 2762; x_wconf 84' lang='lat'><strong>15.</strong></span> <span class='ocrx_word' id='word_1_323' title='bbox 473 2716 674 2770; x_wconf 78' lang='grc' dir='ltr'>Εὖδόξιος</span> <span class='ocrx_word' id='word_1_324' title='bbox 717 2719 791 2777; x_wconf 76' lang='grc' dir='ltr'><strong>ἔτη</strong></span> <span class='ocrx_word' id='word_1_325' title='bbox 829 2722 878 2780; x_wconf 84' lang='grc' dir='ltr'><strong>κ’]</strong></span> <span class='ocrx_word' id='word_1_326' title='bbox 912 2726 969 2765; x_wconf 86' lang='lat' dir='ltr'><strong>ita</strong></span> <span class='ocrx_word' id='word_1_327' title='bbox 1009 2725 1148 2764; x_wconf 83' lang='lat' dir='ltr'><strong>cuncti</strong></span> <span class='ocrx_word' id='word_1_328' title='bbox 1193 2723 1315 2768; x_wconf 78' lang='lat' dir='ltr'><strong>codd.</strong></span> <span class='ocrx_word' id='word_1_329' title='bbox 1345 2722 1558 2764; x_wconf 79' lang='lat' dir='ltr'><strong>mendose:</strong></span> 
     </span>
     <span class='ocr_line' id='line_1_44' title="bbox 89 2775 1234 2836; baseline 0.003 -20"><span class='ocrx_word' id='word_1_330' title='bbox 89 2775 194 2817; x_wconf 87' lang='lat' dir='ltr'><strong>solos</strong></span> <span class='ocrx_word' id='word_1_331' title='bbox 225 2778 382 2834; x_wconf 82' lang='lat' dir='ltr'><strong>quippe</strong></span> <span class='ocrx_word' id='word_1_332' title='bbox 417 2777 560 2819; x_wconf 86' lang='lat' dir='ltr'><strong>decem</strong></span> <span class='ocrx_word' id='word_1_333' title='bbox 596 2794 724 2822; x_wconf 86' lang='lat' dir='ltr'><strong>annos</strong></span> <span class='ocrx_word' id='word_1_334' title='bbox 756 2782 854 2821; x_wconf 79' lang='lat' dir='ltr'><strong>vixit</strong></span> <span class='ocrx_word' id='word_1_335' title='bbox 899 2781 940 2821; x_wconf 91' lang='lat' dir='ltr'><strong>in</strong></span> <span class='ocrx_word' id='word_1_336' title='bbox 971 2781 1234 2836; x_wconf 83' lang='lat' dir='ltr'><strong>pontificatu.</strong></span> 
     </span>
    </p>
   </div>
  </div>
 </body>
</html>
