1768 3268
575 200 644 242 Ex
682 172 1012 246 mormanno
1051 203 1136 247 cp.

165 305 459 361 episcopatum
491 304 631 347 tenuit
668 321 748 361 per
769 322 820 348 o-

166 377 282 404 mnes
306 362 497 418 pariter,
526 363 643 403 annis
666 362 741 405 46.

111 420 278 471 Petrus,
309 419 382 475 qui
414 421 455 460 in
485 420 653 461 exilium
665 419 824 476 depor-

166 481 278 518 tatus
305 483 367 517 est
384 477 617 530 avalente,
645 492 757 518 anno
783 479 822 519 1.

107 533 316 574 Lucianus
339 534 540 575 Arrianus
575 535 692 575 annis
723 535 765 578 5.

107 590 260 631 Petrus
293 592 479 633 secundo
510 606 623 634 anno
659 592 700 634 1.

106 646 378 701 Timotheus,
437 648 513 714 qui
549 648 592 690 in
640 647 824 691 secunda

3 798 10 806 ,
23 772 94 809 780
107 703 478 816 Τιῖἔὲξιὶἷῗᾷἒῖἶῒ
483 705 614 804 ..⁸⁶28.

109 818 304 875 Cyrillus,
333 819 407 875 qui
429 820 470 860 in
497 819 663 876 synodo
676 820 822 876 Ephe.

161 875 252 916 sina
269 882 423 918 contra
433 877 692 932 Nestorium,
707 879 823 919 annis

106 931 355 1045 Digicorus,
377 989 451 1056 qui
469 989 509 1031 in
524 991 706 1033 secunda
721 1007 823 1058 syn..

167 1046 254 1088 odo
278 1045 503 1102 Ephesum,
534 1055 576 1090 et
607 1048 822 1104 depositus

165 1110 228 1146 est
237 1104 284 1169 in
296 1105 464 1202 sgnodo
476 1103 823 1160 Chalcedonensi‚

108 1176 358 1285 Przssggus’.
380 1218 452 1275 qui
473 1219 636 1262 occisus
651 1227 726 1274 est,
745 1237 825 1263 an-

111 1272 362 1373 Tiiiiztssiens
401 1331 610 1384 Helurus,
658 1333 732 1390 qui
780 1334 822 1378 in

164 1388 333 1431 exilium
362 1388 506 1430 missus
527 1397 590 1431 est
618 1391 735 1431 anuis
753 1391 795 1434 2.

109 1445 375 1501 Timotheus,
406 1445 505 1488 alias
527 1448 691 1490 Leucus
706 1450 824 1491 annis

168 1503 210 1547 5.

109 1570 360 1614 Timotheus
379 1571 729 1618 iterumlielums
745 1592 825 1618 an-

170 1629 232 1671 nis
262 1629 306 1671 2.

113 1696 365 1740 Timotheus
392 1698 555 1739 Leucus
581 1698 699 1740 annis
727 1696 768 1742 4.

112 1754 267 1797 Petrus
299 1756 475 1810 Moggus
504 1770 615 1796 anno
652 1756 693 1798 1.

114 1813 305 1866 Ioannes,
317 1811 391 1868 qui
403 1814 559 1854 eiectus
574 1819 648 1865 est,
659 1815 776 1856 annis
785 1814 826 1858 3.

112 1869 266 1910 Petrus
295 1869 480 1911 secundo
511 1871 628 1912 annis
658 1870 698 1914 6.

110 1925 361 1967 Athanasius
390 1928 507 1968 annis
535 1925 579 1970 7.

111 1983 288 2024 Ioannes
322 1985 442 2026 annis
473 1982 515 2025 9.

112 2041 289 2082 Ioannes
317 2040 421 2082 alius
454 2040 571 2084 annis
605 2043 670 2087 11.

108 2097 343 2138 Dioscorus
372 2099 489 2140 annis
517 2097 560 2140 3.

110 2165 357 2207 Timotheus
414 2167 493 2208 sub
563 2168 827 2223 imperatore

167 2223 401 2265 Iustiniana
430 2224 547 2265 annis
589 2226 655 2268 17.

110 2279 301 2321 Gabinus
330 2296 442 2322 anno
468 2281 509 2323 1.

108 2336 372 2378 Theodosius
401 2339 519 2380 annis
550 2340 593 2382 2.

107 2394 263 2435 Paulus
293 2394 414 2436 annis
443 2396 484 2437 2.

110 2451 260 2492 Zoelus
288 2452 404 2492 annis
432 2452 471 2494 7.

0 2510 398 2563 n.781Aponinarius
430 2509 546 2550 anuis
579 2510 621 2553 9.

112 2566 287 2606 Ioannes
316 2566 432 2606 aunis
467 2566 535 2606 11.

110 2622 313 2677 Eulogius
344 2624 462 2663 annis
494 2622 564 2665 27.

109 2678 363 2720 Theodorus
389 2680 542 2721 Scribo
571 2683 688 2724 anuis
716 2685 756 2727 2.

113 2736 289 2776 loannes
318 2737 500 2792 Cyprius
530 2741 648 2780 anuis
682 2741 744 2782 10.

112 2794 318 2848 Georgius
351 2794 468 2834 annis
501 2791 568 2837 14.

112 2848 247 2906 Cyrus
276 2851 395 2894 annis
427 2849 493 2894 10.

1535 201 1596 246 21

889 307 1042 352 Petrus
1071 309 1190 352 annis
1223 309 1288 351 10.

890 410 951 452 Ec
976 412 1235 468 quificerunt
1255 415 1435 471 episcopi
1458 412 1606 455 Antio-

918 469 1034 510 chiae
1063 484 1091 510 a
1122 470 1279 512 Chn‘sco
1303 480 1344 512 ec
1367 472 1575 528 apostolis.

888 569 1040 611 Petrus
1071 572 1287 627 apostolus
1320 573 1437 614 annis
1468 603 1480 614 .
1509 603 1521 616 .
1553 606 1567 620 .
1595 604 1605 614 .

889 626 1078 669 Euodius
1108 629 1226 670 annis
1256 627 1325 671 23.

892 684 1075 741 ignatius
1101 687 1261 739 deifer,
1299 687 1373 743 qui
1402 689 1605 745 martyri-

949 749 1066 784 zatus
1088 750 1150 786 est
1187 760 1211 785 a
1242 744 1446 799 Traiano,
1488 747 1606 790 anuis

890 855 1035 898 Heron
1068 858 1184 900 annis
1204 858 1277 901 20.

892 914 1112 957 Cornelius
1142 916 1259 957 annis
1290 914 1355 957 13.

890 973 1025 1014 Heros
1054 975 1168 1016 anuis
1197 973 1264 1016 25.

890 1031 1152 1087 Theophilus
1182 1031 1301 1074 annis
1324 1028 1391 1072 13.

890 1089 1146 1131 Maximinus
1178 1089 1300 1131 anuis
1336 1087 1399 1128 13.

891 1146 1102 1202 Serapion
1129 1146 1246 1188 annis
1266 1147 1334 1191 29.

892 1203 1156 1259 Asclepiades
1186 1203 1302 1244 annis
1337 1204 1377 1246 9.

891 1260 1079 1302 Philetus
1113 1261 1230 1302 annis
1258 1260 1299 1302 8.

890 1318 1080 1359 Zebenus
1109 1318 1227 1358 annis
1263 1316 1304 1362 6.

889 1375 1079 1432 BabylaS,
1111 1375 1185 1431 qui
1216 1375 1517 1432 martyrizatus
1546 1385 1609 1420 est

947 1448 969 1472 a
1000 1432 1133 1473 Decio
1151 1464 1164 1485 ‚
1194 1433 1310 1473 annis
1337 1431 1380 1474 8.

890 1490 1047 1531 Fabius
1077 1491 1195 1531 annis
1219 1489 1261 1532 9.

890 1547 1193 1588 Demetrianus
1224 1547 1342 1588 annis
1372 1543 1414 1593 4.

890 1605 1045 1647 Paulus
1086 1605 1378 1658 samosateus,
1416 1606 1493 1662 qui
1517 1607 1606 1648 ‘de-

948 1662 1110 1718 positus
1126 1668 1188 1703 est
1201 1668 1248 1703 ut
1258 1661 1513 1717 haereticus,
1529 1679 1607 1707 an-

951 1720 1014 1760 nis
1048 1719 1090 1761 8.

892 1776 1087 1818 Domnus
1118 1776 1236 1817 annis
1268 1776 1307 1818 2.

892 1833 1064 1876 Timeus
1099 1834 1216 1874 annis
1246 1833 1312 1875 10.

845 1925 863 1940 ,
893 1889 1076 1948 Cyrillus
1102 1892 1220 1932 annis
1254 1890 1320 1933 15.

891 1949 1115 2005 Tyrannus
1143 1948 1263 1990 aunis
1297 1947 1362 1993 13.

893 2007 1041 2062 Usque
1068 2006 1121 2048 ad
1148 2006 1263 2049 hunc
1299 2020 1347 2048 ex
1377 2005 1603 2059 gentilibus

950 2063 1233 2121 imperatores
1243 2070 1287 2108 et
1299 2069 1523 2120 persecuto
1530 2079 1607 2105 res.

923 2166 985 2207 Et
1012 2167 1059 2207 hi
1082 2176 1174 2208 sunt
1198 2169 1463 2225 patriarchae
1486 2176 1581 2224 post

895 2235 1143 2277 Clu-ckczkznos
1160 2235 1300 2293 saccos
1334 2238 1606 2294 imperatores.

893 2338 1076 2380 Vitalius
1105 2338 1224 2380 annis
1253 2337 1294 2381 6.

893 2395 1170 2451 philogonius
1204 2396 1321 2438 aunis
1351 2394 1391 2438 9.

892 2453 1062 2494 Paulus,
1079 2455 1197 2495 anuis
1228 2454 1271 2494 5.

890 2509 1154 2565 Eustachius,
1187 2511 1260 2567 qui
1283 2512 1323 2552 in
1345 2512 1483 2566 prima
1506 2527 1605 2569 syn-

949 2567 1064 2623 odo,
1106 2569 1181 2624 qui
1211 2575 1256 2609 et
1289 2571 1430 2623 pulsus
1460 2576 1524 2611 cst
1552 2570 1605 2610 ab

948 2625 1150 2678 Arrianis,
1181 2626 1296 2665 annis
1328 2625 1392 2666 19.

891 2687 989 2736 post
1019 2697 1146 2738 quem
1176 2682 1342 2722 Arriani
1374 2684 1492 2724 anuis
1524 2683 1569 2728 6.

889 2739 1074 2779 Eulalius
1110 2739 1225 2778 anuis
1244 2738 1283 2779 3.

889 2795 1164 2850 Euphronius
1195 2796 1311 2836 annis
1339 2795 1381 2836 8.

888 2853 1117 2904 Phacium,
1156 2853 1233 2894 sub
1280 2869 1367 2910 quo
1404 2854 1603 2895 encaenia

1621 1340 1655 1374 p.
1670 1329 1737 1362 Τξζ.

1616 2807 1681 2851 5¹2?

1688 2805 1734 2839 53
