1768 3268
221 198 254 246 4
645 204 931 247 FABROTUS
970 204 1221 248 LEC'rom.

221 329 340 355 more
370 314 483 370 regni
513 314 631 354 curia
662 328 826 369 plaeses
855 314 1142 368 amplissimus,
1173 313 1308 367 magni
1339 311 1524 366 parentis
1544 326 1692 366 magna

219 372 394 411 soboles.
458 372 528 410 sed
580 377 623 410 et
656 372 789 425 gratia
828 370 1020 411 habenda
1045 376 1107 410 est
1146 370 1417 410 illustrissimo
1453 376 1495 409 et
1523 369 1694 408 eximiae

219 427 436 467 doctrinae
466 428 559 467 viio
590 429 641 470 D
656 403 824 466 ἱ’,ΟῑιιοΙΟ
857 427 906 467 de
925 427 1117 467 Monclnl
1137 457 1148 476 ,
1180 426 1497 480 archiepiscopo
1527 425 1693 464 Tliolo..

219 498 332 529 sano,
364 484 435 537 qui
464 484 760 523 bibliothecam
778 499 891 524 suam
915 498 1010 523 cum
1031 484 1173 537 paucis
1203 482 1530 536 comparandam
1560 481 1694 521 doctis

220 540 412 579 omnihus
442 546 588 593 patere
622 540 732 580 vult:
762 540 951 580 codicem
985 554 1132 593 nempe
1166 554 1291 578 manu
1323 539 1579 592 descriptum
1612 552 1693 577 no.-

219 597 281 636 bie
309 595 591 636 commodavit
629 595 738 636 idem
781 597 846 636 vir
877 596 1196 646 illustrissimus,
1226 596 1340 634 cuius
1366 594 1551 635 subsidio
1583 608 1694 633 non-

221 653 594 701 nullasanavimus
636 659 678 692 et
707 652 886 706 pristino
917 653 1050 693 nitori
1089 652 1355 692 restituimus.
1412 656 1632 706 praeterea
1661 650 1694 689 si

220 724 328 763 quae
370 715 490 749 erant
528 709 784 749 subobscura
821 709 860 748 in
893 708 971 749 hac
1001 708 1223 758 versione,
1266 724 1310 747 ea
1343 707 1498 748 Graeci
1537 707 1694 746 codicis

219 765 443 805 collatione
468 771 510 805 et
538 765 717 804 aliorum
748 771 970 804 auctorum
999 765 1130 804 allatis
1172 765 1272 804 locis
1303 764 1620 814 illustravimus,
1647 768 1694 802 ut

220 822 394 861 omnino
425 836 557 876 pauca
585 821 666 861 sint
698 836 804 876 quae
848 821 1119 861 mediocriter
1157 821 1281 862 etiam
1312 821 1470 861 enuditi
1503 834 1586 859 non
1621 834 1694 859 ca..

220 878 350 931 piz,int
376 876 408 917 si
443 893 538 917 cum
567 878 739 917 Graecis
767 892 1017 932 comparale
1051 891 1136 916 non
1165 883 1404 932 gxaventur.
1464 891 1512 916 ex
1538 876 1694 930 gloss-1..

222 935 290 973 riis
322 940 458 973 autem
490 935 639 974 nost-ris
667 934 779 974 hunc
824 934 1030 974 fructum
1026 934 1241 988 percipies
1262 965 1273 982 ,
1305 941 1350 973 ut
1381 936 1442 972 (1¹¹
1446 948 1578 973 ieco-
1593 934 1692 972 bar—

220 991 322 1030 bara
355 990 499 1030 Latine
528 996 570 1030 ct
599 991 747 1030 Latino
767 1020 787 1027 -
806 991 986 1031 barbara
1019 992 1181 1031 Graece
1213 991 1364 1030 efferre
1395 990 1540 1044 possis.
1571 989 1690 1029 Vale.

277 2091 310 2109 lov
