<?xml version="1.0" encoding="UTF-8"?>
<!DOCTYPE html PUBLIC "-//W3C//DTD XHTML 1.0 Transitional//EN"
    "http://www.w3.org/TR/xhtml1/DTD/xhtml1-transitional.dtd">
<html xmlns="http://www.w3.org/1999/xhtml" xml:lang="en" lang="en">
 <head>
  <title>
</title>
<meta http-equiv="Content-Type" content="text/html;charset=utf-8" />
  <meta name='ocr-system' content='tesseract 3.04.00' />
  <meta name='ocr-capabilities' content='ocr_page ocr_carea ocr_par ocr_line ocrx_word'/>
</head>
<body>
  <div class='ocr_page' id='page_1' title='image "./corpusscriptorum47niebuoft_0178.png"; bbox 0 0 1768 3268; ppageno 0'>
   <div class='ocr_carea' id='block_1_1' title="bbox 259 186 1474 239">
    <p class='ocr_par' dir='ltr' id='par_1_1' title="bbox 259 186 1474 239">
     <span class='ocr_line' id='line_1_1' title="bbox 259 186 1474 239; baseline -0.007 0"><span class='ocrx_word' id='word_1_1' title='bbox 259 193 351 239; x_wconf 83' lang='lat'><strong>168</strong></span> <span class='ocrx_word' id='word_1_2' title='bbox 455 196 734 239; x_wconf 78' lang='lat' dir='ltr'><strong>ANASTASH</strong></span> <span class='ocrx_word' id='word_1_3' title='bbox 762 186 1022 238; x_wconf 72' lang='lat' dir='ltr'><strong>eisTonlA</strong></span> <span class='ocrx_word' id='word_1_4' title='bbox 1062 191 1474 236; x_wconf 61' lang='lat' dir='ltr'><strong>Eccnesms‘ricA</strong></span> 
     </span>
    </p>
   </div>
   <div class='ocr_carea' id='block_1_2' title="bbox 253 315 1718 540">
    <p class='ocr_par' dir='ltr' id='par_1_2' title="bbox 253 315 1718 540">
     <span class='ocr_line' id='line_1_2' title="bbox 254 315 1717 377; baseline -0.005 -16"><span class='ocrx_word' id='word_1_5' title='bbox 254 322 493 369; x_wconf 83' lang='lat' dir='ltr'><strong>missurum3</strong></span> <span class='ocrx_word' id='word_1_6' title='bbox 534 321 684 376; x_wconf 88' lang='lat' dir='ltr'><strong>quibus</strong></span> <span class='ocrx_word' id='word_1_7' title='bbox 726 321 931 377; x_wconf 86' lang='lat' dir='ltr'><strong>praestitis</strong></span> <span class='ocrx_word' id='word_1_8' title='bbox 968 334 1045 374; x_wconf 83' lang='lat' dir='ltr'><strong>per</strong></span> <span class='ocrx_word' id='word_1_9' title='bbox 1074 325 1156 358; x_wconf 89' lang='lat' dir='ltr'><strong>tres</strong></span> <span class='ocrx_word' id='word_1_10' title='bbox 1187 330 1315 357; x_wconf 86' lang='lat' dir='ltr'><strong>annos</strong></span> <span class='ocrx_word' id='word_1_11' title='bbox 1350 319 1582 370; x_wconf 74' lang='lat' dir='ltr'><strong>Aegyptum</strong></span> <span class='ocrx_word' id='word_1_12' title='bbox 1613 315 1717 355; x_wconf 80' lang='lat' dir='ltr'><strong>libe-</strong></span> 
     </span>
     <span class='ocr_line' id='line_1_3' title="bbox 253 372 1718 426; baseline -0.005 -9"><span class='ocrx_word' id='word_1_13' title='bbox 253 392 341 417; x_wconf 89' lang='lat' dir='ltr'><strong>ram</strong></span> <span class='ocrx_word' id='word_1_14' title='bbox 373 378 422 417; x_wconf 89' lang='lat' dir='ltr'><strong>ab</strong></span> <span class='ocrx_word' id='word_1_15' title='bbox 463 377 706 418; x_wconf 86' lang='lat' dir='ltr'><strong>exterminio</strong></span> <span class='ocrx_word' id='word_1_16' title='bbox 752 377 908 418; x_wconf 85' lang='lat' dir='ltr'><strong>statuit.</strong></span> <span class='ocrx_word' id='word_1_17' title='bbox 986 381 1203 416; x_wconf 83' lang='lat' dir='ltr'><strong>accusatur</strong></span> <span class='ocrx_word' id='word_1_18' title='bbox 1242 373 1400 411; x_wconf 87' lang='lat' dir='ltr'><strong>interea</strong></span> <span class='ocrx_word' id='word_1_19' title='bbox 1444 372 1576 426; x_wconf 83' lang='lat' dir='ltr'><strong>Cyrus</strong></span> <span class='ocrx_word' id='word_1_20' title='bbox 1606 372 1718 425; x_wconf 86' lang='lat' dir='ltr'><strong>apud</strong></span> 
     </span>
     <span class='ocr_line' id='line_1_4' title="bbox 253 428 1717 488; baseline -0.005 -14"><span class='ocrx_word' id='word_1_21' title='bbox 253 435 565 487; x_wconf 80' lang='lat' dir='ltr'><strong>imperatorem,</strong></span> <span class='ocrx_word' id='word_1_22' title='bbox 598 434 713 488; x_wconf 88' lang='lat' dir='ltr'><strong>quod</strong></span> <span class='ocrx_word' id='word_1_23' title='bbox 755 448 902 473; x_wconf 88' lang='lat' dir='ltr'><strong>aurum</strong></span> <span class='ocrx_word' id='word_1_24' title='bbox 932 432 1109 487; x_wconf 80' lang='lat' dir='ltr'><strong>Aegypti</strong></span> <span class='ocrx_word' id='word_1_25' title='bbox 1141 428 1354 470; x_wconf 79' lang='lat' dir='ltr'>Saracenis</span> <span class='ocrx_word' id='word_1_26' title='bbox 1383 428 1612 476; x_wconf 82' lang='lat' dir='ltr'><strong>tribuerit3</strong></span> <span class='ocrx_word' id='word_1_27' title='bbox 1644 429 1717 482; x_wconf 89' lang='lat' dir='ltr'><strong>qui</strong></span> 
     </span>
     <span class='ocr_line' id='line_1_5' title="bbox 253 486 1716 540; baseline -0.004 -12"><span class='ocrx_word' id='word_1_28' title='bbox 253 504 347 529; x_wconf 88' lang='lat' dir='ltr'><strong>cum</strong></span> <span class='ocrx_word' id='word_1_29' title='bbox 377 490 504 531; x_wconf 87' lang='lat' dir='ltr'><strong>iratus</strong></span> <span class='ocrx_word' id='word_1_30' title='bbox 525 490 717 540; x_wconf 85' lang='lat' dir='ltr'><strong>misisset,</strong></span> <span class='ocrx_word' id='word_1_31' title='bbox 746 489 859 529; x_wconf 87' lang='lat' dir='ltr'><strong>hunc</strong></span> <span class='ocrx_word' id='word_1_32' title='bbox 888 488 1117 537; x_wconf 78' lang='lat' dir='ltr'><strong>accersivit,</strong></span> <span class='ocrx_word' id='word_1_33' title='bbox 1147 486 1385 526; x_wconf 82' lang='lat' dir='ltr'><strong>Manuelum</strong></span> <span class='ocrx_word' id='word_1_34' title='bbox 1415 491 1553 524; x_wconf 83' lang='lat' dir='ltr'><strong>autem</strong></span> <span class='ocrx_word' id='word_1_35' title='bbox 1583 499 1716 539; x_wconf 85' lang='lat' dir='ltr'><strong>quen-</strong></span> 
     </span>
    </p>
   </div>
   <div class='ocr_carea' id='block_1_3' title="bbox 124 541 1718 600">
    <p class='ocr_par' dir='ltr' id='par_1_3' title="bbox 124 541 1718 600">
     <span class='ocr_line' id='line_1_6' title="bbox 124 541 1718 600; baseline -0.001 -19"><span class='ocrx_word' id='word_1_36' title='bbox 124 546 371 596; x_wconf 83' lang='lat' dir='ltr'><strong>p.519dam,</strong></span> <span class='ocrx_word' id='word_1_37' title='bbox 417 545 657 589; x_wconf 88' lang='lat' dir='ltr'><strong>Armenium</strong></span> <span class='ocrx_word' id='word_1_38' title='bbox 692 560 861 600; x_wconf 80' lang='lat' dir='ltr'><strong>genere,</strong></span> <span class='ocrx_word' id='word_1_39' title='bbox 893 544 1071 585; x_wconf 87' lang='lat' dir='ltr'><strong>destinat</strong></span> <span class='ocrx_word' id='word_1_40' title='bbox 1100 541 1379 596; x_wconf 80' lang='lat' dir='ltr'><strong>Augustalem.</strong></span> <span class='ocrx_word' id='word_1_41' title='bbox 1451 555 1546 580; x_wconf 87' lang='lat' dir='ltr'><strong>cum</strong></span> <span class='ocrx_word' id='word_1_42' title='bbox 1578 546 1718 580; x_wconf 86' lang='lat' dir='ltr'><strong>autem</strong></span> 
     </span>
    </p>
   </div>
   <div class='ocr_carea' id='block_1_4' title="bbox 251 599 1718 769">
    <p class='ocr_par' dir='ltr' id='par_1_4' title="bbox 251 599 1718 769">
     <span class='ocr_line' id='line_1_7' title="bbox 253 599 1718 656; baseline -0.005 -14"><span class='ocrx_word' id='word_1_43' title='bbox 253 617 383 642; x_wconf 86' lang='lat' dir='ltr'><strong>annus</strong></span> <span class='ocrx_word' id='word_1_44' title='bbox 412 602 657 656; x_wconf 87' lang='lat' dir='ltr'><strong>adimpletus</strong></span> <span class='ocrx_word' id='word_1_45' title='bbox 685 607 798 653; x_wconf 89' lang='lat' dir='ltr'><strong>esset,</strong></span> <span class='ocrx_word' id='word_1_46' title='bbox 820 599 1124 641; x_wconf 87' lang='lat' dir='ltr'><strong>Saracenorum</strong></span> <span class='ocrx_word' id='word_1_47' title='bbox 1143 604 1304 638; x_wconf 88' lang='lat' dir='ltr'><strong>actores</strong></span> <span class='ocrx_word' id='word_1_48' title='bbox 1334 603 1540 638; x_wconf 88' lang='lat' dir='ltr'><strong>venerunt</strong></span> <span class='ocrx_word' id='word_1_49' title='bbox 1569 612 1718 636; x_wconf 86' lang='lat' dir='ltr'><strong>aurum</strong></span> 
     </span>
     <span class='ocr_line' id='line_1_8' title="bbox 253 653 1717 712; baseline -0.006 -13"><span class='ocrx_word' id='word_1_50' title='bbox 253 658 457 712; x_wconf 74' lang='lat' dir='ltr'><strong>accipere.</strong></span> <span class='ocrx_word' id='word_1_51' title='bbox 490 703 492 705; x_wconf 37' lang='grc'><strong>,</strong></span> <span class='ocrx_word' id='word_1_52' title='bbox 518 665 579 698; x_wconf 92' lang='lat' dir='ltr'><strong>ast</strong></span> <span class='ocrx_word' id='word_1_53' title='bbox 607 658 771 698; x_wconf 89' lang='lat' dir='ltr'><strong>Manuel</strong></span> <span class='ocrx_word' id='word_1_54' title='bbox 802 656 1028 697; x_wconf 87' lang='lat' dir='ltr'><strong>inefficaces</strong></span> <span class='ocrx_word' id='word_1_55' title='bbox 1058 669 1127 695; x_wconf 91' lang='lat' dir='ltr'><strong>eos</strong></span> <span class='ocrx_word' id='word_1_56' title='bbox 1154 653 1331 707; x_wconf 80' lang='lat' dir='ltr'><strong>expellit,</strong></span> <span class='ocrx_word' id='word_1_57' title='bbox 1360 656 1474 692; x_wconf 88' lang='lat' dir='ltr'><strong>“non</strong></span> <span class='ocrx_word' id='word_1_58' title='bbox 1504 657 1616 692; x_wconf 83' lang='lat' dir='ltr'><strong>sum’&#39;</strong></span> <span class='ocrx_word' id='word_1_59' title='bbox 1650 653 1717 691; x_wconf 84' lang='lat' dir='ltr'><strong>in-</strong></span> 
     </span>
     <span class='ocr_line' id='line_1_9' title="bbox 251 708 1715 769; baseline -0.003 -17"><span class='ocrx_word' id='word_1_60' title='bbox 251 713 395 768; x_wconf 82' lang='lat' dir='ltr'><strong>quiens</strong></span> <span class='ocrx_word' id='word_1_61' title='bbox 425 714 584 769; x_wconf 86' lang='lat' dir='ltr'><strong>“Cyrus</strong></span> <span class='ocrx_word' id='word_1_62' title='bbox 623 713 810 764; x_wconf 87' lang='lat' dir='ltr'><strong>inermis,</strong></span> <span class='ocrx_word' id='word_1_63' title='bbox 843 718 889 752; x_wconf 92' lang='lat' dir='ltr'><strong>ut</strong></span> <span class='ocrx_word' id='word_1_64' title='bbox 929 712 1085 752; x_wconf 88' lang='lat' dir='ltr'><strong>tributa</strong></span> <span class='ocrx_word' id='word_1_65' title='bbox 1122 711 1236 750; x_wconf 90' lang='lat' dir='ltr'><strong>vobis</strong></span> <span class='ocrx_word' id='word_1_66' title='bbox 1264 710 1502 763; x_wconf 79' lang='lat' dir='ltr'><strong>praebeam,</strong></span> <span class='ocrx_word' id='word_1_67' title='bbox 1534 708 1604 749; x_wconf 88' lang='lat' dir='ltr'><strong>sed</strong></span> <span class='ocrx_word' id='word_1_68' title='bbox 1637 724 1715 762; x_wconf 77' lang='lat' dir='ltr'><strong>ego</strong></span> 
     </span>
    </p>
   </div>
   <div class='ocr_carea' id='block_1_5' title="bbox 223 761 1716 824">
    <p class='ocr_par' dir='ltr' id='par_1_5' title="bbox 223 761 1716 824">
     <span class='ocr_line' id='line_1_10' title="bbox 223 761 1716 824; baseline -0.004 -14"><span class='ocrx_word' id='word_1_69' title='bbox 223 761 433 818; x_wconf 25' lang='lat' dir='ltr'><strong>*armatus</strong></span> <span class='ocrx_word' id='word_1_70' title='bbox 460 772 586 810; x_wconf 84' lang='lat' dir='ltr'><strong>sum.&#39;&#39;</strong></span> <span class='ocrx_word' id='word_1_71' title='bbox 655 784 831 824; x_wconf 85' lang='lat' dir='ltr'><strong>cumque</strong></span> <span class='ocrx_word' id='word_1_72' title='bbox 880 768 944 807; x_wconf 88' lang='lat' dir='ltr'><strong>isti</strong></span> <span class='ocrx_word' id='word_1_73' title='bbox 987 767 1206 816; x_wconf 85' lang='lat' dir='ltr'><strong>abiissent,</strong></span> <span class='ocrx_word' id='word_1_74' title='bbox 1239 765 1455 806; x_wconf 81' lang='lat' dir='ltr'><strong>confestim</strong></span> <span class='ocrx_word' id='word_1_75' title='bbox 1499 771 1716 805; x_wconf 80' lang='lat' dir='ltr'><strong>armantur</strong></span> 
     </span>
    </p>
   </div>
   <div class='ocr_carea' id='block_1_6' title="bbox 99 1641 223 1686">
    <p class='ocr_par' dir='ltr' id='par_1_6' title="bbox 99 1641 223 1686">
     <span class='ocr_line' id='line_1_11' title="bbox 99 1641 223 1686; baseline 0.032 -12"><span class='ocrx_word' id='word_1_76' title='bbox 99 1651 134 1686; x_wconf 84' lang='lat' dir='ltr'><strong>p.</strong></span> <span class='ocrx_word' id='word_1_77' title='bbox 154 1641 223 1678; x_wconf 81' lang='lat'><strong>520</strong></span> 
     </span>
    </p>
   </div>
   <div class='ocr_carea' id='block_1_7' title="bbox 96 2787 218 2835">
    <p class='ocr_par' dir='ltr' id='par_1_7' title="bbox 96 2787 218 2835">
     <span class='ocr_line' id='line_1_12' title="bbox 96 2787 218 2835; baseline 0 -12"><span class='ocrx_word' id='word_1_78' title='bbox 96 2799 133 2835; x_wconf 88' lang='lat' dir='ltr'><strong>p.</strong></span> <span class='ocrx_word' id='word_1_79' title='bbox 149 2787 218 2824; x_wconf 81' lang='lat'><strong>521</strong></span> 
     </span>
    </p>
   </div>
   <div class='ocr_carea' id='block_1_8' title="bbox 247 821 1716 1048">
    <p class='ocr_par' dir='ltr' id='par_1_8' title="bbox 247 821 1716 1048">
     <span class='ocr_line' id='line_1_13' title="bbox 249 821 1716 880; baseline -0.003 -14"><span class='ocrx_word' id='word_1_80' title='bbox 249 827 443 867; x_wconf 80' lang='lat' dir='ltr'><strong>Saraceni</strong></span> <span class='ocrx_word' id='word_1_81' title='bbox 478 825 667 866; x_wconf 87' lang='lat' dir='ltr'><strong>adversus</strong></span> <span class='ocrx_word' id='word_1_82' title='bbox 701 828 959 880; x_wconf 77' lang='lat' dir='ltr'><strong>Aegyptum,</strong></span> <span class='ocrx_word' id='word_1_83' title='bbox 991 829 1032 863; x_wconf 90' lang='lat' dir='ltr'><strong>et</strong></span> <span class='ocrx_word' id='word_1_84' title='bbox 1071 822 1266 862; x_wconf 87' lang='lat' dir='ltr'><strong>Manuelo</strong></span> <span class='ocrx_word' id='word_1_85' title='bbox 1312 822 1424 863; x_wconf 84' lang='lat' dir='ltr'><strong>hello</strong></span> <span class='ocrx_word' id='word_1_86' title='bbox 1456 821 1570 861; x_wconf 89' lang='lat' dir='ltr'><strong>illato</strong></span> <span class='ocrx_word' id='word_1_87' title='bbox 1603 822 1716 862; x_wconf 90' lang='lat' dir='ltr'><strong>hunc</strong></span> 
     </span>
     <span class='ocr_line' id='line_1_14' title="bbox 250 878 1715 937; baseline -0.003 -16"><span class='ocrx_word' id='word_1_88' title='bbox 250 883 434 937; x_wconf 80' lang='lat' dir='ltr'><strong>abigunt.</strong></span> <span class='ocrx_word' id='word_1_89' title='bbox 507 882 592 936; x_wconf 88' lang='lat' dir='ltr'><strong>ipse</strong></span> <span class='ocrx_word' id='word_1_90' title='bbox 624 896 724 922; x_wconf 88' lang='lat' dir='ltr'><strong>vero</strong></span> <span class='ocrx_word' id='word_1_91' title='bbox 755 897 847 920; x_wconf 87' lang='lat' dir='ltr'><strong>cum</strong></span> <span class='ocrx_word' id='word_1_92' title='bbox 879 880 1018 935; x_wconf 86' lang='lat' dir='ltr'><strong>paucis</strong></span> <span class='ocrx_word' id='word_1_93' title='bbox 1050 878 1298 934; x_wconf 86' lang='lat' dir='ltr'><strong>quibusdam</strong></span> <span class='ocrx_word' id='word_1_94' title='bbox 1335 878 1603 919; x_wconf 80' lang='lat' dir='ltr'><strong>Alexandriae</strong></span> <span class='ocrx_word' id='word_1_95' title='bbox 1631 879 1715 918; x_wconf 89' lang='lat' dir='ltr'><strong>sal-</strong></span> 
     </span>
     <span class='ocr_line' id='line_1_15' title="bbox 247 934 1714 992; baseline -0.003 -16"><span class='ocrx_word' id='word_1_96' title='bbox 247 952 322 978; x_wconf 78' lang='lat' dir='ltr'><strong>vus</strong></span> <span class='ocrx_word' id='word_1_97' title='bbox 356 938 569 992; x_wconf 86' lang='lat' dir='ltr'><strong>recipitur.</strong></span> <span class='ocrx_word' id='word_1_98' title='bbox 637 944 736 978; x_wconf 89' lang='lat' dir='ltr'><strong>tunc</strong></span> <span class='ocrx_word' id='word_1_99' title='bbox 767 935 964 977; x_wconf 79' lang='lat' dir='ltr'><strong>Saraceni</strong></span> <span class='ocrx_word' id='word_1_100' title='bbox 995 938 1229 991; x_wconf 82' lang='lat' dir='ltr'><strong>Aegyptum</strong></span> <span class='ocrx_word' id='word_1_101' title='bbox 1267 935 1342 975; x_wconf 87' lang='lat' dir='ltr'><strong>sub</strong></span> <span class='ocrx_word' id='word_1_102' title='bbox 1374 935 1536 975; x_wconf 89' lang='lat' dir='ltr'><strong>tributo</strong></span> <span class='ocrx_word' id='word_1_103' title='bbox 1570 934 1714 975; x_wconf 83' lang='lat' dir='ltr'><strong>reddi-</strong></span> 
     </span>
     <span class='ocr_line' id='line_1_16' title="bbox 249 991 1713 1048; baseline -0.003 -14"><span class='ocrx_word' id='word_1_104' title='bbox 249 993 411 1034; x_wconf 87' lang='lat' dir='ltr'><strong>derunt.</strong></span> <span class='ocrx_word' id='word_1_105' title='bbox 468 1000 527 1034; x_wconf 89' lang='lat' dir='ltr'><strong>ast</strong></span> <span class='ocrx_word' id='word_1_106' title='bbox 557 994 788 1048; x_wconf 87' lang='lat' dir='ltr'><strong>imperator</strong></span> <span class='ocrx_word' id='word_1_107' title='bbox 819 993 967 1033; x_wconf 89' lang='lat' dir='ltr'><strong>auditis</strong></span> <span class='ocrx_word' id='word_1_108' title='bbox 995 1007 1102 1047; x_wconf 89' lang='lat' dir='ltr'><strong>quac</strong></span> <span class='ocrx_word' id='word_1_109' title='bbox 1132 997 1244 1046; x_wconf 80' lang='lat' dir='ltr'><strong>gesta</strong></span> <span class='ocrx_word' id='word_1_110' title='bbox 1274 997 1381 1042; x_wconf 87' lang='lat' dir='ltr'><strong>sunt,</strong></span> <span class='ocrx_word' id='word_1_111' title='bbox 1417 991 1527 1031; x_wconf 88' lang='lat' dir='ltr'><strong>misit</strong></span> <span class='ocrx_word' id='word_1_112' title='bbox 1557 991 1713 1047; x_wconf 85' lang='lat' dir='ltr'><strong>Cyrum</strong></span> 
     </span>
    </p>
   </div>
   <div class='ocr_carea' id='block_1_9' title="bbox 245 1044 1711 1161">
    <p class='ocr_par' dir='ltr' id='par_1_9' title="bbox 245 1044 1711 1161">
     <span class='ocr_line' id='line_1_17' title="bbox 247 1044 1711 1103; baseline -0.001 -14"><span class='ocrx_word' id='word_1_113' title='bbox 247 1044 298 1089; x_wconf 82' lang='lat' dir='ltr'><strong>ad</strong></span> <span class='ocrx_word' id='word_1_114' title='bbox 330 1049 657 1103; x_wconf 79' lang='lat' dir='ltr'><strong>persuadendum</strong></span> <span class='ocrx_word' id='word_1_115' title='bbox 703 1050 756 1089; x_wconf 88' lang='lat' dir='ltr'><strong>eis</strong></span> <span class='ocrx_word' id='word_1_116' title='bbox 800 1049 852 1089; x_wconf 84' lang='lat' dir='ltr'><strong>ab</strong></span> <span class='ocrx_word' id='word_1_117' title='bbox 895 1050 1082 1103; x_wconf 83' lang='lat' dir='ltr'><strong>Aegypto</strong></span> <span class='ocrx_word' id='word_1_118' title='bbox 1121 1048 1196 1088; x_wconf 89' lang='lat' dir='ltr'><strong>sub</strong></span> <span class='ocrx_word' id='word_1_119' title='bbox 1237 1048 1377 1102; x_wconf 85' lang='lat' dir='ltr'><strong>priori</strong></span> <span class='ocrx_word' id='word_1_120' title='bbox 1405 1048 1562 1102; x_wconf 89' lang='lat' dir='ltr'><strong>placito</strong></span> <span class='ocrx_word' id='word_1_121' title='bbox 1593 1062 1711 1088; x_wconf 88' lang='lat' dir='ltr'><strong>rece-</strong></span> 
     </span>
     <span class='ocr_line' id='line_1_18' title="bbox 245 1103 1711 1161; baseline -0.001 -16"><span class='ocrx_word' id='word_1_122' title='bbox 245 1103 380 1154; x_wconf 84' lang='lat' dir='ltr'><strong>dendi.</strong></span> <span class='ocrx_word' id='word_1_123' title='bbox 420 1112 461 1147; x_wconf 89' lang='lat' dir='ltr'><strong>et</strong></span> <span class='ocrx_word' id='word_1_124' title='bbox 492 1106 628 1147; x_wconf 90' lang='lat' dir='ltr'><strong>abiens</strong></span> <span class='ocrx_word' id='word_1_125' title='bbox 649 1106 779 1161; x_wconf 84' lang='lat' dir='ltr'><strong>Cyrus</strong></span> <span class='ocrx_word' id='word_1_126' title='bbox 809 1104 859 1145; x_wconf 87' lang='lat' dir='ltr'><strong>ad</strong></span> <span class='ocrx_word' id='word_1_127' title='bbox 889 1110 1021 1145; x_wconf 77' lang='lat' dir='ltr'><strong>casti-a</strong></span> <span class='ocrx_word' id='word_1_128' title='bbox 1042 1105 1350 1145; x_wconf 87' lang='lat' dir='ltr'><strong>Saracenorum</strong></span> <span class='ocrx_word' id='word_1_129' title='bbox 1380 1104 1587 1144; x_wconf 80' lang='lat' dir='ltr'><strong>rationem</strong></span> <span class='ocrx_word' id='word_1_130' title='bbox 1616 1103 1711 1144; x_wconf 88' lang='lat' dir='ltr'><strong>red-</strong></span> 
     </span>
    </p>
   </div>
   <div class='ocr_carea' id='block_1_10' title="bbox 236 1159 1711 1497">
    <p class='ocr_par' dir='ltr' id='par_1_10' title="bbox 236 1159 1711 1497">
     <span class='ocr_line' id='line_1_19' title="bbox 244 1159 1711 1216; baseline -0.001 -15"><span class='ocrx_word' id='word_1_131' title='bbox 244 1161 321 1214; x_wconf 87' lang='lat' dir='ltr'><strong>dit,</strong></span> <span class='ocrx_word' id='word_1_132' title='bbox 353 1177 436 1202; x_wconf 88' lang='lat' dir='ltr'><strong>esse</strong></span> <span class='ocrx_word' id='word_1_133' title='bbox 477 1176 518 1202; x_wconf 88' lang='lat' dir='ltr'><strong>se</strong></span> <span class='ocrx_word' id='word_1_134' title='bbox 556 1161 776 1216; x_wconf 82' lang='lat' dir='ltr'><strong>perhibens</strong></span> <span class='ocrx_word' id='word_1_135' title='bbox 808 1160 1178 1215; x_wconf 83' lang='lat' dir='ltr'><strong>praevaricationis</strong></span> <span class='ocrx_word' id='word_1_136' title='bbox 1224 1161 1452 1212; x_wconf 89' lang='lat' dir='ltr'><strong>innoxium,</strong></span> <span class='ocrx_word' id='word_1_137' title='bbox 1487 1167 1527 1211; x_wconf 84' lang='lat' dir='ltr'><strong>et</strong></span> <span class='ocrx_word' id='word_1_138' title='bbox 1557 1159 1589 1201; x_wconf 90' lang='lat' dir='ltr'><strong>si</strong></span> <span class='ocrx_word' id='word_1_139' title='bbox 1618 1161 1711 1200; x_wconf 88' lang='lat' dir='ltr'><strong>vel-</strong></span> 
     </span>
     <span class='ocr_line' id='line_1_20' title="bbox 236 1216 1708 1272; baseline -0.001 -14"><span class='ocrx_word' id='word_1_140' title='bbox 236 1217 353 1272; x_wconf 29' lang='lat' dir='ltr'><strong>-lent,</strong></span> <span class='ocrx_word' id='word_1_141' title='bbox 391 1218 579 1272; x_wconf 80' lang='lat' dir='ltr'><strong>priorem</strong></span> <span class='ocrx_word' id='word_1_142' title='bbox 610 1216 878 1258; x_wconf 84' lang='lat' dir='ltr'><strong>concordiam</strong></span> <span class='ocrx_word' id='word_1_143' title='bbox 917 1217 1157 1257; x_wconf 83' lang='lat' dir='ltr'><strong>iuramentis</strong></span> <span class='ocrx_word' id='word_1_144' title='bbox 1196 1217 1514 1258; x_wconf 87' lang='lat' dir='ltr'><strong>affirmaturum.</strong></span> <span class='ocrx_word' id='word_1_145' title='bbox 1571 1231 1708 1271; x_wconf 90' lang='lat' dir='ltr'><strong>porro</strong></span> 
     </span>
     <span class='ocr_line' id='line_1_21' title="bbox 240 1272 1710 1328; baseline -0.001 -15"><span class='ocrx_word' id='word_1_146' title='bbox 240 1274 438 1323; x_wconf 82' lang='lat' dir='ltr'><strong>Saraceni</strong></span> <span class='ocrx_word' id='word_1_147' title='bbox 469 1273 695 1314; x_wconf 85' lang='lat' dir='ltr'><strong>nullatenus</strong></span> <span class='ocrx_word' id='word_1_148' title='bbox 724 1272 783 1312; x_wconf 88' lang='lat' dir='ltr'><strong>his</strong></span> <span class='ocrx_word' id='word_1_149' title='bbox 812 1273 1127 1328; x_wconf 85' lang='lat' dir='ltr'><strong>acquieverunt,</strong></span> <span class='ocrx_word' id='word_1_150' title='bbox 1158 1273 1341 1314; x_wconf 84' lang='lat' dir='ltr'><strong>dicentes</strong></span> <span class='ocrx_word' id='word_1_151' title='bbox 1374 1273 1571 1327; x_wconf 87' lang='lat' dir='ltr'><strong>episcopo</strong></span> <span class='ocrx_word' id='word_1_152' title='bbox 1601 1273 1710 1327; x_wconf 86' lang='lat' dir='ltr'><strong>“po-</strong></span> 
     </span>
     <span class='ocr_line' id='line_1_22' title="bbox 238 1329 1709 1386; baseline 0 -18"><span class='ocrx_word' id='word_1_153' title='bbox 238 1335 299 1370; x_wconf 85' lang='lat' dir='ltr'><strong>tes</strong></span> <span class='ocrx_word' id='word_1_154' title='bbox 326 1329 432 1370; x_wconf 84' lang='lat' dir='ltr'><strong>hanc</strong></span> <span class='ocrx_word' id='word_1_155' title='bbox 462 1330 676 1370; x_wconf 84' lang='lat' dir='ltr'><strong>maximam</strong></span> <span class='ocrx_word' id='word_1_156' title='bbox 704 1330 939 1369; x_wconf 84' lang='lat' dir='ltr'><strong>columnam</strong></span> <span class='ocrx_word' id='word_1_157' title='bbox 972 1329 1178 1371; x_wconf 89' lang='lat' dir='ltr'><strong>devorare</strong></span> <span class='ocrx_word' id='word_1_158' title='bbox 1195 1330 1235 1369; x_wconf 79' lang='lat'><strong>?&#39;&#39;</strong></span> <span class='ocrx_word' id='word_1_159' title='bbox 1270 1329 1341 1386; x_wconf 88' lang='lat' dir='ltr'><strong>qui</strong></span> <span class='ocrx_word' id='word_1_160' title='bbox 1376 1330 1434 1369; x_wconf 88' lang='lat' dir='ltr'><strong>ait</strong></span> <span class='ocrx_word' id='word_1_161' title='bbox 1471 1329 1583 1369; x_wconf 89' lang='lat' dir='ltr'><strong>“non</strong></span> <span class='ocrx_word' id='word_1_162' title='bbox 1626 1345 1709 1384; x_wconf 82' lang='lat' dir='ltr'><strong>po-</strong></span> 
     </span>
     <span class='ocr_line' id='line_1_23' title="bbox 238 1384 1710 1442; baseline 0.001 -16"><span class='ocrx_word' id='word_1_163' title='bbox 238 1384 316 1426; x_wconf 85' lang='lat' dir='ltr'><strong>test</strong></span> <span class='ocrx_word' id='word_1_164' title='bbox 349 1386 476 1426; x_wconf 86' lang='lat' dir='ltr'><strong>fieri.’&#39;</strong></span> <span class='ocrx_word' id='word_1_165' title='bbox 499 1392 541 1426; x_wconf 83' lang='lat' dir='ltr'><strong>at</strong></span> <span class='ocrx_word' id='word_1_166' title='bbox 569 1386 625 1425; x_wconf 88' lang='lat' dir='ltr'><strong>illi</strong></span> <span class='ocrx_word' id='word_1_167' title='bbox 655 1386 758 1426; x_wconf 88' lang='lat' dir='ltr'><strong>“nec</strong></span> <span class='ocrx_word' id='word_1_168' title='bbox 791 1386 932 1427; x_wconf 86' lang='lat' dir='ltr'><strong>nohis&#39;&#39;</strong></span> <span class='ocrx_word' id='word_1_169' title='bbox 965 1386 1163 1441; x_wconf 89' lang='lat' dir='ltr'><strong>inquiunt</strong></span> <span class='ocrx_word' id='word_1_170' title='bbox 1196 1386 1417 1442; x_wconf 87' lang='lat' dir='ltr'><strong>“possibile</strong></span> <span class='ocrx_word' id='word_1_171' title='bbox 1447 1392 1508 1427; x_wconf 85' lang='lat' dir='ltr'><strong>est</strong></span> <span class='ocrx_word' id='word_1_172' title='bbox 1535 1385 1710 1427; x_wconf 87' lang='lat' dir='ltr'><strong>ulterius</strong></span> 
     </span>
     <span class='ocr_line' id='line_1_24' title="bbox 237 1442 767 1497; baseline 0.002 -15"><span class='ocrx_word' id='word_1_173' title='bbox 237 1442 290 1482; x_wconf 80' lang='lat' dir='ltr'><strong>ab</strong></span> <span class='ocrx_word' id='word_1_174' title='bbox 317 1444 506 1497; x_wconf 83' lang='lat' dir='ltr'><strong>Aegypto</strong></span> <span class='ocrx_word' id='word_1_175' title='bbox 536 1442 767 1483; x_wconf 85' lang='lat' dir='ltr'><strong>recedere.”</strong></span> 
     </span>
    </p>
   </div>
   <div class='ocr_carea' id='block_1_11' title="bbox 227 1524 1707 2743">
    <p class='ocr_par' dir='ltr' id='par_1_11' title="bbox 227 1524 1707 2743">
     <span class='ocr_line' id='line_1_25' title="bbox 346 1524 1707 1582; baseline 0 -16"><span class='ocrx_word' id='word_1_176' title='bbox 346 1526 466 1566; x_wconf 83' lang='lat' dir='ltr'><strong>Anno</strong></span> <span class='ocrx_word' id='word_1_177' title='bbox 496 1527 659 1582; x_wconf 89' lang='lat' dir='ltr'><strong>imperii</strong></span> <span class='ocrx_word' id='word_1_178' title='bbox 690 1526 869 1568; x_wconf 90' lang='lat' dir='ltr'><strong>Heraclii</strong></span> <span class='ocrx_word' id='word_1_179' title='bbox 898 1524 952 1567; x_wconf 78' lang='lat'><strong>26</strong></span> <span class='ocrx_word' id='word_1_180' title='bbox 982 1528 1111 1568; x_wconf 85' lang='lat' dir='ltr'><strong>aciem</strong></span> <span class='ocrx_word' id='word_1_181' title='bbox 1143 1526 1293 1568; x_wconf 90' lang='lat' dir='ltr'><strong>direxit</strong></span> <span class='ocrx_word' id='word_1_182' title='bbox 1320 1527 1530 1567; x_wconf 86' lang='lat' dir='ltr'><strong>Humarus</strong></span> <span class='ocrx_word' id='word_1_183' title='bbox 1559 1532 1707 1568; x_wconf 81' lang='lat' dir='ltr'><strong>contra</strong></span> 
     </span>
     <span class='ocr_line' id='line_1_26' title="bbox 235 1581 1706 1637; baseline 0.002 -17"><span class='ocrx_word' id='word_1_184' title='bbox 235 1581 526 1635; x_wconf 79' lang='lat' dir='ltr'><strong>Palaestinam,</strong></span> <span class='ocrx_word' id='word_1_185' title='bbox 558 1590 599 1623; x_wconf 87' lang='lat' dir='ltr'><strong>et</strong></span> <span class='ocrx_word' id='word_1_186' title='bbox 633 1583 818 1624; x_wconf 84' lang='lat' dir='ltr'><strong>obsidens</strong></span> <span class='ocrx_word' id='word_1_187' title='bbox 849 1589 1034 1624; x_wconf 82' lang='lat' dir='ltr'><strong>sanctam</strong></span> <span class='ocrx_word' id='word_1_188' title='bbox 1066 1584 1279 1624; x_wconf 84' lang='lat' dir='ltr'><strong>civitatem</strong></span> <span class='ocrx_word' id='word_1_189' title='bbox 1322 1584 1480 1624; x_wconf 88' lang='lat' dir='ltr'><strong>biennii</strong></span> <span class='ocrx_word' id='word_1_190' title='bbox 1510 1589 1706 1637; x_wconf 86' lang='lat' dir='ltr'><strong>tempore</strong></span> 
     </span>
     <span class='ocr_line' id='line_1_27' title="bbox 235 1637 1705 1696; baseline 0.002 -19"><span class='ocrx_word' id='word_1_191' title='bbox 235 1637 346 1691; x_wconf 85' lang='lat' dir='ltr'><strong>cepit</strong></span> <span class='ocrx_word' id='word_1_192' title='bbox 390 1653 477 1679; x_wconf 88' lang='lat' dir='ltr'><strong>eam</strong></span> <span class='ocrx_word' id='word_1_193' title='bbox 527 1640 671 1681; x_wconf 87' lang='lat' dir='ltr'><strong>verbo.</strong></span> <span class='ocrx_word' id='word_1_194' title='bbox 748 1640 1011 1695; x_wconf 90' lang='lat' dir='ltr'><strong>Sophronius</strong></span> <span class='ocrx_word' id='word_1_195' title='bbox 1053 1655 1259 1696; x_wconf 86' lang='lat' dir='ltr'><strong>namque,</strong></span> <span class='ocrx_word' id='word_1_196' title='bbox 1304 1640 1705 1696; x_wconf 87' lang='lat' dir='ltr'><strong>Hierosolymitanus</strong></span> 
     </span>
     <span class='ocr_line' id='line_1_28' title="bbox 232 1696 1704 1752; baseline 0.001 -18"><span class='ocrx_word' id='word_1_197' title='bbox 232 1709 413 1734; x_wconf 87' lang='lat' dir='ltr'><strong>summus</strong></span> <span class='ocrx_word' id='word_1_198' title='bbox 448 1696 661 1747; x_wconf 85' lang='lat' dir='ltr'><strong>sacerdos,</strong></span> <span class='ocrx_word' id='word_1_199' title='bbox 707 1698 881 1737; x_wconf 85' lang='lat' dir='ltr'><strong>verbum</strong></span> <span class='ocrx_word' id='word_1_200' title='bbox 911 1697 1075 1752; x_wconf 86' lang='lat' dir='ltr'><strong>accepit</strong></span> <span class='ocrx_word' id='word_1_201' title='bbox 1113 1696 1165 1736; x_wconf 85' lang='lat' dir='ltr'><strong>ad</strong></span> <span class='ocrx_word' id='word_1_202' title='bbox 1199 1696 1327 1738; x_wconf 87' lang='lat' dir='ltr'><strong>totius</strong></span> <span class='ocrx_word' id='word_1_203' title='bbox 1356 1697 1612 1739; x_wconf 81' lang='lat' dir='ltr'><strong>Palaestinae</strong></span> <span class='ocrx_word' id='word_1_204' title='bbox 1641 1710 1704 1736; x_wconf 83' lang='lat' dir='ltr'><strong>se-</strong></span> 
     </span>
     <span class='ocr_line' id='line_1_29' title="bbox 233 1750 1704 1807; baseline 0.002 -18"><span class='ocrx_word' id='word_1_205' title='bbox 233 1750 465 1791; x_wconf 89' lang='lat' dir='ltr'><strong>curitatem.</strong></span> <span class='ocrx_word' id='word_1_206' title='bbox 540 1766 716 1807; x_wconf 89' lang='lat' dir='ltr'><strong>cumque</strong></span> <span class='ocrx_word' id='word_1_207' title='bbox 744 1753 950 1795; x_wconf 87' lang='lat' dir='ltr'><strong>Humarus</strong></span> <span class='ocrx_word' id='word_1_208' title='bbox 997 1754 1039 1794; x_wconf 88' lang='lat' dir='ltr'><strong>in</strong></span> <span class='ocrx_word' id='word_1_209' title='bbox 1083 1759 1268 1794; x_wconf 87' lang='lat' dir='ltr'><strong>sanctam</strong></span> <span class='ocrx_word' id='word_1_210' title='bbox 1311 1753 1452 1794; x_wconf 87' lang='lat' dir='ltr'><strong>fuisset</strong></span> <span class='ocrx_word' id='word_1_211' title='bbox 1493 1753 1704 1793; x_wconf 84' lang='lat' dir='ltr'><strong>civitatem</strong></span> 
     </span>
     <span class='ocr_line' id='line_1_30' title="bbox 232 1805 1699 1859; baseline 0.003 -15"><span class='ocrx_word' id='word_1_212' title='bbox 232 1805 446 1859; x_wconf 76' lang='lat' dir='ltr'><strong>ingressus,</strong></span> <span class='ocrx_word' id='word_1_213' title='bbox 478 1807 646 1847; x_wconf 87' lang='lat' dir='ltr'><strong>cilicinis</strong></span> <span class='ocrx_word' id='word_1_214' title='bbox 677 1824 723 1850; x_wconf 87' lang='lat' dir='ltr'><strong>ex</strong></span> <span class='ocrx_word' id='word_1_215' title='bbox 751 1809 914 1851; x_wconf 86' lang='lat' dir='ltr'><strong>camelis</strong></span> <span class='ocrx_word' id='word_1_216' title='bbox 947 1816 989 1851; x_wconf 89' lang='lat' dir='ltr'><strong>et</strong></span> <span class='ocrx_word' id='word_1_217' title='bbox 1016 1809 1195 1851; x_wconf 88' lang='lat' dir='ltr'><strong>sordidis</strong></span> <span class='ocrx_word' id='word_1_218' title='bbox 1225 1808 1478 1851; x_wconf 87' lang='lat' dir='ltr'><strong>indumentis</strong></span> <span class='ocrx_word' id='word_1_219' title='bbox 1509 1809 1699 1858; x_wconf 89' lang='lat' dir='ltr'><strong>amictus,</strong></span> 
     </span>
     <span class='ocr_line' id='line_1_31' title="bbox 231 1862 1703 1922; baseline 0.001 -20"><span class='ocrx_word' id='word_1_220' title='bbox 231 1862 616 1919; x_wconf 87' lang='lat' dir='ltr'><strong>simulationemque</strong></span> <span class='ocrx_word' id='word_1_221' title='bbox 636 1865 868 1906; x_wconf 79' lang='lat' dir='ltr'><strong>satanicam</strong></span> <span class='ocrx_word' id='word_1_222' title='bbox 900 1871 1126 1916; x_wconf 83' lang='lat' dir='ltr'><strong>ostentans,</strong></span> <span class='ocrx_word' id='word_1_223' title='bbox 1159 1866 1360 1921; x_wconf 88' lang='lat' dir='ltr'><strong>templum</strong></span> <span class='ocrx_word' id='word_1_224' title='bbox 1391 1866 1609 1922; x_wconf 87' lang='lat' dir='ltr'><strong>requisivit</strong></span> <span class='ocrx_word' id='word_1_225' title='bbox 1630 1867 1703 1905; x_wconf 88' lang='lat' dir='ltr'><strong>Iu-</strong></span> 
     </span>
     <span class='ocr_line' id='line_1_32' title="bbox 231 1917 1702 1974; baseline 0.003 -17"><span class='ocrx_word' id='word_1_226' title='bbox 231 1917 449 1970; x_wconf 84' lang='lat' dir='ltr'><strong>daeorum,</strong></span> <span class='ocrx_word' id='word_1_227' title='bbox 472 1921 598 1974; x_wconf 62' lang='lat' dir='ltr'><strong>&gt;quod</strong></span> <span class='ocrx_word' id='word_1_228' title='bbox 629 1928 916 1963; x_wconf 84' lang='lat' dir='ltr'><strong>construxerat</strong></span> <span class='ocrx_word' id='word_1_229' title='bbox 945 1923 1167 1974; x_wconf 86' lang='lat' dir='ltr'><strong>Salomon,</strong></span> <span class='ocrx_word' id='word_1_230' title='bbox 1198 1924 1252 1963; x_wconf 89' lang='lat' dir='ltr'><strong>ad</strong></span> <span class='ocrx_word' id='word_1_231' title='bbox 1281 1922 1516 1963; x_wconf 88' lang='lat' dir='ltr'><strong>faciendum</strong></span> <span class='ocrx_word' id='word_1_232' title='bbox 1545 1922 1702 1962; x_wconf 84' lang='lat' dir='ltr'><strong>scilicet</strong></span> 
     </span>
     <span class='ocr_line' id='line_1_33' title="bbox 230 1974 1699 2033; baseline 0.002 -19"><span class='ocrx_word' id='word_1_233' title='bbox 230 1974 275 2014; x_wconf 83' lang='lat' dir='ltr'><strong>id</strong></span> <span class='ocrx_word' id='word_1_234' title='bbox 308 1974 581 2029; x_wconf 81' lang='lat' dir='ltr'><strong>blasphemiae</strong></span> <span class='ocrx_word' id='word_1_235' title='bbox 610 1992 704 2018; x_wconf 86' lang='lat' dir='ltr'><strong>suae</strong></span> <span class='ocrx_word' id='word_1_236' title='bbox 731 1978 1038 2020; x_wconf 79' lang='lat' dir='ltr'><strong>adoratorium.</strong></span> <span class='ocrx_word' id='word_1_237' title='bbox 1070 1979 1153 2021; x_wconf 89' lang='lat' dir='ltr'><strong>hoc</strong></span> <span class='ocrx_word' id='word_1_238' title='bbox 1182 1980 1400 2020; x_wconf 86' lang='lat' dir='ltr'><strong>advertens</strong></span> <span class='ocrx_word' id='word_1_239' title='bbox 1431 1978 1699 2033; x_wconf 74' lang='lat' dir='ltr'><strong>Sophronias</strong></span> 
     </span>
     <span class='ocr_line' id='line_1_34' title="bbox 230 2030 1701 2091; baseline 0.004 -22"><span class='ocrx_word' id='word_1_240' title='bbox 230 2030 291 2070; x_wconf 85' lang='lat' dir='ltr'><strong>ait</strong></span> <span class='ocrx_word' id='word_1_241' title='bbox 320 2031 390 2070; x_wconf 90' lang='lat' dir='ltr'><strong>“in</strong></span> <span class='ocrx_word' id='word_1_242' title='bbox 424 2033 596 2073; x_wconf 85' lang='lat' dir='ltr'><strong>veritate</strong></span> <span class='ocrx_word' id='word_1_243' title='bbox 625 2033 725 2074; x_wconf 87' lang='lat' dir='ltr'><strong>illud</strong></span> <span class='ocrx_word' id='word_1_244' title='bbox 755 2042 814 2075; x_wconf 87' lang='lat' dir='ltr'><strong>est</strong></span> <span class='ocrx_word' id='word_1_245' title='bbox 847 2036 1102 2076; x_wconf 84' lang='lat' dir='ltr'><strong>abominatio</strong></span> <span class='ocrx_word' id='word_1_246' title='bbox 1144 2036 1423 2089; x_wconf 86' lang='lat' dir='ltr'><strong>desolationis,</strong></span> <span class='ocrx_word' id='word_1_247' title='bbox 1453 2050 1560 2091; x_wconf 89' lang='lat' dir='ltr'><strong>quae</strong></span> <span class='ocrx_word' id='word_1_248' title='bbox 1589 2034 1701 2075; x_wconf 87' lang='lat' dir='ltr'><strong>dicta</strong></span> 
     </span>
     <span class='ocr_line' id='line_1_35' title="bbox 229 2088 1701 2145; baseline 0.003 -20"><span class='ocrx_word' id='word_1_249' title='bbox 229 2093 290 2126; x_wconf 86' lang='lat' dir='ltr'><strong>est</strong></span> <span class='ocrx_word' id='word_1_250' title='bbox 318 2101 394 2141; x_wconf 89' lang='lat' dir='ltr'><strong>per</strong></span> <span class='ocrx_word' id='word_1_251' title='bbox 424 2088 638 2129; x_wconf 86' lang='lat' dir='ltr'><strong>Danielem</strong></span> <span class='ocrx_word' id='word_1_252' title='bbox 679 2090 970 2145; x_wconf 86' lang='lat' dir='ltr'><strong>propl1etam,&#39;&#39;</strong></span> <span class='ocrx_word' id='word_1_253' title='bbox 1003 2100 1112 2133; x_wconf 87' lang='lat' dir='ltr'><strong>stans</strong></span> <span class='ocrx_word' id='word_1_254' title='bbox 1145 2094 1187 2132; x_wconf 88' lang='lat' dir='ltr'><strong>in</strong></span> <span class='ocrx_word' id='word_1_255' title='bbox 1219 2093 1314 2134; x_wconf 92' lang='lat' dir='ltr'><strong>loco</strong></span> <span class='ocrx_word' id='word_1_256' title='bbox 1346 2099 1507 2142; x_wconf 88' lang='lat' dir='ltr'><strong>sancto,</strong></span> <span class='ocrx_word' id='word_1_257' title='bbox 1538 2091 1701 2131; x_wconf 88' lang='lat' dir='ltr'><strong>multis-</strong></span> 
     </span>
     <span class='ocr_line' id='line_1_36' title="bbox 230 2142 1698 2204; baseline 0.004 -23"><span class='ocrx_word' id='word_1_258' title='bbox 230 2156 313 2197; x_wconf 86' lang='lat' dir='ltr'><strong>que</strong></span> <span class='ocrx_word' id='word_1_259' title='bbox 343 2142 520 2183; x_wconf 87' lang='lat' dir='ltr'><strong>lacrimis</strong></span> <span class='ocrx_word' id='word_1_260' title='bbox 569 2145 635 2184; x_wconf 83' lang='lat' dir='ltr'><strong>hic</strong></span> <span class='ocrx_word' id='word_1_261' title='bbox 666 2147 827 2199; x_wconf 87' lang='lat' dir='ltr'><strong>pietatis</strong></span> <span class='ocrx_word' id='word_1_262' title='bbox 868 2156 1166 2204; x_wconf 82' lang='lat' dir='ltr'><strong>propugnator</strong></span> <span class='ocrx_word' id='word_1_263' title='bbox 1208 2149 1485 2189; x_wconf 85' lang='lat' dir='ltr'><strong>Christianam</strong></span> <span class='ocrx_word' id='word_1_264' title='bbox 1517 2147 1698 2188; x_wconf 80' lang='lat' dir='ltr'><strong>deflebat</strong></span> 
     </span>
     <span class='ocr_line' id='line_1_37' title="bbox 228 2197 1701 2260; baseline 0.005 -24"><span class='ocrx_word' id='word_1_265' title='bbox 228 2197 404 2252; x_wconf 83' lang='lat' dir='ltr'><strong>plebem.</strong></span> <span class='ocrx_word' id='word_1_266' title='bbox 463 2200 561 2240; x_wconf 87' lang='lat' dir='ltr'><strong>dum</strong></span> <span class='ocrx_word' id='word_1_267' title='bbox 588 2216 687 2242; x_wconf 89' lang='lat' dir='ltr'><strong>vero</strong></span> <span class='ocrx_word' id='word_1_268' title='bbox 719 2203 800 2243; x_wconf 91' lang='lat' dir='ltr'><strong>illic</strong></span> <span class='ocrx_word' id='word_1_269' title='bbox 831 2204 1035 2246; x_wconf 86' lang='lat' dir='ltr'><strong>Humarus</strong></span> <span class='ocrx_word' id='word_1_270' title='bbox 1064 2212 1180 2256; x_wconf 87' lang='lat' dir='ltr'><strong>esset,</strong></span> <span class='ocrx_word' id='word_1_271' title='bbox 1215 2206 1381 2260; x_wconf 80' lang='lat' dir='ltr'><strong>rogavit</strong></span> <span class='ocrx_word' id='word_1_272' title='bbox 1411 2220 1506 2246; x_wconf 89' lang='lat' dir='ltr'><strong>eum</strong></span> <span class='ocrx_word' id='word_1_273' title='bbox 1534 2204 1701 2259; x_wconf 90' lang='lat' dir='ltr'><strong>episco-</strong></span> 
     </span>
     <span class='ocr_line' id='line_1_38' title="bbox 227 2255 1701 2310; baseline 0.005 -17"><span class='ocrx_word' id='word_1_274' title='bbox 227 2269 305 2308; x_wconf 87' lang='lat' dir='ltr'><strong>pus</strong></span> <span class='ocrx_word' id='word_1_275' title='bbox 350 2255 539 2310; x_wconf 85' lang='lat' dir='ltr'><strong>accipere</strong></span> <span class='ocrx_word' id='word_1_276' title='bbox 579 2272 599 2295; x_wconf 89' lang='lat' dir='ltr'><strong>a</strong></span> <span class='ocrx_word' id='word_1_277' title='bbox 644 2272 685 2298; x_wconf 92' lang='lat' dir='ltr'><strong>se</strong></span> <span class='ocrx_word' id='word_1_278' title='bbox 726 2259 943 2300; x_wconf 89' lang='lat' dir='ltr'><strong>sindonem</strong></span> <span class='ocrx_word' id='word_1_279' title='bbox 987 2276 1081 2302; x_wconf 92' lang='lat' dir='ltr'><strong>cum</strong></span> <span class='ocrx_word' id='word_1_280' title='bbox 1120 2262 1364 2303; x_wconf 87' lang='lat' dir='ltr'><strong>indumento</strong></span> <span class='ocrx_word' id='word_1_281' title='bbox 1397 2269 1440 2302; x_wconf 92' lang='lat' dir='ltr'><strong>et</strong></span> <span class='ocrx_word' id='word_1_282' title='bbox 1470 2261 1599 2301; x_wconf 89' lang='lat' dir='ltr'><strong>indui.</strong></span> <span class='ocrx_word' id='word_1_283' title='bbox 1658 2267 1701 2300; x_wconf 89' lang='lat' dir='ltr'><strong>at</strong></span> 
     </span>
     <span class='ocr_line' id='line_1_39' title="bbox 227 2309 1701 2374; baseline 0.005 -25"><span class='ocrx_word' id='word_1_284' title='bbox 227 2309 295 2350; x_wconf 88' lang='lat' dir='ltr'><strong>ille</strong></span> <span class='ocrx_word' id='word_1_285' title='bbox 324 2326 409 2351; x_wconf 89' lang='lat' dir='ltr'><strong>non</strong></span> <span class='ocrx_word' id='word_1_286' title='bbox 453 2312 693 2367; x_wconf 84' lang='lat' dir='ltr'><strong>patiebatur</strong></span> <span class='ocrx_word' id='word_1_287' title='bbox 736 2329 783 2355; x_wconf 89' lang='lat' dir='ltr'><strong>ea</strong></span> <span class='ocrx_word' id='word_1_288' title='bbox 827 2324 1016 2369; x_wconf 88' lang='lat' dir='ltr'><strong>portare.</strong></span> <span class='ocrx_word' id='word_1_289' title='bbox 1074 2319 1140 2359; x_wconf 90' lang='lat' dir='ltr'><strong>vix</strong></span> <span class='ocrx_word' id='word_1_290' title='bbox 1173 2333 1272 2374; x_wconf 82' lang='lat' dir='ltr'><strong>ergo</strong></span> <span class='ocrx_word' id='word_1_291' title='bbox 1299 2320 1505 2372; x_wconf 84' lang='lat' dir='ltr'><strong>persuasit</strong></span> <span class='ocrx_word' id='word_1_292' title='bbox 1537 2317 1597 2357; x_wconf 87' lang='lat' dir='ltr'><strong>his</strong></span> <span class='ocrx_word' id='word_1_293' title='bbox 1629 2331 1701 2357; x_wconf 88' lang='lat' dir='ltr'><strong>ve-</strong></span> 
     </span>
     <span class='ocr_line' id='line_1_40' title="bbox 228 2366 1698 2428; baseline 0.005 -23"><span class='ocrx_word' id='word_1_294' title='bbox 228 2366 332 2419; x_wconf 89' lang='lat' dir='ltr'><strong>stiri,</strong></span> <span class='ocrx_word' id='word_1_295' title='bbox 360 2367 494 2409; x_wconf 89' lang='lat' dir='ltr'><strong>donec</strong></span> <span class='ocrx_word' id='word_1_296' title='bbox 523 2384 595 2409; x_wconf 91' lang='lat' dir='ltr'><strong>sua</strong></span> <span class='ocrx_word' id='word_1_297' title='bbox 642 2370 893 2426; x_wconf 86' lang='lat' dir='ltr'><strong>lavarentur,</strong></span> <span class='ocrx_word' id='word_1_298' title='bbox 921 2379 962 2414; x_wconf 88' lang='lat' dir='ltr'><strong>et</strong></span> <span class='ocrx_word' id='word_1_299' title='bbox 990 2374 1143 2415; x_wconf 86' lang='lat' dir='ltr'><strong>iterum</strong></span> <span class='ocrx_word' id='word_1_300' title='bbox 1183 2375 1323 2416; x_wconf 87' lang='lat' dir='ltr'><strong>reddit</strong></span> <span class='ocrx_word' id='word_1_301' title='bbox 1361 2389 1408 2415; x_wconf 89' lang='lat' dir='ltr'><strong>ea</strong></span> <span class='ocrx_word' id='word_1_302' title='bbox 1441 2373 1698 2428; x_wconf 87' lang='lat' dir='ltr'><strong>Sophronio,</strong></span> 
     </span>
     <span class='ocr_line' id='line_1_41' title="bbox 228 2424 1697 2484; baseline 0.005 -23"><span class='ocrx_word' id='word_1_303' title='bbox 228 2427 270 2462; x_wconf 90' lang='lat' dir='ltr'><strong>et</strong></span> <span class='ocrx_word' id='word_1_304' title='bbox 298 2424 463 2465; x_wconf 86' lang='lat' dir='ltr'><strong>vestitus</strong></span> <span class='ocrx_word' id='word_1_305' title='bbox 493 2432 554 2465; x_wconf 89' lang='lat' dir='ltr'><strong>est</strong></span> <span class='ocrx_word' id='word_1_306' title='bbox 581 2427 779 2481; x_wconf 86' lang='lat' dir='ltr'><strong>propriis.</strong></span> <span class='ocrx_word' id='word_1_307' title='bbox 838 2443 983 2469; x_wconf 87' lang='lat' dir='ltr'><strong>verum</strong></span> <span class='ocrx_word' id='word_1_308' title='bbox 1012 2431 1120 2471; x_wconf 83' lang='lat' dir='ltr'><strong>inter</strong></span> <span class='ocrx_word' id='word_1_309' title='bbox 1150 2432 1254 2472; x_wconf 87' lang='lat' dir='ltr'><strong>haec</strong></span> <span class='ocrx_word' id='word_1_310' title='bbox 1276 2430 1541 2484; x_wconf 79' lang='lat' dir='ltr'><strong>Sophronias</strong></span> <span class='ocrx_word' id='word_1_311' title='bbox 1574 2429 1697 2477; x_wconf 88' lang='lat' dir='ltr'><strong>obiit,</strong></span> 
     </span>
     <span class='ocr_line' id='line_1_42' title="bbox 229 2479 1697 2539; baseline 0.005 -22"><span class='ocrx_word' id='word_1_312' title='bbox 229 2479 301 2533; x_wconf 84' lang='lat' dir='ltr'><strong>qui</strong></span> <span class='ocrx_word' id='word_1_313' title='bbox 334 2481 461 2520; x_wconf 87' lang='lat' dir='ltr'><strong>verbo</strong></span> <span class='ocrx_word' id='word_1_314' title='bbox 491 2486 533 2521; x_wconf 88' lang='lat' dir='ltr'><strong>et</strong></span> <span class='ocrx_word' id='word_1_315' title='bbox 563 2489 659 2522; x_wconf 86' lang='lat' dir='ltr'><strong>actu</strong></span> <span class='ocrx_word' id='word_1_316' title='bbox 698 2483 1114 2539; x_wconf 85' lang='lat' dir='ltr'><strong>Hierosolymitanam</strong></span> <span class='ocrx_word' id='word_1_317' title='bbox 1145 2488 1367 2528; x_wconf 85' lang='lat' dir='ltr'><strong>adornavit</strong></span> <span class='ocrx_word' id='word_1_318' title='bbox 1397 2486 1623 2536; x_wconf 85' lang='lat' dir='ltr'><strong>ecclesiam,</strong></span> <span class='ocrx_word' id='word_1_319' title='bbox 1655 2492 1697 2526; x_wconf 88' lang='lat' dir='ltr'><strong>et</strong></span> 
     </span>
     <span class='ocr_line' id='line_1_43' title="bbox 228 2537 1700 2598; baseline 0.005 -25"><span class='ocrx_word' id='word_1_320' title='bbox 228 2541 376 2598; x_wconf 69' lang='lat' dir='ltr'><strong>eontra</strong></span> <span class='ocrx_word' id='word_1_321' title='bbox 396 2537 579 2577; x_wconf 85' lang='lat' dir='ltr'><strong>Heraclii</strong></span> <span class='ocrx_word' id='word_1_322' title='bbox 609 2544 650 2578; x_wconf 84' lang='lat' dir='ltr'><strong>et</strong></span> <span class='ocrx_word' id='word_1_323' title='bbox 682 2539 894 2579; x_wconf 78' lang='lat' dir='ltr'><strong>fautorum</strong></span> <span class='ocrx_word' id='word_1_324' title='bbox 923 2542 1007 2582; x_wconf 85' lang='lat' dir='ltr'><strong>eius</strong></span> <span class='ocrx_word' id='word_1_325' title='bbox 1036 2544 1424 2594; x_wconf 85' lang='lat' dir='ltr'><strong>monothelitarum,</strong></span> <span class='ocrx_word' id='word_1_326' title='bbox 1453 2543 1589 2597; x_wconf 84' lang='lat' dir='ltr'><strong>Sergii</strong></span> <span class='ocrx_word' id='word_1_327' title='bbox 1617 2541 1700 2582; x_wconf 90' lang='lat' dir='ltr'><strong>sci-</strong></span> 
     </span>
     <span class='ocr_line' id='line_1_44' title="bbox 228 2591 1699 2655; baseline 0.007 -26"><span class='ocrx_word' id='word_1_328' title='bbox 228 2591 325 2630; x_wconf 78' lang='lat' dir='ltr'><strong>licet</strong></span> <span class='ocrx_word' id='word_1_329' title='bbox 356 2597 397 2631; x_wconf 87' lang='lat' dir='ltr'><strong>et</strong></span> <span class='ocrx_word' id='word_1_330' title='bbox 425 2593 602 2647; x_wconf 85' lang='lat' dir='ltr'><strong>Pyrrhi,</strong></span> <span class='ocrx_word' id='word_1_331' title='bbox 646 2594 877 2635; x_wconf 86' lang='lat' dir='ltr'><strong>decertavit</strong></span> <span class='ocrx_word' id='word_1_332' title='bbox 906 2612 1107 2638; x_wconf 79' lang='lat' dir='ltr'><strong>errorem.</strong></span> <span class='ocrx_word' id='word_1_333' title='bbox 1188 2600 1419 2655; x_wconf 87' lang='lat' dir='ltr'><strong>eodemque</strong></span> <span class='ocrx_word' id='word_1_334' title='bbox 1450 2614 1560 2639; x_wconf 87' lang='lat' dir='ltr'><strong>anno</strong></span> <span class='ocrx_word' id='word_1_335' title='bbox 1588 2599 1699 2639; x_wconf 84' lang='lat' dir='ltr'><strong>misit</strong></span> 
     </span>
     <span class='ocr_line' id='line_1_45' title="bbox 230 2646 1699 2712; baseline 0.007 -27"><span class='ocrx_word' id='word_1_336' title='bbox 230 2646 392 2711; x_wconf 73' lang='lat' dir='ltr'><strong>Humar</strong></span> <span class='ocrx_word' id='word_1_337' title='bbox 431 2649 608 2691; x_wconf 78' lang='lat' dir='ltr'><strong>Iliadum</strong></span> <span class='ocrx_word' id='word_1_338' title='bbox 651 2650 692 2690; x_wconf 89' lang='lat' dir='ltr'><strong>in</strong></span> <span class='ocrx_word' id='word_1_339' title='bbox 721 2652 910 2707; x_wconf 84' lang='lat' dir='ltr'><strong>Syriam,</strong></span> <span class='ocrx_word' id='word_1_340' title='bbox 951 2661 992 2694; x_wconf 88' lang='lat' dir='ltr'><strong>et</strong></span> <span class='ocrx_word' id='word_1_341' title='bbox 1032 2656 1196 2711; x_wconf 80' lang='lat' dir='ltr'><strong>subegit</strong></span> <span class='ocrx_word' id='word_1_342' title='bbox 1234 2663 1367 2697; x_wconf 85' lang='lat' dir='ltr'><strong>totam</strong></span> <span class='ocrx_word' id='word_1_343' title='bbox 1406 2656 1575 2712; x_wconf 86' lang='lat' dir='ltr'><strong>Syriam</strong></span> <span class='ocrx_word' id='word_1_344' title='bbox 1618 2655 1699 2695; x_wconf 92' lang='lat' dir='ltr'><strong>Sa-</strong></span> 
     </span>
     <span class='ocr_line' id='line_1_46' title="bbox 232 2716 405 2743; baseline 0.006 -1"><span class='ocrx_word' id='word_1_345' title='bbox 232 2716 405 2743; x_wconf 82' lang='lat' dir='ltr'><strong>racems.</strong></span> 
     </span>
    </p>
   </div>
   <div class='ocr_carea' id='block_1_12' title="bbox 343 2790 1705 2852">
    <p class='ocr_par' dir='ltr' id='par_1_12' title="bbox 343 2790 1705 2852">
     <span class='ocr_line' id='line_1_47' title="bbox 343 2790 1705 2852; baseline 0.006 -25"><span class='ocrx_word' id='word_1_346' title='bbox 343 2790 463 2828; x_wconf 86' lang='lat' dir='ltr'><strong>Anno</strong></span> <span class='ocrx_word' id='word_1_347' title='bbox 496 2790 658 2844; x_wconf 86' lang='lat' dir='ltr'><strong>imperii</strong></span> <span class='ocrx_word' id='word_1_348' title='bbox 690 2791 870 2832; x_wconf 86' lang='lat' dir='ltr'><strong>Heraclii</strong></span> <span class='ocrx_word' id='word_1_349' title='bbox 890 2791 940 2832; x_wconf 77' lang='lat'><strong>‘27</strong></span> <span class='ocrx_word' id='word_1_350' title='bbox 972 2794 1085 2834; x_wconf 86' lang='lat' dir='ltr'><strong>venit</strong></span> <span class='ocrx_word' id='word_1_351' title='bbox 1117 2797 1287 2838; x_wconf 85' lang='lat' dir='ltr'><strong>Ioannes</strong></span> <span class='ocrx_word' id='word_1_352' title='bbox 1318 2802 1599 2852; x_wconf 78' lang='lat' dir='ltr'><strong>cognomento</strong></span> <span class='ocrx_word' id='word_1_353' title='bbox 1620 2793 1705 2835; x_wconf 90' lang='lat' dir='ltr'><strong>Ca-</strong></span> 
     </span>
    </p>
   </div>
  </div>
 </body>
</html>
