1768 3268
269 217 362 265 158
466 218 747 264 ANASTAsn
789 214 1052 261 HISTORIA
1099 208 1515 256 E'CclAEslAsTch

260 351 379 376 suum
410 349 504 375 cum
535 335 714 376 iussione
755 333 806 373 ad
837 330 1135 386 Curdmigam,
1165 332 1506 381 compraetorem
1535 325 1726 379 Sarlmri,

263 392 566 432 Chalcedonern
588 424 600 446 ‚
643 391 824 432 scribens
863 390 901 430 ei
939 395 986 428 ut
1014 388 1239 426 Sarharum
1273 382 1544 434 interficeret,
1573 390 1615 423 et
1642 384 1729 438 ipse

261 448 421 503 populo
444 449 664 488 Persarum
693 452 864 500 recepto
885 444 1139 486 acceleraret
1163 441 1204 480 in
1224 438 1436 479 Persidem
1456 438 1497 478 in
1530 439 1729 480 auxilium

261 505 336 544 sui.
394 505 424 544 is
456 511 595 545 autem
634 503 707 558 qui
754 503 910 543 litteras
940 500 1155 541 deferebat
1197 496 1310 536 circa
1354 495 1562 535 Galatiam
1608 511 1727 536 com-

260 561 539 615 prehenditur
576 575 598 600 a
636 559 854 608 Romanis;
902 571 985 612 quo
1017 553 1345 609 comprehenso,
1376 557 1420 592 et
1456 552 1729 593 nescientibus

261 613 408 668 Persis,
435 617 548 657 hunc
576 616 820 672 Byzantium
851 614 1110 655 deduxerunt
1152 615 1194 651 et
1223 608 1488 663 imperatoris
1516 609 1604 649 filio
1637 616 1729 648 tra..

262 673 472 714 diderunt.
545 679 605 713 ast
644 673 878 727 imperator
920 686 942 710 a
969 668 1089 708 misso
1122 666 1290 721 cognita
1327 665 1508 706 veritate
1533 666 1729 720 protinus

262 730 491 770 Sarbarum
506 730 693 769 accessit:
725 729 795 783 qui
826 743 920 768 cum
939 725 1160 774 introisset,
1190 722 1320 762 astitit
1350 722 1615 776 imperatori.
1649 723 1732 762 im-

265 793 444 841 perator
471 792 607 826 autem
637 786 734 826 huic
763 783 949 838 epistola,
981 796 1105 836 quam
1134 779 1341 820 chosroes
1379 779 1431 819 ad
1462 778 1732 834 Cardarigam

262 838 457 896 miserat,
489 842 665 893 tradita,
714 842 918 895 missoque
957 844 1133 888 ostenso,
1167 835 1267 890 legit
1298 835 1530 890 epistolam.
1593 843 1636 877 at
1663 837 1732 877 ille

265 905 403 939 certus
435 899 613 939 veritate
645 897 706 938 rei
735 897 915 947 effectus,
948 894 1148 934 continuo
1179 905 1404 933 conversus
1434 891 1604 934 foedera
1633 907 1730 933 cum

265 956 350 995 filio
368 955 568 1010 principis
598 961 640 994 et
670 953 911 1008 patriarcha
941 951 1062 999 secit3
1097 949 1170 1004 qui
1191 949 1290 989 falsa
1321 949 1731 1004 Chosroisepistola

263 1013 386 1063 facta,
405 1011 520 1052 addit
549 1011 588 1050 in
619 1026 667 1050 ea
694 1010 817 1050 etiam
849 1009 949 1049 alios
969 1006 1294 1063 quadringentos
1321 1011 1507 1060 satrapas
1537 1012 1580 1047 et
1610 1007 1731 1060 prin—

127 1083 162 1118 [ι.
181 1070 253 1106 498
267 1068 376 1122 cipes
407 1075 449 1108 et
491 1068 684 1107 tribunos
728 1073 770 1106 et
797 1065 1062 1106 centuriones
1105 1062 1427 1114 interimendos,
1459 1069 1502 1103 et
1533 1062 1730 1117 imposito

264 1124 475 1179 ingeniose
504 1124 728 1163 adinvento
749 1122 972 1177 signaculo,
1003 1119 1350 1175 congregatisque
1371 1119 1547 1161 ducibus
1569 1127 1611 1161 et
1641 1121 1730 1174 ipso

263 1181 504 1235 Cardariga‚
533 1186 575 1220 et
613 1180 718 1220 lecta
749 1177 949 1233 epistola,
984 1176 1087 1217 dixit
1116 1177 1169 1217 ad
1199 1175 1473 1230 Cardarigam
1502 1177 1732 1231 “perspicis

263 1244 313 1277 ut
341 1237 422 1276 hoc
453 1235 612 1276 sacias.'’
680 1240 724 1274 at
765 1249 864 1275 vero
909 1233 1119 1288 principes
1161 1234 1310 1273 furore
1345 1233 1504 1284 referti,
1535 1233 1729 1274 abdicato

264 1293 462 1343 Chosroe,
491 1290 736 1346 imperatori
756 1291 929 1344 pacifica
947 1296 1069 1344 pacta
1096 1295 1336 1344 patrarunt,
1368 1295 1410 1330 et
1437 1295 1586 1330 mutuo
1621 1290 1728 1331 inito

264 1349 436 1390 consilio
468 1348 624 1403 placuit
653 1354 699 1388 ut
727 1346 987 1388 Chalcedone
1017 1346 1278 1387 discederent
1307 1352 1349 1386 et
1379 1346 1430 1386 ad
1449 1346 1628 1401 propria
1660 1362 1732 1388 re-

262 1405 478 1460 pedarent,
509 1404 611 1445 nihil
658 1403 988 1446 exterminaturi.
1053 1410 1276 1457 praeterea
1303 1403 1519 1444 Heraclius
1562 1404 1733 1458 scripsit

263 1461 438 1502 Chosroi
468 1464 573 1516 “ego
603 1475 838 1516 persequor
867 1465 908 1502 et
940 1460 992 1500 ad
1022 1475 1167 1514 pacem
1209 1474 1365 1501 curro:
1398 1473 1482 1500 non
1515 1460 1627 1501 enim
1655 1475 1734 1500 vo-

263 1518 468 1558 luntarius
515 1518 608 1572 igne
648 1532 845 1557 consumo
886 1517 1125 1568 Persidem,
1162 1516 1233 1557 sed
1282 1516 1365 1556 vim
1407 1531 1546 1571 passus
1577 1518 1732 1558 abste.

265 1575 533 1629 proiiciamus
563 1588 663 1629 ergo
692 1574 834 1615 saltem
872 1588 983 1614 nunc
1011 1589 1140 1625 arma,
1170 1581 1211 1614 et
1241 1587 1390 1627 pacem
1419 1574 1733 1628 amplectamur.

268 1631 549 1686 extinguamus
583 1630 717 1685 ignem
746 1631 993 1685 priusquam
1015 1631 1208 1671 universa
1230 1629 1494 1671 inssammet.''
1553 1645 1734 1686 cumque

272 1687 476 1728 Chosroes
509 1686 589 1727 hoc
618 1702 701 1728 non
731 1687 972 1740 admisisset,
1002 1702 1257 1742 magnopere
1286 1686 1428 1727 odium
1448 1687 1598 1742 populi
1626 1688 1734 1730 Per-

268 1743 364 1784 sidis
395 1743 527 1784 crevit
564 1742 753 1785 adversus
799 1759 910 1785 eum.
984 1744 1119 1784 movit
1164 1758 1265 1799 ergo
1298 1743 1503 1784 Chosroes
1545 1744 1734 1785 homines

266 1800 508 1854 principum
544 1813 716 1840 suorum
758 1806 800 1841 et
841 1815 963 1842 omne
1002 1800 1252 1855 obsequium
1280 1814 1400 1841 suum
1432 1806 1558 1856 atque
1587 1801 1736 1841 mulie-

269 1871 364 1896 rum
391 1871 579 1908 suarum,
621 1862 663 1896 et
691 1856 765 1897 hos
798 1863 981 1898 armatos
1024 1864 1197 1898 cunctos
1231 1857 1381 1898 direxit
1407 1858 1607 1898 exercitui
1638 1858 1735 1897 uni-

270 1911 395 1952 endos
423 1912 615 1964 Rhazati,
644 1919 685 1953 et
724 1920 904 1955 staturos
946 1913 1058 1969 apud
1096 1915 1278 1955 Narbam
1308 1913 1481 1954 fluvium
1512 1914 1734 1955 duodecim

272 1969 435 2009 milibus
465 1969 771 2023 aCtisophonte
802 1971 1037 2023 distantem,
1071 1976 1114 2011 et
1132 1971 1248 2011 iussit
1278 1971 1333 2011 eis
1364 1977 1412 2012 ut.
1443 1970 1541 2011 dum
1572 1986 1736 2011 amnem

140 2028 256 2076 p.499
268 2025 464 2066 transiret
493 2026 736 2080 imperator,
763 2027 997 2069 inciderent
1025 2033 1188 2082 pontes.
1218 2033 1278 2068 ast
1307 2028 1540 2082 imperator
1555 2030 1734 2082 septimo

269 2081 362 2122 idus
393 2083 598 2122 lanuarias
627 2089 762 2123 motus
794 2084 1072 2139 aDastagerd,
1101 2099 1196 2124 cum
1216 2084 1380 2125 abiisset
1408 2085 1541 2125 tribus
1575 2084 1734 2136 diebus,

269 2145 403 2178 castra
429 2143 603 2178 metatus
631 2146 691 2180 est
722 2138 941 2181 duodecim
971 2141 1135 2181 milibus
1168 2141 1294 2195 pocul
1326 2156 1348 2181 a
1377 2143 1517 2183 Narba
1548 2142 1735 2193 flumine,

267 2194 342 2235 ubi
376 2201 469 2235 erat
494 2195 712 2235 Persarum
755 2197 956 2238 exercitus
977 2228 988 2248 ‚
1020 2197 1131 2239 inter
1160 2212 1264 2252 quos
1298 2197 1508 2238 habebant
1538 2199 1661 2239 etiam
1695 2204 1738 2239 et

267 2250 504 2305 elephantes
534 2250 742 2293 ducentos.
800 2259 841 2294 et
886 2254 994 2294 misit
1022 2254 1255 2309 imperator
1287 2255 1519 2309 Georgium
1547 2261 1737 2295 turmar-

269 2307 375 2348 chen
409 2308 776 2359 Armeniacorum,
822 2316 868 2349 ut
899 2310 980 2350 iret
1009 2325 1138 2366 usque
1180 2310 1232 2351 ad
1274 2310 1454 2362 flumen,
1484 2317 1526 2353 et
1557 2312 1736 2352 disceret

268 2370 412 2404 utrum
443 2364 601 2405 Narbas
633 2364 782 2405 vadum
810 2365 997 2410 haberet.
1042 2374 1084 2408 ct
1103 2383 1197 2408 cum
1228 2368 1449 2409 invenisset
1476 2368 1591 2424 quod
1621 2383 1733 2423 pon·

267 2427 327 2460 tes
356 2419 591 2461 incidissent
622 2426 663 2462 et
698 2421 851 2462 vadum
888 2437 971 2462 non
1002 2431 1129 2475 esset,
1163 2425 1215 2466 ad
1245 2425 1547 2480 imperatorem
1578 2424 1734 2466 reversi

267 2483 382 2525 sunt;
412 2476 484 2532 qui
502 2482 638 2518 motus
654 2478 855 2518 Siazuron
872 2479 969 2530 adit,
995 2487 1036 2520 et
1053 2481 1259 2523 circuibat
1280 2481 1503 2523 incendens
1522 2482 1736 2537 regionem

269 2539 311 2573 et
338 2534 459 2573 urbes
488 2548 568 2588 per
606 2540 743 2574 totum
767 2536 1044 2576 Februarium
1071 2553 1266 2579 mensem.
1298 2539 1455 2579 Martio
1484 2553 1587 2579 vero
1619 2553 1737 2579 men-

269 2601 312 2629 se
344 2604 438 2630 cum
467 2590 640 2631 venisset
655 2591 694 2630 in
712 2591 931 2645 praedium
947 2593 1062 2647 quod
1090 2595 1313 2636 dicebatur
1326 2597 1501 2647 Barzan,
1530 2595 1668 2636 facere
1700 2596 1735 2645 ⁴¹)

268 2652 424 2700 septem
441 2646 541 2698 dies,
558 2654 601 2688 et
618 2648 729 2687 misit
741 2648 984 2688 Mezeticum
998 2656 1241 2704 praetorem
1258 2653 1300 2694 in
1322 2667 1503 2704 cursum,
1522 2658 1566 2693 et
1581 2651 1735 2692 adiun-

319 2786 349 2832 ”’)
381 2786 509 2834 facere]
540 2788 755 2833 Papinianus
790 2789 826 2821 in
858 2789 880 2821 l.
907 2790 1010 2824 miles
1042 2790 1088 2825 ad
1125 2792 1191 2837 leg.
1226 2794 1291 2826 Iul.
1329 2793 1374 2827 (le
1412 2794 1554 2828 adult.:
1591 2805 1638 2827 ne
1665 2792 1735 2827 sibi

365 2841 658 2880 computarentur
695 2835 771 2870 «lies
797 2849 886 2883 quos
913 2839 950 2872 iu
981 2838 1144 2874 custodia
1176 2841 1331 2880 fecisset.
1385 2843 1502 2889 Lupus
1529 2842 1634 2888 epist.
1663 2840 1728 2876 20:
