1768 3268
533 196 608 238 Ex
645 197 997 241 THEOPHANE.
1434 189 1496 237 87

24 310 195 368 cuplens
222 310 319 358 fleri
348 309 431 352 dux
455 310 738 363 Palaestinae,
775 313 990 367 pollicitus
1017 317 1079 353 est
1110 310 1391 367 imperatori,
1425 309 1503 351 nisi

24 367 299 424 persuaderet
328 367 502 421 loanni,
539 374 639 424 post
669 370 831 410 Heliam
862 369 1245 425 Hierosolymitano
1289 369 1507 424 episcopo,

26 425 342 472 communicare
372 425 556 476 Severo,
599 424 702 466 dare
741 433 951 468 trecentas
990 426 1119 467 libras
1162 425 1270 466 auri.
1328 430 1505 478 accepto

25 497 130 523 vero
159 481 407 538 principatu
441 483 558 523 venit
593 482 956 540 Hierosolymam,
1001 484 1283 537 Ioannemqne
1311 481 1389 522 sibi
1414 495 1506 523 non

26 538 295 584 obedientem
322 538 434 583 misit
463 538 506 580 in
524 553 752 584 carcerem.
811 539 1034 582 Zacharias
1053 553 1154 580 vero
1183 539 1354 595 quidem
1381 538 1511 593 prin-

25 595 405 651 cepsPalaestinae,
434 594 517 637 deo
545 597 731 636 amabilis
754 596 833 649 vir,
863 597 1062 653 suggessit
1076 597 1289 651 episcopo,
1320 595 1409 636 zelo
1440 593 1510 634 di-

26 652 127 695 vino
159 651 323 703 ductus,
351 651 448 694 duci
477 653 805 708 repromittendi
833 669 876 695 se
917 668 1027 710 quae
1055 653 1115 694 illi
1142 652 1360 708 placerent
1387 658 1509 691 actu..

29 724 143 760 rum„
167 709 399 758 dummodo
436 710 734 751 restitueretur
765 711 807 751 in
849 709 1009 752 throno
1045 724 1149 758 suo3
1192 723 1277 764 quo
1302 724 1345 750 se
1375 707 1510 748 absol-
1523 724 1559 759 p.
1577 710 1647 750 245

25 771 151 810 vente
195 780 246 807 ac
284 765 553 819 restituente,
591 767 777 809 collectis
807 767 1021 809 monachis
1069 767 1111 808 in
1143 767 1304 820 templo
1339 765 1382 806 S.
1413 766 1510 806 Ste-

27 822 159 878 phani
188 821 377 870 ascendit
390 837 520 879 super
545 825 784 876 ambonem,
815 830 857 866 et
887 824 1254 865 anathematizavit
1269 821 1512 863 Nestorium

28 885 73 921 et
97 878 318 936 Eutychen
356 888 399 923 et
429 881 634 923 Severum
672 888 801 938 atque
828 882 1043 923 Soterium
1062 911 1077 932 ‚
1104 880 1386 935 pronuntians
1414 893 1511 918 san.

28 941 115 978 ctas
142 942 187 977 et
214 936 466 979 universales
497 943 705 992 quattuor
732 938 927 994 synodos.
996 938 1146 978 aderat
1173 943 1314 977 autem
1346 942 1389 977 et
1422 935 1513 991 Hy..

27 992 166 1048 patius
194 992 303 1035 lilius
333 993 474 1036 fratris
515 994 810 1049 imperatoris,
861 1009 946 1036 non
985 995 1297 1038 communicans
1337 993 1513 1034 omnino

28 1050 200 1092 Severo.
228 1048 304 1097 hic,
328 1065 425 1091 cum
445 1056 546 1107 tunc
574 1052 909 1094 communicaret
939 1052 1101 1103 Ioanni,
1132 1051 1225 1092 auri
1259 1051 1384 1090 libras
1413 1063 1514 1090 cen·

29 1111 121 1146 tum
149 1105 267 1155 dedit
294 1106 339 1147 S.
374 1107 651 1157 Theodosio,
680 1109 752 1164 qui
783 1115 874 1151 erat
907 1107 1108 1150 exarchus
1138 1107 1511 1156 monasteriorum,

29 1162 83 1203 ad
128 1162 466 1206 distribuendum
509 1163 583 1205 has
622 1165 839 1206 monachis
884 1166 957 1220 qui
1000 1170 1142 1207 rectae
1183 1164 1281 1205 fidei
1321 1169 1444 1205 erant
1472 1168 1516 1203 ct

32 1218 379 1265 Chalcedonensis
423 1221 592 1261 concilii
640 1222 730 1263 zelo
785 1223 1019 1263 fervebant.
1100 1222 1338 1276 imperator
1373 1226 1516 1261 autem

32 1275 238 1331 quosdam
279 1290 328 1319 ex
374 1277 639 1332 principibus
677 1279 897 1334 praecepit
938 1279 979 1319 in
1012 1279 1173 1333 templo
1214 1278 1256 1319 S.
1294 1275 1515 1318 Theodori

30 1333 255 1388 Sphoracii
281 1347 410 1388 super
443 1334 667 1374 ambonem
713 1335 871 1389 trisagii
911 1335 1246 1377 additamentum
1279 1333 1516 1385 admittere,

32 1389 91 1430 ita
120 1395 171 1431 nt
197 1388 487 1432 multitudines
516 1390 759 1445 indignatae
786 1406 868 1446 per
907 1392 1018 1433 diem
1050 1391 1226 1432 letaniae
1249 1390 1362 1431 illinc
1391 1404 1516 1446 egre-

34 1445 254 1498 derentur,
284 1445 454 1502 quando
493 1452 537 1489 ct
573 1448 846 1489 Timotheum
885 1463 966 1503 per
1006 1447 1381 1489 commonitorium
1411 1446 1517 1487 scri-

32 1509 156 1559 ptum
186 1503 381 1544 omnibus
418 1503 598 1545 ecclesiis
649 1505 871 1559 praecepit
912 1505 1127 1560 trisagium
1156 1505 1199 1544 in
1230 1505 1518 1544 letaniis-cum

34 1557 320 1601 additamento
351 1559 590 1610 dicendum,
621 1562 739 1617 quod
755 1561 878 1601 multi
906 1567 1137 1602 metuentes
1158 1561 1361 1602 fecerunt.
1420 1574 1519 1600 mo-

33 1616 159 1658 nachi
201 1630 304 1658 vero
335 1617 463 1658 alium
495 1617 700 1672 psalmum
742 1618 961 1673 psallendo
994 1625 1216 1659 venerunt.
1272 1617 1349 1657 hos
1377 1623 1519 1657 autem

33 1672 219 1728 populus
248 1672 391 1722 videns
432 1673 628 1715 clamavit
670 1675 803 1716 “bene
838 1682 1048 1716 venerunt
1079 1673 1347 1724 orthodoxi?
1372 1673 1519 1713 simul-

34 1736 181 1786 tasque
209 1731 341 1771 multa
370 1731 479 1772 facta
510 1737 571 1771 est
599 1738 643 1773 et
672 1731 910 1773 incendium
953 1732 1182 1772 domorum
1211 1731 1439 1771 multarum
1470 1743 1518 1769 ac

35 1785 265 1828 homicidia
293 1786 401 1828 dena
428 1787 555 1839 milia,
585 1789 714 1829 turba
744 1789 1006 1830 vociferante
1034 1788 1230 1829 adversus
1259 1786 1516 1829 Anastasium
1528 1808 1562 1843 p.
1579 1796 1650 1834 246

36 1851 79 1886 et
106 1843 368 1885 Vitalianum
396 1846 699 1899 imperatorem
730 1852 914 1900 petente,
943 1846 1000 1885 ita
1022 1853 1070 1886 ut
1098 1846 1265 1900 fugeret
1283 1843 1518 1884 Anastasius

36 1906 80 1942 et
106 1899 312 1955 latitaret,
341 1900 393 1940 ab
435 1901 609 1957 ipsaque
641 1903 836 1943 Areadne
882 1903 1144 1943 laceraretur
1171 1901 1336 1943 iniuriis
1366 1907 1519 1955 utpote

34 1956 271 1998 multorum
317 1971 439 1998 causa
466 1959 674 1999 malorum
703 1959 947 2000 Christianis
991 1961 1176 1999 effectus.
1233 1959 1518 1999 Alamundaro

37 2020 178 2054 autem
205 2013 401 2069 principe
439 2016 750 2056 Saracenorum
780 2017 912 2070 gentis
944 2016 1176 2070 baptizato,
1209 2017 1386 2057 Severus
1415 2015 1519 2056 dnos

37 2071 258 2125 episcopos
286 2070 448 2113 macula
477 2086 576 2113 suae
607 2073 827 2127 pravitatis
872 2074 1048 2117 infectos
1077 2072 1230 2114 direxit
1258 2072 1296 2112 ei
1327 2086 1520 2112 commu-

38 2126 220 2167 nicandi.
277 2127 347 2170 dei
377 2135 518 2179 autem
546 2129 815 2183 providentia
864 2130 935 2171 ille
964 2129 1018 2171 ab
1050 2129 1298 2170 orthodoxis
1329 2129 1520 2182 baptiza-

38 2191 104 2224 tus
134 2185 287 2235 fuerat,
333 2183 407 2239 qui
441 2186 702 2240 recipiebant
727 2187 966 2227 concilium.
1041 2202 1223 2241 cumque
1256 2186 1398 2226 Severi
1431 2184 1520 2238 epi-

37 2239 152 2295 scopi
183 2240 433 2281 subvertere
474 2243 710 2299 principem
739 2260 761 2283 a
789 2258 891 2283 vcro
923 2243 1118 2298 dogmate
1147 2244 1410 2292 festinarent,
1438 2241 1519 2281 mi-

38 2297 232 2337 rabiliter
268 2312 338 2337 eos
388 2298 527 2352 arguit
567 2299 871 2340 Alamundarus
920 2300 1205 2347 huiuscemodi
1251 2300 1402 2340 fabula.
1461 2298 1521 2337 ait

37 2353 151 2394 enim
171 2353 224 2394 ad
256 2354 371 2394 illos:
404 2355 629 2395 “litteras’'
671 2356 808 2413 inquit
844 2357 1016 2412 “accepi
1049 2357 1189 2408 hodic,
1221 2357 1318 2413 quia
1341 2354 1518 2403 Michael

38 2410 313 2465 archangelus
348 2417 540 2450 mortuus
570 2415 668 2452 est.’'
743 2414 819 2453 illis
851 2429 952 2454 vcro
988 2413 1220 2454 dicentibus
1249 2413 1330 2453 hoc
1358 2412 1516 2465 impos..

37 2467 156 2507 sibile
199 2468 317 2518 fore,
358 2468 415 2506 ait
443 2467 640 2523 princeps
684 2470 754 2510 “ct
783 2470 1001 2525 quomodo
1042 2471 1142 2511 deus
1187 2468 1415 2510 secundum
1444 2481 1517 2507 vos

39 2522 174 2563 nudus
200 2524 420 2563 crucifixus
465 2530 548 2574 est,
578 2526 651 2565 nisi
694 2531 942 2566 naturarum
972 2533 1074 2567 esset
1104 2527 1283 2567 duarum
1314 2524 1516 2575 Christus,

72 2579 385 2636 uandoquidem
416 2595 492 2621 nec
518 2583 685 2637 angelus
714 2583 950 2624 moritur'B'
982 2589 1023 2624 et
1053 2585 1110 2624 ita
1142 2599 1236 2624 cum
1270 2580 1518 2622 confusione

38 2594 184 2678 §everi
214 2643 475 2678 recesserunt
503 2638 705 2694 episcopi.
765 2654 900 2694 porro
942 2641 1126 2681 cabades
1158 2638 1361 2695 quosdam
1391 2638 1518 2678 Chri-

40 2693 216 2744 stianos,
265 2694 339 2750 qui
363 2700 484 2734 erant
515 2710 556 2734 m
587 2696 787 2749 Perside,
814 2697 978 2752 poplite
1006 2697 1248 2747 enervavit,
1279 2695 1351 2751 qui
1380 2701 1519 2735 tamen

40 2750 310 2803 postmodum
340 2751 673 2792 ambulaverunt.

151 2817 362 2860 vicesimo
404 2820 532 2860 tertio
573 2821 742 2876 imperii
782 2824 983 2863 Anastasii
1013 2835 1122 2861 anno
1154 2820 1377 2860 Hormisda
1408 2834 1516 2874 papa
1530 2838 1566 2873 p.
1582 2828 1650 2863 247
