1794 3250
231 172 329 219 294
711 191 767 231 m
806 190 1182 231 THEOPHANEM

227 324 336 364 νους,
366 310 444 350 τοῦ
459 304 676 352 ’Ἰσαακίὸυ
702 309 815 375 ssc'oq,
849 310 1032 351 reddidit
1061 310 1292 362 interpres;
1327 302 1590 364 Theophanis,
1623 311 1694 363 qui

228 378 267 407 ec
291 368 470 407 Isaacius
496 368 622 407 dictus
646 376 722 419 esc,
764 368 876 417 υἱέα,-
906 381 1000 407 cum
1025 373 1193 406 vertere
1225 364 1447 416 debuisset,
1479 364 1520 404 Τ
1514 366 1691 420 heopha-

229 425 289 464 nis
316 424 509 466 IsacizF'.
539 424 637 463 ‘vi-ta
711 429 759 463 ut
800 424 910 463 enim
952 438 975 463 a
1011 422 1098 463 filio
1130 421 1262 476 patris
1305 421 1474 462 nomine
1504 420 1691 460 vocando

229 480 394 545 penitus
438 478 671 520 abhorrent
709 479 884 530 Graeci,
915 479 971 520 ita
1001 495 1023 519 a
1052 478 1187 519 verbis
1214 477 1355 528 hisce,
1386 469 1508 523 ουτος
1532 474 1694 528 πατρὸς

228 535 307 587 μὲν
336 531 420 589 ἐφυ
443 529 600 589 Ἰσαάκ,
632 536 716 576 eius
748 535 818 576 vit
809 552 874 575 1111
891 535 1177 590 Menoloomm
1208 534 1390 584 orditur,
1424 539 1465 573 ct
1495 532 1694 573 Isaacium

229 591 392 645 pariter
437 591 522 633 eius
550 597 716 646 patrem
749 592 913 633 laudata
942 592 1078 632 versio
1113 597 1339 631 memorat.
1400 589 1437 629 Ω.
1465 588 1695 643 Theopha-

231 663 326 687 nem
353 648 465 688 circa
496 647 650 689 Christi
689 663 867 699 annum,
913 654 960 688 ut
1010 648 1098 702 ipse
1128 652 1334 698 numerat,
1365 641 1448 686 744
1476 651 1525 684 ut
1550 645 1696 685 melius

230 704 299 744 alii
326 703 404 745 751
425 705 490 745 vel
508 704 589 746 752
608 705 868 746 Constantini
880 705 1141 760 Copronymi
1164 702 1458 744 duodecimum
1507 702 1696 742 autumni

231 766 476 815 tempestate
507 768 672 802 natum.
707 762 777 816 qui
802 777 980 824 namque
1009 774 1120 801 anno
1142 760 1222 801 755
1256 775 1303 801 ex
1332 758 1519 826 piopriis
1547 773 1697 812 nempe

230 817 422 869 calculis,
463 832 510 857 ex
541 818 857 872 probatioribus
899 815 981 858 763
1026 823 1068 858 et
1099 816 1359 881 Copronymi
1389 814 1442 855 23
1488 815 1698 870 ingentem

229 873 373 928 glaciei
402 875 554 914 molem
586 874 692 914 mari
717 879 1054 928 super-natantem
1085 887 1180 913 cum
1205 873 1350 914 aetatis
1379 871 1559 913 eiusdem
1589 886 1700 926 pue·-

231 930 286 970 ris
315 930 486 983 triginta
504 930 868 985 Constantinopoli
892 929 1168 970 ludibundum
1197 928 1478 970 conscendisse
1508 929 1591 983 (qui
1625 942 1696 967 ae-

230 986 327 1027 tatis
357 986 461 1026 illius
503 986 736 1027 ludentium
777 1001 1012 1041 puerorum
1053 1001 1141 1026 mos
1184 986 1440 1042 agnoscitur)
1484 985 1535 1025 de
1564 985 1699 1050 seipso

230 1042 390 1094 scribit,
424 1042 688 1083 duodennem
717 1043 890 1084 circiter
919 1058 961 1083 se
994 1050 1095 1083 tunc
1137 1044 1313 1083 extitisse
1341 1042 1493 1082 lectori
1523 1041 1701 1082 coniici-

230 1099 382 1138 endum
403 1098 586 1153 suggerit
606 1114 646 1154 p.
663 1098 758 1140 365.
788 1097 829 1140 3.
855 1099 1155 1140 duodennem
1146 1100 1278 1140 uniisse
1300 1098 1540 1153 coniugium
1571 1098 1700 1152 (quod

229 1156 427 1195 Romanis
451 1131 605 1209 legibus
632 1157 815 1197 masculo
843 1155 1031 1196 nondum
1054 1155 1163 1208 licet)
1199 1156 1313 1206 falso,
1357 1161 1404 1195 ut
1428 1130 1607 1195 videtm
1617 1185 1629 1205 ,
1660 1156 1702 1192 in

229 1211 456 1277 Meno'logii
477 1217 589 1253 textu
610 1213 748 1253 asseii.
776 1212 817 1251 4.
835 1227 1013 1252 erronee
1035 1212 1197 1266 pariter
1213 1212 1356 1254 aetatis
1383 1225 1538 1251 annum
1554 1211 1702 1250 vicesi-

228 1283 343 1307 mum
351 1268 545 1324 'primum
568 1283 801 1310 numerasse
813 1268 1136 1323 Theophanem,
1165 1270 1306 1310 Leone
1324 1275 1477 1324 quarto
1496 1267 1704 1307 Constan-

230 1323 365 1364 tiniF.
388 1330 570 1364 mortem
593 1331 835 1381 oppetentc,
856 1325 1008 1366 ibidem
1029 1324 1445 1381 l1gi:quadrimulus
1464 1324 1573 1364 enim
1594 1326 1705 1375 (ante

227 1380 376 1420 Leonis
407 1379 599 1422 videlicet
619 1397 749 1422 annos
770 1382 969 1438 quinque,
1004 1389 1044 1423 et
1057 1359 1320 1423 Constantini
1352 1380 1587 1431 duodecim)
1611 1395 1706 1420 cum

227 1436 349 1476 sociis
380 1436 551 1492 triginta
569 1439 767 1479 mobilem
796 1444 839 1479 et
864 1439 1136 1480 fluctuantem
1166 1445 1342 1493 ponto„
1320 1438 1493 1479 ”laciem
1523 1451 1600 1478 nec
1629 1452 1706 1477 au-

228 1507 294 1532 sus
325 1493 433 1546 ipse,
464 1508 541 1534 nec
571 1495 623 1536 ab
653 1495 879 1537 astantibus
912 1496 954 1536 in
974 1496 1052 1535 CP.
1081 1502 1211 1551 portu
1241 1494 1569 1559 superscendere
1606 1508 1706 1548 per-

231 1550 372 1589 missus
421 1549 575 1591 fuisset.
633 1551 676 1592 5.
730 1551 906 1594 cundem
958 1553 1087 1593 modo
1147 1553 1272 1607 Agri,
1326 1551 1454 1592 modo
1496 1551 1706 1606 Sigrianes

233 1605 521 1659 praepositum
537 1607 837 1663 Theophanem
855 1613 1014 1661 vocari,
1049 1610 1120 1664 qui
1145 1625 1229 1650 non
1247 1624 1366 1660 unus,
1395 1608 1466 1649 sed
1489 1607 1605 1664 quasi
1638 1606 1708 1646 hic

234 1663 285 1702 ιώ
316 1662 450 1702 altero
492 1662 696 1715 diversus,
741 1664 942 1706 scribitur
986 1681 1009 1706 a
1041 1666 1226 1706 Baronio
1268 1665 1319 1706 ad
1353 1680 1508 1705 annum
1542 1665 1586 1704 C.
1624 1662 1709 1704 814

234 1733 346 1759 num.
369 1717 421 1759 31
439 1726 481 1759 et
501 1718 584 1761 816
606 1737 647 1761 ιι.
665 1722 686 1761 1
718 1722 770 1763 de
788 1736 886 1787 quo
916 1728 1015 1762 nota
1047 1737 1142 1763 mox
1170 1721 1467 1778 subiungenda.
1527 1719 1566 1761 6.
1599 1735 1706 1760 con-

233 1775 417 1815 fessionis
446 1790 543 1817 suae
573 1777 798 1831 palmam
786 1793 828 1817 ιιι
869 1779 989 1819 coelo
1011 1779 1310 1834 Theophanem
1339 1785 1531 1818 nostrum
1559 1777 1711 1818 Leonis

234 1831 407 1872 Armeni
449 1832 692 1887 imperantis
737 1850 847 1874 anno
876 1835 901 1874 5
933 1835 1086 1875 Christi
1114 1835 1197 1876 818
1238 1835 1468 1889 excepisse:
1503 1833 1618 1873 cuius
1649 1848 1711 1872 as-

235 1888 335 1929 serti
363 1887 558 1930 adversus
588 1897 868 1931 memoratum
897 1892 1126 1932 Baronium
1165 1892 1266 1932 haec
1287 1890 1588 1932 demonstratio
1620 1903 1713 1930 cer-

236 1944 404 1988 tissima.
477 1946 642 2000 imperii
685 1962 794 1987 anno
827 1948 1010 1988 secundo
1056 1949 1138 1988 iam
1166 1948 1392 2003 completO,
1427 1946 1712 2011 Nicephorum

234 2001 523 2056 patriarcham
541 2003 856 2055 sanctissimum,
879 2004 1036 2044 throno
1067 2011 1109 2046 et
1140 2005 1244 2046 urbe
1273 2012 1500 2056 extorrem,
1526 2004 1566 2043 in
1588 2018 1655 2057 pn
1645 2018 1712 2043 ae-

237 2073 435 2098 concsum
465 2058 531 2113 agi
561 2060 674 2100 iussit
703 2060 853 2115 impius
885 2062 1154 2104 Iconoclasta.
1187 2063 1272 2101 Leo
1297 2064 1514 2111 Armenus,
1546 2075 1592 2100 ex
1607 2062 1714 2099 Leo..

237 2115 298 2155 nis
327 2115 585 2170 grammatici
624 2116 761 2156 verbis
793 2117 920 2157 hisce:
966 2115 987 2156 ὃ
1028 2116 1076 2157 δὲ
1105 2118 1235 2159 Λέων
1271 2114 1380 2168 μετὰ
1423 2114 1502 2157 δύο
1530 2113 1714 2182 χρόνους

238 2172 311 2222 τῆς
350 2171 486 2211 αυτοῦ
513 2171 735 2223 βασιλείας
760 2170 929 2237 μανείς,
967 2188 1038 2214 και
1077 2171 1152 2213 τὸν
1181 2174 1401 2225 στέψαντα
1434 2170 1568 2213 αυτὸν
1593 2173 1714 2212 θεῖον

241 2223 491 2281 Νικνφόρον
547 2227 741 2280 ἑξοοίσας
784 2226 993 2270 Θεόδοτον
1044 2229 1318 2284 πατριάρχην
1369 2227 1715 2282 αυτιχειροτονεῖ.

242 2284 328 2337 ipse
343 2284 428 2324 Leo
458 2284 665 2339 aliquibus
697 2284 872 2325 diebus
863 2301 943 2325 lam
972 2287 1170 2326 salutatus
1199 2287 1446 2340 imperator,
1474 2285 1715 2339 Nicephoro

242 2340 433 2381 diadema
463 2340 593 2394 capiti
625 2342 889 2395 imponente,
917 2342 1182 2407 tyrannidem
1216 2343 1422 2383 invaserat
1451 2358 1560 2382 anno
1590 2341 1715 2380 Chri-

241 2398 292 2437 sti
322 2396 420 2446 814,
453 2397 558 2437 lunii
589 2397 655 2437 die
678 2398 741 2448 12,
785 2398 1013 2439 indictione
1042 2399 1234 2454 septima,
1267 2406 1400 2454 prout
1429 2398 1646 2448 Baronius‚
1676 2402 1718 2436 et

228 2454 473 2509 ‘anonymus
521 2455 704 2494 Graecus
734 2455 864 2495 Leoni
908 2456 1183 2510 grammatico
1229 2457 1377 2497 eodem
1423 2455 1569 2496 codice
1599 2453 1716 2508 regio

241 2510 317 2549 sub
352 2524 527 2550 numero
558 2509 640 2550 713
668 2511 915 2551 coniunctus
935 2511 1156 2561 affirmant,
1187 2512 1378 2552 nonnihil
1407 2527 1428 2551 a
1460 2511 1719 2566 Theophane

242 2572 389 2607 nostro
417 2567 638 2608 variantes.
707 2567 939 2608 declaratus
979 2568 1215 2623 imperator
1263 2570 1379 2609 varia
1412 2569 1596 2618 fortuna,
1624 2581 1718 2607 cum

244 2624 445 2662 Crummo
476 2623 670 2679 principe
686 2624 867 2679 Bulgaro
897 2624 949 2664 ad
978 2625 1077 2665 anni
1105 2626 1315 2681 sequentis
1347 2625 1580 2679 paschalem
1611 2630 1719 2663 tem.-

243 2685 460 2732 pestate1n‚
490 2681 637 2721 eodem
668 2687 881 2745 anonymo
916 2681 1074 2734 praelia
1106 2682 1381 2733 describente,
1415 2681 1614 2731 decertat,
1644 2694 1720 2720 nec

247 2734 360 2774 cinca
392 2737 657 2791 mligionem,
700 2737 742 2777 in
789 2752 874 2791 quo
913 2739 1118 2778 Baronius
1146 2738 1460 2789 hallucinatur,
1496 2738 1721 2793 quicquam

247 2789 433 2836 innovat.
464 2793 563 2832 anni
592 2792 675 2834 815
694 2799 735 2835 et
755 2793 994 2835 indictionis
1015 2801 1227 2846 octavae,
1237 2795 1407 2837 ineunte
1436 2809 1548 2846 vere,
1567 2795 1722 2835 Cium-
