1768 3268
271 206 363 258 156
478 211 759 257 ANASTASH
799 210 1060 255 HISTORIA
1100 208 1511 252 ECCLESIASTICA

265 330 411 371 fluvius
435 330 638 371 meatibus
665 342 834 381 carens,
866 327 937 383 qui
978 331 1116 367 artum
1144 330 1315 380 pontem
1358 322 1486 363 habet
1526 327 1572 362 et.
1596 330 1727 377 angu-

261 388 354 426 stias
393 401 497 441 prae
531 385 860 427 habitationibus
903 384 1079 433 multas,
1103 396 1180 422 nec
1221 395 1305 420 non
1351 384 1393 419 et
1430 377 1577 420 foetidi
1606 380 1726 420 rivi.”

262 443 496 496 imperator
534 457 636 498 ergo
682 442 855 482 consilio
900 454 995 480 cum
1029 438 1290 493 principibus
1331 435 1435 476 inito
1469 443 1512 477 et
1541 436 1726 476 exercitu

260 500 367 539 sedit
395 499 438 540 in
470 500 627 555 palatio
669 497 847 539 Bechal:
890 495 1050 550 reperit
1080 495 1235 550 quippe
1275 492 1316 531 in
1348 506 1432 532 una
1465 506 1513 534 ex
1541 492 1730 547 portici-

260 555 337 595 bus
364 556 449 596 eius
473 555 674 611 saginatas
711 568 802 595 aves
831 559 1065 602 trecentas,
1104 558 1145 592 et
1178 551 1216 589 in
1246 549 1324 589 alia
1352 548 1525 603 porticu
1554 563 1726 603 capreas

258 612 458 668 saginatas
487 613 757 667 quingentas,
796 624 930 664 porro
961 609 1002 647 in
1035 608 1112 647 alia
1142 606 1346 660 saginatos
1389 619 1515 660 agnos
1541 611 1724 657 centum,

260 683 366 723 quae
392 668 553 723 populo
585 674 737 709 cuncta
769 665 953 707 donavit.
1013 668 1055 704 et
1083 662 1278 703 kalendas
1309 661 1521 702 Ianuarias
1548 661 1632 702 illic
1659 662 1726 702 fe..

260 730 420 764 cerunt.
455 724 635 779 denique
663 723 836 764 inventis
867 721 1011 762 ovibus
1039 724 1082 760 et
1111 719 1252 773 porcis
1284 724 1327 759 et
1353 717 1504 768 hobus,
1537 732 1725 773 quorum

258 794 341 820 non
371 786 462 821 erat
493 794 699 832 numerus,
727 778 935 834 requievit
964 775 1144 832 populus
1180 774 1409 825 universus,
1439 773 1653 829 epulantes
1681 781 1726 816 et

257 836 534 890 glorificantes
560 836 695 877 deum.
751 841 972 890 praeterea
997 831 1303 886 comprehensis
1332 831 1388 872 eis
1415 831 1489 886 qui
1518 831 1593 872 ista
1620 845 1726 872 con·

257 893 476 942 ferebant,
510 892 747 933 didicerunt
786 891 837 931 ab
880 889 956 930 illis
996 888 1189 944 liquidius
1225 886 1342 943 quod
1378 888 1586 929 Chosroes
1615 903 1638 928 a
1668 886 1726 928 23

258 949 324 989 die
351 949 591 990 Decembris
622 948 768 990 mensis
786 977 798 997 ‚
831 952 1049 1001 comperto
1083 943 1199 1001 quod
1230 945 1466 999 imperator
1496 944 1724 985 transiisset

124 1011 243 1060 p.494
255 1011 426 1059 pontem
466 1006 662 1057 Tornae,
712 1003 930 1045 confestim
977 1007 1114 1043 motus
1158 1001 1289 1042 fuerit
1334 1000 1387 1042 de
1416 1000 1575 1055 palatio
1605 1001 1724 1056 quod

255 1068 346 1102 crat
374 1062 415 1101 in
445 1060 691 1116 Dastagerd,
718 1074 814 1101 cum
840 1073 987 1114 magna
1023 1057 1330 1113 Ctisiphontem
1364 1058 1579 1099 celeritate
1610 1058 1722 1111 peti-

254 1123 385 1170 turus,
412 1117 567 1158 onustis
597 1131 645 1158 ex
674 1117 866 1158 omnibus
894 1115 1108 1171 pecuniis,
1138 1129 1238 1169 quas
1269 1114 1452 1155 habehat
1479 1114 1522 1154 in
1551 1114 1726 1168 palatio,

253 1180 339 1214 tam
367 1173 649 1228 elephantibus
665 1188 790 1230 quam
811 1172 978 1213 camelis
997 1178 1123 1227 atque
1154 1171 1418 1212 burdonibus
1437 1172 1471 1223 Ἰ)
1502 1170 1723 1211 ministerii

251 1230 326 1280 sui,
354 1230 535 1271 scribens
578 1236 620 1270 et
645 1230 807 1285 populo
835 1229 995 1269 Rhazat
1031 1235 1079 1269 ut
1108 1227 1433 1283 ingrederentur
1462 1226 1573 1268 idem
1600 1226 1722 1281 pala..

251 1286 355 1325 tium
400 1292 441 1327 et
481 1285 719 1342 principum
765 1285 936 1336 domos,
973 1290 1015 1327 et
1055 1284 1258 1340 quicquid
1295 1284 1336 1325 in
1369 1283 1724 1326 hisiuveniretur

250 1343 476 1383 auferrent.
547 1342 690 1398 itaque
735 1343 970 1397 imperator
1013 1341 1235 1382 dimidium
1276 1341 1446 1396 quidem
1489 1340 1722 1382 exercitum

247 1398 355 1439 misit
383 1399 436 1439 ad
462 1398 707 1454 Dastagerd,
741 1399 829 1454 ipse
858 1413 962 1440 vero
991 1412 1072 1453 per
1100 1397 1223 1440 aliam
1251 1398 1362 1438 viam
1390 1397 1495 1438 abiit
1523 1397 1576 1438 ad
1605 1396 1722 1438 aliud

246 1454 447 1508 palatium
495 1456 610 1511 quod
661 1455 1041 1511 cognominabatur
1075 1454 1336 1496 Bebdarach.
1423 1460 1466 1496 et
1514 1453 1577 1494 his
1600 1488 1603 1490 .
1630 1453 1720 1494 rui-

247 1511 309 1550 nis
341 1517 383 1551 et
422 1511 506 1567 igni
543 1511 708 1553 traditis
747 1512 899 1566 gratias
942 1526 1065 1566 egere
1092 1511 1198 1559 deo,
1242 1510 1315 1566 qui
1345 1525 1425 1566 per
1453 1510 1720 1552 intercessio-

248 1582 317 1608 nes
347 1565 412 1607 dei
439 1568 648 1623 genitricis
689 1568 787 1609 talia
815 1568 1017 1609 miracula
1056 1574 1225 1622 patrat:
1267 1567 1357 1623 quis
1391 1567 1502 1609 enim
1530 1566 1720 1621 speravit

247 1638 430 1679 unquam
459 1625 601 1679 fugere
631 1624 845 1666 Chosroen
877 1641 900 1665 a
937 1624 1044 1665 facie
1076 1624 1255 1665 Romani
1290 1624 1494 1678 principis
1523 1624 1574 1665 de
1603 1623 1732 1678 pala-s

248 1681 313 1720 tiis
350 1681 428 1721 suis
470 1695 575 1735 quae
613 1689 733 1722 erant
771 1683 813 1722 in
842 1680 1102 1736 Dastagerd‚
1143 1687 1185 1721 et
1221 1686 1368 1735 petere
1396 1680 1720 1735 Ctssiphontem,

248 1736 347 1776 dum
376 1752 397 1776 a
414 1737 560 1791 viginti
590 1744 792 1793 quattuor
820 1739 935 1779 annis
952 1752 1092 1792 passus
1118 1736 1428 1792 Ctisiphontem
1455 1738 1604 1778 videre
1632 1751 1719 1777 non

246 1793 388 1843 fuerit,
420 1794 490 1834 sed
523 1794 564 1833 in
592 1794 822 1850 Dastagerd
851 1794 1006 1850 regalia
1037 1794 1129 1835 eius
1154 1801 1288 1835 erant.
1359 1795 1613 1835 invenerunt
1638 1809 1722 1833 an·-

245 1855 331 1890 tem
360 1849 506 1904 populi
535 1851 818 1892 Romanorum
850 1851 893 1891 in
921 1851 1083 1906 palatiis
1113 1849 1198 1891 cius
1230 1849 1344 1905 apud
1371 1850 1607 1906 Dastagerd
1634 1848 1719 1891 300

246 1906 531 1946 Romanorum
560 1907 709 1959 banda,
741 1922 848 1963 quae
875 1922 955 1963 per
983 1908 1377 1962 diversaceperunt
1408 1913 1616 1962 tempora.
1650 1907 1719 1946 in-

246 1968 453 2002 venerunt
489 1963 611 2003 etiam
640 1971 682 2004 et
710 1965 889 2017 specieS‚
933 1979 1042 2020 quae
1071 1971 1384 2016 remanserant,
1414 1965 1578 2015 multas,
1607 1964 1718 2004 aloes

245 2018 402 2059 scilicet
428 2020 598 2059 multam
616 2051 628 2071 ‚
655 2026 696 2060 et
725 2021 832 2074 ligna
861 2021 953 2061 aloe
977 2036 1148 2075 magna,
1178 2036 1227 2062 ex
1257 2021 1408 2076 quibus
1440 2019 1718 2076 unumquod-

249 2089 333 2129 que
363 2073 416 2114 70
445 2075 607 2128 pondus
635 2075 816 2117 habebat
856 2077 921 2118 vel
950 2076 1003 2118 80
1034 2078 1254 2128 librarum,
1285 2083 1329 2118 et
1355 2077 1535 2118 sericum
1564 2076 1718 2131 copio-

245 2144 348 2180 sum,
371 2145 419 2171 ac
438 2131 574 2184 piper,
597 2138 638 2172 et
654 2133 876 2174 chalbasias
892 2135 946 2184 **)
977 2134 1159 2175 camisias
1188 2134 1350 2186 multas,
1378 2134 1527 2174 sachar
1545 2148 1718 2189 quoque

245 2193 372 2242 atque
401 2187 586 2241 zingiber
615 2194 655 2229 et
676 2189 772 2228 alias
794 2189 947 2244 species
965 2191 1076 2230 ultra
1107 2205 1343 2231 mensuram
1375 2192 1442 2232 vel
1469 2205 1715 2237 numerum;

248 2236 417 2298 quidam
443 2258 543 2284 vero
558 2251 599 2284 et
618 2251 838 2299 argentum
860 2252 902 2287 et
923 2245 1155 2289 holoserica
1176 2247 1434 2299 vestimenta,
1463 2246 1718 2287 lectisternia

246 2313 318 2340 seu
348 2314 424 2339 acu
453 2301 607 2354 tapetia
637 2308 853 2353 contexta,
896 2317 1078 2358 quorum
1118 2311 1210 2346 erat
1239 2304 1363 2358 copia
1393 2303 1540 2353 multa,
1570 2309 1717 2343 erant-

248 2369 330 2412 que
357 2357 496 2396 omnia
527 2357 637 2397 bona
663 2358 810 2410 valde,
839 2373 946 2414 quae
981 2365 1212 2415 propterea
1243 2361 1360 2417 quod
1389 2360 1534 2417 gravia
1562 2365 1712 2410 essent,

295 2506 325 2551 ⁶)
354 2505 597 2553 burdonibus]
626 2508 741 2542 utitur
778 2509 954 2554 Ulpianus
980 2511 1018 2544 in
1042 2511 1112 2558 leg.
1139 2513 1186 2547 49
1211 2513 1256 2547 de
1293 2514 1401 2558 legat.
1427 2511 1451 2547 3
1500 2510 1715 2555 chrysosto-

341 2566 420 2587 mus
448 2565 504 2601 ep.
535 2554 598 2588 14:
623 2554 703 2590 εἶτα
732 2554 751 2591 ὁ
775 2557 926 2602 βόρὸων
957 2557 978 2593 ὁ
1004 2561 1133 2605 φέρων
1165 2561 1272 2609 ἡμῶν
1296 2563 1339 2597 τό
1362 2562 1559 2596 lentatur.
1586 2558 1714 2593 Theo-

342 2600 497 2646 phanes:
527 2601 619 2638 ὅταν
644 2605 697 2642 εἰς
720 2604 941 2650 βουρδώνην
957 2609 1182 2656 καθέζωμαι.
1210 2607 1581 2643 ConstantinusTact.
1597 2618 1633 2652 p.
1651 2607 1713 2639 12:

339 2650 398 2694 ἔχε
429 2649 468 2684 δὲ
495 2654 558 2685 καὶ
582 2651 764 2698 βορδόνια
789 2655 852 2686 καὶ
879 2654 1055 2700 lundom-
1106 2656 1198 2691 adde
1227 2658 1400 2691 Ioannem
1426 2654 1616 2691 Moschum
1645 2654 1711 2688 Li—

339 2707 435 2730 mon.
465 2698 530 2732 101
557 2705 594 2733 et
623 2699 704 2741 125,
729 2700 822 2734 nist.
847 2701 947 2747 Trip.
975 2702 995 2736 7
1020 2702 1053 2737 5.
1103 2704 1208 2739 Fun.

268 2769 318 2819 ’Ἴ
340 2769 621 2856 (ilieagbasliffissv.
634 2774 843 2821 Hieronymi
868 2777 1058 2823 epistolam
1083 2779 1131 2814 ad
1151 2779 1337 2816 Fabiolam
1364 2784 1402 2815 et
1428 2779 1536 2826 gloss·
1563 2776 1611 2812 ad
1639 2776 1711 2811 Ce-
