1768 3268
240 224 303 269 30
458 221 739 265 ANASTAsn
785 219 1047 263 HISTORIA
1089 214 1507 260 ECCLESIASTICA

239 343 342 385 ergo
375 329 645 382 impugnator
676 326 743 367 dei
774 325 815 365 in
850 323 1094 381 primordiis
1127 321 1390 377 praedicatus
1422 320 1464 360 in
1496 317 1718 375 apostolo..

241 402 334 426 rum
364 385 591 425 occisiones
623 384 753 424 elatus
784 389 868 423 est:
919 397 1014 422 nam
1043 382 1193 421 Paulus
1221 378 1333 433 apud
1364 378 1512 418 urbem
1541 377 1721 416 Romam

239 444 375 498 capite
405 447 637 490 truncatus,
660 442 808 481 Petrus
838 445 977 479 autem
1009 439 1152 478 eculeo
1185 443 1245 477 est
1274 432 1531 490 suspensus.”
1592 448 1720 489 quam

236 500 453 540 historiam
494 497 738 539 credibilem
773 496 914 537 reddit
943 495 1062 535 Pauli
1105 494 1307 549 Petrique
1352 492 1566 546 narratio,
1612 505 1722 547 quae

236 571 366 612 usque
396 557 436 595 in
469 569 661 610 praesens
701 555 742 594 in
785 552 1046 594 coemeteriis
1089 550 1173 590 illic
1201 549 1346 605 positis
1375 549 1600 590 retinetur.
1658 547 1722 587 his

235 613 362 654 etiam
389 613 508 652 Caius
540 611 795 662 historicus,
828 611 894 650 vir
921 608 1246 658 ecclesiasticus,
1278 607 1424 647 similia
1454 606 1617 657 scribit,
1646 606 1721 660 qui

235 685 331 711 cum
363 669 603 725 Zephyrino
636 668 834 723 episcopo
867 667 1056 706 Romano
1086 665 1281 705 adversus
1307 663 1520 719 quendam
1551 664 1720 704 Procu-

237 728 323 767 lum
354 726 665 782 Cataphrygam
701 724 913 779 disputans
943 723 1046 764 dicit
1085 726 1190 776 “ego
1221 728 1401 775 tropaea
1428 720 1721 775 apostolorum

107 783 223 831 p=645
237 783 385 834 habeo,
417 798 523 839 quae
555 780 802 823 ostendam:
844 781 876 821 si
906 779 1018 821 enim
1056 779 1238 819 volueris
1278 793 1459 833 pergere
1488 778 1555 818 via
1588 777 1720 832 regali

237 856 345 896 quae
372 839 423 879 ad
454 839 704 880 Vaticanum
736 837 865 890 ducit,
895 843 968 877 aut
996 836 1048 877 ad
1088 836 1197 876 viam
1226 835 1500 887 Hostiensem,
1534 835 1720 875 invenies

236 903 412 952 tropaea
440 911 590 937 eorum
621 896 693 951 qui
715 895 823 935 hanc
843 893 1109 935 stabilierunt
1130 892 1382 934 ecclesiam.''
1439 892 1502 933 his
1532 905 1720 933 consona

236 961 277 994 et
295 953 519 1010 Dionysius
536 952 778 993 Corinthius
813 951 972 1002 scribit,
1004 950 1188 991 indicans
1210 949 1326 1006 quod
1355 964 1433 1005 per
1467 949 1579 990 idem
1608 955 1720 990 tem-

233 1025 311 1065 pus
341 1010 601 1066 martyrizati
619 1010 804 1060 fuerunt,
836 1008 894 1049 ita
919 1007 1060 1048 dicens
1092 1007 1190 1048 “sed
1223 1014 1265 1049 et
1284 1021 1355 1047 vos
1378 1007 1577 1048 habentes
1599 1021 1718 1046 com-

233 1068 465 1120 motionem
496 1082 519 1107 a
549 1067 679 1107 Petro
720 1072 762 1106 et
802 1065 934 1106 Paulo
975 1064 1282 1119 plantationem
1310 1065 1525 1104 Romanae
1557 1069 1601 1105 et
1631 1063 1720 1103 Co-

235 1123 491 1164 rinthiorum
523 1123 720 1164 ecclesiae
750 1120 1033 1162 coniunxistis.
1104 1121 1259 1162 etenim
1299 1121 1422 1162 simul
1453 1119 1718 1162 advenientes

233 1187 275 1222 et
307 1181 346 1221 in
382 1187 523 1221 nostra
541 1179 864 1220 Corinthiorum
893 1178 1064 1219 ecclesia
1096 1178 1337 1219 docuerunt
1369 1184 1411 1219 et
1439 1193 1519 1234 per
1551 1192 1719 1219 omnem

232 1237 392 1278 Italiam
411 1269 422 1289 ,
467 1243 592 1292 atque
633 1237 673 1276 in
707 1235 786 1276 hac
817 1236 924 1276 urbe
952 1235 1074 1275 simul
1119 1234 1318 1276 docentes
1349 1235 1477 1276 etiam
1507 1234 1717 1291 martyrio

231 1309 315 1334 uno
362 1295 592 1349 eodemque
635 1299 828 1348 tempore
877 1292 1074 1333 coronati
1114 1294 1250 1332 sunt.''
1325 1293 1561 1334 secundum
1602 1293 1717 1333 idem

230 1357 392 1405 tempus
433 1349 508 1390 sub
538 1352 703 1391 Nerone
742 1349 961 1404 pollebant
999 1350 1158 1389 Romae
1190 1355 1343 1403 poetae
1379 1351 1586 1402 Lucanus,
1609 1350 1718 1390 Ovi..

230 1408 331 1462 dius,
362 1407 531 1464 satyrici
563 1407 765 1447 luvenalis
795 1412 837 1447 et
857 1406 1042 1461 Persius,
1069 1406 1313 1460 Senecaque
1333 1407 1534 1462 tragicuS,
1569 1409 1718 1448 Muso-

228 1464 318 1504 nius
353 1472 480 1520 atque
504 1463 753 1504 Plutarchus
782 1461 1038 1518 philosophi.
1071 1464 1363 1504 Romanorum
1393 1465 1591 1506 ecclesiae
1621 1468 1720 1520 post

227 1522 403 1563 Petrum
434 1535 640 1561 summum
665 1521 792 1561 Linus
821 1521 960 1562 extitit
990 1520 1172 1575 praesul.

340 1595 487 1635 Mundi
512 1609 619 1635 anno
641 1593 765 1647 5565,
798 1594 963 1635 divinae
987 1594 1288 1636 incarnationis
1319 1609 1431 1635 anno
1449 1593 1518 1649 65,
1547 1596 1717 1636 Nerone

228 1651 413 1706 turpiter
445 1651 531 1692 vita
576 1652 713 1691 soluto
756 1652 953 1706 septimus
982 1652 1259 1706 Vespasianus
1299 1667 1323 1692 a
1368 1651 1571 1694 militibus
1600 1651 1715 1707 apud

228 1708 422 1749 Iudaeam
468 1709 701 1763 imperator
742 1710 1033 1749 Romanorum
1062 1709 1295 1764 appellatus
1326 1715 1402 1750 est.
1480 1708 1594 1764 apud
1628 1712 1714 1750 lta-

228 1765 324 1804 liam
364 1779 464 1805 vero
501 1766 633 1806 Galba
665 1764 862 1806 Hiberiae
909 1773 1086 1820 praetor
1117 1767 1285 1807 veniens
1314 1767 1493 1808 Romam
1529 1767 1714 1822 imperat

226 1822 431 1861 mensibus
460 1828 641 1877 septem;
672 1837 797 1877 quem
827 1823 942 1863 Otho
977 1838 1082 1862 unus
1113 1839 1159 1863 ex
1186 1823 1421 1864 senioribus
1453 1825 1711 1865 interficiens

229 1878 407 1933 imperat
433 1880 591 1920 Romae
620 1880 824 1919 mensibus
854 1880 1013 1928 tribus;
1057 1895 1143 1936 quo
1178 1880 1374 1921 Vitellius
1402 1881 1543 1922 occiso
1572 1880 1711 1937 impe-

94 1939 215 1988 p.646
229 1941 295 1975 rat
325 1936 529 1976 mensibus
559 1943 670 1976 octo.
728 1935 796 1976 hic
825 1937 1026 1977 Sabinum
1072 1939 1248 1978 fratrem
1279 1939 1522 1994 Vespasiani
1552 1939 1711 1980 timore

227 1992 268 2032 in
296 1992 548 2046 Capitolium
577 1994 804 2047 fugientem
834 1994 872 2033 in
894 1996 1052 2049 templo
1074 1995 1185 2035 Iovis
1217 1996 1400 2049 peremit
1432 2001 1474 2036 et
1501 1996 1711 2051 templum

226 2048 444 2089 subvertit.
505 2062 651 2089 verum
680 2049 765 2105 ipse
797 2066 820 2090 a
849 2052 1094 2092 Domitiano
1143 2053 1310 2094 iuniore
1343 2052 1587 2107 Vespasiani
1619 2053 1709 2094 filio

226 2107 419 2159 protinus
453 2106 690 2146 interfectus
725 2112 795 2147 est.
871 2108 970 2149 Tito
1006 2124 1186 2164 namque
1224 2111 1392 2150 seniore
1424 2111 1512 2150 filio
1547 2110 1601 2151 ad
1632 2111 1708 2151 de-

222 2160 437 2202 bellandos
468 2162 641 2203 Iudaeos
687 2162 915 2218 derelicto,
949 2166 1225 2220 Vespasianus
1264 2167 1305 2207 in
1338 2168 1560 2208 Graeciam
1591 2167 1709 2208 venit

223 2219 418 2272 gaudem,
449 2225 495 2259 ut
511 2219 661 2260 Graeci
690 2220 890 2276 fatentur,
925 2223 966 2262 in
998 2222 1059 2263 his
1080 2238 1187 2278 quae
1217 2224 1416 2265 audiebat
1447 2241 1469 2264 a
1495 2222 1708 2281 Tyanensi

221 2275 448 2329 Apollonio
481 2275 531 2316 de
562 2282 753 2330 tempore
784 2278 951 2332 imperii
981 2295 1027 2320 ac
1057 2281 1206 2321 ceteris
1236 2280 1357 2322 bonis
1385 2282 1604 2338 fortioris,
1637 2283 1706 2322 lo..

223 2346 352 2386 quens
382 2346 476 2371 cum
519 2347 568 2372 eo
602 2333 716 2386 apud
747 2334 1004 2390 Aegyptum,
1048 2338 1099 2376 ab
1136 2337 1242 2378 ludis
1281 2345 1324 2379 et
1354 2338 1625 2380 Brachmanis
1655 2353 1704 2379 ac

220 2387 570 2443 gymnosophistis
598 2389 682 2429 illic
713 2389 955 2445 degentibus
987 2394 1206 2436 redeunte.
1264 2409 1362 2436 cum
1392 2411 1496 2451 ergo
1527 2396 1705 2437 venisset

222 2445 265 2484 in
292 2445 523 2496 Helladem,
558 2446 672 2501 cepit
702 2448 864 2503 refugas
896 2449 1099 2491 civitates.
1179 2452 1360 2508 denique
1388 2454 1566 2493 Romam
1594 2467 1705 2507 pro-

220 2501 351 2542 fectus
395 2500 620 2556 imperavit
667 2510 842 2558 ornate,
876 2507 1031 2547 Neroni
1061 2508 1275 2564 resistens,
1306 2517 1348 2552 et
1376 2510 1625 2552 substantias
1655 2524 1705 2550 ac

223 2557 317 2598 iura
351 2573 550 2599 revocans
581 2559 709 2600 urbis.

338 2631 484 2672 Mundi
516 2647 626 2673 anno
657 2631 790 2685 5566,
825 2634 987 2677 divinae
1031 2636 1331 2682 incarnationis
1363 2654 1473 2682 anno
1505 2636 1583 2692 66,
1615 2642 1704 2680 An..

225 2687 408 2728 tIOchiae
451 2690 629 2743 Ignatius
672 2690 890 2746 episcopus
934 2694 1065 2735 deifer
1105 2697 1293 2738 habetur.
1368 2698 1500 2753 igitur
1540 2697 1703 2751 primus

225 2745 548 2799 alienigenarum
596 2762 666 2787 rex
716 2748 965 2790 ludaeorum
993 2752 1177 2794 Herodes
1218 2755 1309 2808 suit,
1344 2755 1415 2811 qui
1449 2767 1605 2808 pueros
1636 2755 1703 2794 in·-

90 2816 126 2852 p.
141 2803 213 2840 648
226 2802 407 2848 terfecit‚
439 2803 550 2841 annis
581 2798 659 2851 37;
693 2804 916 2845 Archelaus
939 2808 1043 2849 filius
1074 2811 1158 2849 eius
1181 2812 1362 2858 annis9;
1393 2810 1580 2852 Herodes
1611 2812 1702 2850 fra-

227 2865 293 2900 ter
334 2858 418 2899 eius
452 2860 565 2899 annis
599 2860 673 2909 24;
707 2862 920 2917 Agrippa,
952 2866 1023 2919 qui
1060 2874 1099 2906 et
1131 2868 1333 2921 Herodes,
1365 2868 1470 2909 filius
1501 2868 1700 2921 Herodis,
