1728 3184
204 190 300 242 340
700 198 754 239 m
795 195 1169 239 TnEOPHANEM

199 314 798 374 nethavtegiptfiptffliotspov
848 318 1076 372 προσέχειν
1115 315 1175 372 τῷ
1225 313 1394 372 πολέμῳ
1440 313 1674 368 μαγγάνοις

198 373 410 424 παντοίοις
432 373 746 430 μηχανώμενοι.
814 372 889 415 τὸν
926 371 1009 428 γὰρ
1040 370 1168 414 τόπον
1197 367 1378 412 ἅπαντα.
1437 369 1475 412 οἱ
1506 372 1553 412 δὲ
1581 375 1671 412 λοι-

197 432 272 471 ποί
297 430 340 472 ἐν
368 436 454 480 τοῖς
491 432 793 484 κατατέλμασι.
866 428 1039 478 ὁπλίτας
1074 428 1340 470 α’πέκτειναν.
1398 426 1559 482 κύμασι
1588 429 1674 469 δἐι-

196 488 278 535 ναῖς
305 485 680 539 καταντλούμενος.

312 558 380 611 60,
403 559 446 601 6.
505 556 550 608 ὃς
582 560 777 608 α’τενίσας
808 564 894 608 τοῖς
924 553 1182 614 ὄφθαλμοῖς]
1214 557 1374 613 reliqua
1411 558 1575 613 penitus
1605 558 1673 599 di..

198 631 315 659 versa
345 617 387 656 in
415 619 605 672 praefato
646 617 849 658 chronico
881 615 1149 657 consulenda.

308 690 414 732 Ibid.
449 690 512 731 18.
580 686 873 738 Κωνστάντιος
923 687 945 729 ὃ
984 681 1249 741 Αὔγουστος]
1293 686 1396 728 haec
1437 686 1670 736 chronicon

196 746 306 787 idem
335 746 388 786 ad
418 748 591 788 verbum
623 761 731 787 anno
767 747 999 788 Constantii
1035 745 1099 796 14,
1131 745 1203 785 ubi
1237 746 1337 784 haee
1373 743 1544 798 legimus
1577 742 1672 783 ὄνο-

194 801 339 854 μάσας
371 800 512 856 αὕτόν,
541 803 667 845 habet
710 799 1013 856 μετονομάσας.
1081 802 1362 857 Hieronymus
1395 801 1436 840 in
1466 799 1670 841 chronico

196 874 305 900 anno
337 859 499 900 eodem.
556 863 670 903 cuius
702 875 847 902 nomen
879 875 951 901 suo
979 867 1220 900 mutaverat
1250 859 1532 899 Constantius.-
1565 858 1672 899 scri-

193 915 257 957 bit
284 916 456 958 Victor.

308 994 378 1044 61,
412 994 452 1034 4.
511 976 555 1036 οἷ
592 989 700 1035 κατὰ
742 991 1038 1048 Παλαιστίνην
1073 992 1294 1044 Ἰουδαῖοι]
1327 992 1472 1033 eadem
1506 993 1673 1034 exhibet

193 1050 425 1092 chronicon
443 1051 688 1107 Hieronymi
719 1066 828 1091 anno
858 1051 1090 1091 Constantii
1125 1050 1188 1101 15,
1219 1057 1262 1090 et
1292 1049 1490 1090 nonnulla
1520 1056 1671 1091 notatu

194 1108 318 1165 digna
350 1108 551 1163 adiungit.
608 1108 903 1148 Theodoretus
935 1122 1105 1163 quoque
1137 1106 1204 1147 lib.
1239 1102 1266 1146 4
1295 1121 1388 1160 cap.
1421 1104 1461 1146 6.

302 1181 408 1222 Ibid.
426 1179 466 1222 9.
525 1177 826 1229 Κωνστάντιος
856 1177 1073 1236 Λιβερίῳ]
1105 1179 1399 1221 Theodoretus
1428 1178 1497 1219 lib.
1517 1178 1543 1220 2
1573 1193 1667 1234 cap.

195 1237 245 1278 16
276 1245 317 1278 et
350 1237 417 1289 17,
449 1238 703 1278 Sozomenus
733 1232 846 1278 lib.4
878 1252 969 1293 cap.
1005 1237 1069 1288 10,
1104 1237 1177 1292 qui
1208 1252 1259 1276 ex
1286 1235 1489 1276 historiae
1518 1236 1670 1278 ordine

188 1294 496 1335 Mediolanense
527 1293 926 1336 conciliumLiherii
958 1294 1080 1335 exilio
1110 1292 1353 1349 praeponit,
1384 1298 1432 1332 ut
1460 1299 1502 1334 et
1523 1292 1670 1334 Theo-

188 1350 363 1392 doretus
395 1351 470 1391 lib.
505 1351 623 1392 citati
654 1366 744 1406 cap.
775 1350 837 1392 15.

300 1424 411 1467 Ibid.
443 1424 507 1465 11.
565 1420 672 1464 κατὰ
707 1419 785 1478 την
814 1418 1099 1478 Βρεττανίαν]
1132 1438 1178 1462 ex
1208 1421 1448 1477 Nicephoro
1481 1422 1668 1475 Callisto,

186 1479 332 1522 histor.
366 1481 516 1535 tripar.
547 1480 760 1531 Baronio,
791 1487 834 1522 et
875 1481 960 1521 aliis
991 1480 1165 1519 laudatis
1197 1479 1439 1520 auctoribus
1471 1481 1667 1521 restituto

187 1533 293 1577 κατὰ
328 1535 407 1590 τὴν
446 1537 661 1591 Βερροιάν
693 1538 766 1590 τῆς
799 1535 988 1593 Θρᾴκης.

300 1619 368 1671 62,
398 1619 439 1661 6.
494 1618 703 1674 Δάμασος
733 1618 802 1674 ἔτη
834 1619 903 1677 ιη’]
934 1621 1050 1675 Regii
1094 1620 1271 1660 canonia
1301 1625 1343 1660 et
1371 1634 1567 1662 numeros
1598 1636 1667 1661 er-

189 1691 339 1717 rorum
380 1679 511 1718 larvas
555 1693 638 1719 esse
680 1678 840 1718 monui.
910 1679 961 1718 ad
1008 1677 1169 1732 reliqua
1211 1678 1244 1718 si
1276 1677 1575 1730 emendaveris,
1604 1678 1693 1719 len

188 1748 257 1788 ges
289 1731 362 1787 κη’.

302 1807 410 1847 Ibid.
445 1806 484 1848 7.
543 1804 562 1847 ὅ
595 1804 758 1854 Γάλλος
789 1803 1097 1857 Κωνστάντιος]
1143 1807 1332 1847 narratio
1362 1807 1530 1847 mutatis
1555 1822 1664 1860 pau..

186 1862 272 1902 lum
302 1864 438 1905 verbis
485 1879 532 1904 ex
563 1865 748 1904 Socratis
797 1864 867 1903 lib.
901 1864 925 1903 2
972 1878 1064 1917 cap.
1098 1862 1163 1912 27,
1205 1871 1246 1903 et
1285 1863 1509 1904 Sozomeni
1539 1864 1609 1904 lib.
1638 1863 1667 1903 4

187 1934 280 1974 cap.
317 1917 343 1959 6
374 1935 591 1975 expressa:
625 1921 675 1960 de
707 1936 788 1976 qua
818 1920 1082 1960 Marcellinus
1112 1919 1184 1960 lib.
1217 1919 1279 1964 14.

298 2005 411 2045 Ibid.
447 2005 508 2044 11.
586 2001 848 2058 Θαλάμωνα]
882 2000 1094 2056 Φλάβωνα
1136 2004 1282 2045 Istriae
1317 2005 1491 2045 insulam
1522 2004 1665 2059 legunt

187 2062 380 2101 Socrates
412 2066 454 2101 et
483 2062 749 2101 Sozomenus.

261 2194 263 2197 .
298 2145 404 2184 Ibid.
438 2144 505 2185 12.
571 2139 800 2186 Ἰουλιανόν
844 2143 891 2184 δὲ
922 2140 1071 2184 τούτου
1113 2140 1319 2200 ἀδελφόν]
1350 2159 1396 2185 ex
1426 2145 1662 2186 Sozomeno

185 2199 259 2240 lib.
292 2196 320 2240 4
347 2215 437 2254 cap.
469 2201 506 2251 2,
551 2216 658 2255 quae
688 2216 797 2241 anno
841 2201 1074 2241 Constantii
1125 2200 1174 2241 18
1217 2208 1330 2256 gesta
1375 2202 1530 2243 docent
1570 2203 1663 2242 fasti

185 2257 422 2297 consulares
450 2273 472 2297 a
513 2258 687 2297 Socrate
716 2265 758 2296 et
794 2258 1030 2298 Sozomeno
1073 2258 1190 2297 citati
1231 2264 1328 2298 ante
1373 2258 1546 2298 alteram
1581 2273 1661 2298 no-

186 2320 283 2363 tam,
317 2314 597 2369 Hieronymus
629 2314 670 2353 in
703 2313 919 2368 chronico,
951 2320 991 2355 et
1021 2314 1255 2354 chronicon
1292 2314 1629 2355 Alexandrinum.

296 2397 402 2438 Ibid.
439 2398 503 2438 15.
576 2393 782 2448 Δάμασος
814 2394 885 2452 ἔτη
924 2395 994 2452 ιη’]
1045 2405 1170 2440 notae
1214 2400 1443 2455 superioris
1486 2406 1663 2455 quartae

184 2468 418 2494 memorem
451 2455 546 2494 volo
577 2454 792 2495 lectorem.

296 2527 404 2566 Ibid.
435 2524 499 2567 16.
556 2524 759 2578 Μάξιμον
778 2523 852 2567 τὸν
875 2525 1195 2582 Ἱεροσολύμων]
1228 2529 1449 2569 immemor
1467 2528 1530 2569 sni
1560 2543 1662 2568 nar-

182 2588 251 2622 rat
277 2575 381 2623 haec
404 2581 702 2637 Theophanes:
733 2583 806 2638 qui
836 2583 888 2623 ad
911 2584 1134 2623 Hilarionis
1152 2585 1539 2640 Hierosolymorum
1568 2586 1662 2638 epi..

181 2639 298 2692 scopi
328 2639 533 2694 Cyrillum
569 2640 809 2694 excipientis
839 2655 992 2680 annum
1026 2642 1223 2695 primum,
1254 2647 1296 2682 et
1326 2641 1557 2681 Constantii
1587 2642 1661 2681 de-

181 2694 336 2734 cimum
367 2711 539 2747 nonum,
569 2696 697 2750 ipsius
721 2696 865 2752 Cyrilli
897 2704 994 2750 post
1013 2697 1239 2738 Maximum
1269 2698 1573 2738 institutionem
1590 2712 1660 2737 re-

180 2751 277 2791 fert.
339 2753 393 2792 ad
421 2768 575 2792 annum
595 2753 827 2792 Constantii
862 2753 1157 2795 duodecimum
1175 2755 1343 2796 Maximi
1365 2761 1546 2796 mortem
1579 2754 1659 2795 ha-

180 2807 254 2848 bet
284 2807 567 2864 Hieronymus
598 2809 639 2850 in
673 2809 893 2850 chronice.
