1728 3184
674 212 878 256 NOTAE.
1389 205 1486 257 437

130 330 336 385 283,1-9.·
380 328 684 386 Αὕγουστέως]
727 333 1006 387 Augusteum,
1037 333 1310 387 opsoniorum
1348 333 1490 374 forum

18 389 287 444 appellatum,
317 387 433 443 quod
462 387 594 428 idibus
611 388 810 428 Octobris
841 388 1062 442 regionum
1092 396 1324 439 curatores
1354 395 1397 430 et
1412 391 1491 431 Se-

16 445 267 501 bastophori
296 444 338 484 in
370 445 540 501 Augusti
564 445 769 485 honorem
791 445 847 484 ibi
877 445 1104 496 saltarent3
1134 446 1198 485 vel
1226 445 1340 501 quod
1371 448 1492 486 con-

14 502 187 543 stantini
217 507 261 542 et
298 478 481 543 Helenae
517 506 679 542 statuae
708 501 750 540 in
782 514 834 541 eo
874 507 1008 542 essent
1036 508 1217 542 erectae.
1276 502 1421 543 Suidas
1450 518 1488 542 v.

15 556 321 611 Αὕγουστεῖον

107 627 305 682 284,1.
373 626 602 671 Ἰουλιανόν
641 626 842 683 Πρόβου]
886 630 1086 669 lulianum
1125 645 1220 669 cum
1261 631 1412 671 coniux
1415 631 1490 671 «ntis

16 694 225 727 memorat
262 686 496 726 chronicon
531 685 727 726 Alexand.
757 686 948 726 Probum
982 686 1159 741 vaatii
1190 687 1490 727 consobiinum

15 743 293 794 Marcellinus,
322 748 365 783 et
391 743 629 796 Procopius
660 741 730 785 lib.
770 742 789 782 1
823 743 874 783 de
902 742 1010 782 bello
1043 743 1232 783 Persico.

128 815 238 856 Ibid.
252 814 292 857 5.
350 814 509 866 ξενῶνα
538 814 617 855 τοῦ
636 812 846 870 Σαμψών]
878 831 900 855 a
918 816 1191 855 Constantino
1213 814 1491 858 aedificatum.

16 871 322 927 euchologium.

126 944 238 985 Ibid.
270 942 310 987 7.
380 941 427 983 ἐκ
453 942 720 1011 τετραὲιτου]
761 943 994 984 chronicon
1036 944 1362 985 Alexandrinum
1393 946 1492 999 legit

12 997 94 1040 σὺν
124 1003 214 1048 τοῖς
240 1000 451 1055 φοβεροῖς,
480 1015 548 1040 και
580 1000 851 1050 θαυμαστοῖς
881 1001 989 1041 κίοσι
1023 1001 1127 1040 πᾶσι
1155 1002 1200 1042 ἐκ
1228 1002 1491 1055 τετραέντου·

13 1057 206 1112 adeoque
236 1056 527 1097 columnarum
556 1058 802 1110 mateiiam,
830 1063 873 1097 et
900 1057 1121 1098 mannoris
1155 1072 1280 1112 genus
1313 1071 1392 1098 vox
1423 1058 1491 1097 ina

11 1114 236 1168 peregrina
270 1112 438 1156 indicat

126 1186 233 1227 Ibid.
261 1184 324 1226 18.
381 1183 466 1224 α’πὸ
499 1184 774 1240 Φλαβιανῶι]
808 1184 1039 1225 chronicon
1062 1186 1382 1228 Alexandrinum
1414 1189 1491 1228 ha-

12 1243 87 1284 bet
115 1239 199 1283 ἀπὸ
235 1241 593 1282 Κωνσταντινῶν·
652 1248 695 1281 at
723 1249 811 1281 tam
842 1243 1117 1292 Constantini,
1150 1259 1274 1299 quam
1302 1245 1491 1285 Flaviani

11 1302 132 1340 fuere
181 1297 402 1351 legionarii
459 1298 748 1338 comitatenses
810 1300 885 1339 sub
936 1300 1132 1354 magistro
1185 1301 1364 1342 militum
1409 1316 1488 1355 per

11 1354 227 1405 Thracias,
258 1370 281 1394 a
306 1354 452 1394 Flavio
483 1355 772 1405 Constantino,
805 1356 877 1410 qui
907 1371 1089 1409 magnus,
1122 1357 1315 1397 instituti.
1375 1358 1491 1399 noti-

12 1412 71 1452 tia
97 1412 199 1466 imp.
232 1410 398 1451 Orient.
429 1416 471 1450 et
499 1411 760 1451 Pincirollus
793 1412 833 1451 in
863 1427 952 1452 eam
987 1427 1078 1467 cz.=p
1105 1412 1172 1452 53.

126 1483 235 1527 Ibid.
276 1482 340 1524 19.
398 1481 638 1538 διακόσιοι]
698 1485 932 1527 οΙιιοιιίεοιι
982 1486 1091 1526 idem
1138 1482 1348 1526 διακόσιοι
1394 1499 1490 1526 πεν-

8 1537 201 1596 τήκοντα.

119 1612 230 1657 Ibid.
286 1608 543 1665 λουρικᾰτοι]
580 1612 690 1653 idem
721 1614 948 1669 φοροῦντες
996 1610 1143 1667 ζαβάς.
1189 1613 1322 1666 zaba,
1352 1615 1491 1656 lorica

8 1670 231 1712 cucullata.
264 1669 484 1711 Meursius.

120 1736 219 1788 285,
247 1738 291 1779 2.
352 1736 414 1784 εἷς
454 1732 505 1777 τὰ
549 1734 754 1790 λεγόμενα
782 1732 1030 1788 Πούλπιτα]
1074 1738 1207 1777 locum
1238 1738 1351 1778 hunc
1379 1744 1491 1778 tacet

6 1793 247 1849 Procopius
279 1793 332 1835 de
359 1793 471 1834 bello
502 1794 673 1834 Persico
707 1794 777 1833 lib.
799 1795 835 1843 1,
863 1800 1031 1834 caetera
1063 1794 1264 1835 describit
1294 1795 1491 1835 enuclea-

6 1851 101 1893 tius.
159 1850 305 1891 eadem
336 1850 572 1890 chronicon
603 1850 942 1891 Alexandrinum.

120 1918 227 1959 Ibid.
256 1911 435 1958 onio-‘hv
466 1918 545 1958 τοῦ
570 1915 851 1970 καθίσμαιος]
879 1917 1129 1972 Procopius.
1160 1917 1229 1957 ubi
1269 1919 1492 1972 tmperator

4 1974 220 2014 consistere
245 1975 475 2025 consuevit,
503 1989 553 2015 ac
592 1984 768 2029 equestre
794 1975 1108 2031 gymnicumque
1139 1974 1284 2014 solitus
1310 1983 1368 2014 est
1397 1989 1490 2029 spe-

9 2039 125 2071 ctare
147 2039 371 2071 certamen.
430 2030 555 2070 iufra.
589 2033 844 2085 Augusteum
874 2033 1059 2071 thronum
1092 2037 1322 2084 nuncupat.

64 2155 99 2200 λ
127 2103 234 2208 {bid
264 2101 307 2144 6.
361 2099 658 2158 σπαθαρίουςξ]
698 2105 926 2156 Cedrenus,
955 2100 1209 2158 σπαθάριος,
1242 2100 1263 2142 ὂ
1294 2115 1490 2156 σωματο

46 2174 71 2200 υ
102 2173 128 2199 α

9 2172 43 2215 φ
117 2225 230 2272 Ibid.
259 2225 300 2268 8.
359 2222 542 2281 ρογεύω]
572 2225 703 2283 erogo,
735 2227 947 2270 di'.str1buo
987 2228 1177 2282 superius
1211 2227 1263 2268 de
1291 2241 1407 2281 roga·

118 2298 230 2340 Ibid.
264 2295 329 2340 14.
388 2298 460 2339 διὰ
500 2302 572 2353 τῆς
601 2299 851 2355 σφενδόνης]
896 2316 947 2341 an
977 2297 1185 2356 σφενδόνη
1231 2300 1358 2340 fuerit
1385 2299 1488 2339 circi

2 2351 231 2410 ἇφετηριᾋα
263 2371 411 2397 carcer
430 2356 629 2398 nimirum
659 2373 706 2397 ex
737 2372 839 2413 qu0,
871 2359 988 2398 velut
1018 2358 1203 2408 efunda
1232 2357 1347 2410 lapiS,
1379 2369 1485 2409 pro-

2 2413 232 2453 currebant
262 2413 458 2468 aurigae,
487 2413 553 2453 vel
586 2420 730 2454 utinm
776 2414 878 2454 circi
910 2429 1007 2468 pars
1039 2420 1236 2462 extrema,
1271 2418 1313 2452 et
1344 2426 1484 2465 oppo-

0 2466 95 2519 sita,
124 2483 233 2533 quae
259 2479 394 2520 meta,
438 2475 480 2509 et
507 2467 699 2521 καμπτὸς
732 2470 885 2510 Suidae
922 2486 958 2510 ν.
989 2469 1164 2521 βαλβίς,
1212 2468 1327 2523 quod
1359 2483 1406 2507 ex
1438 2481 1486 2506 ea

3 2520 89 2565 «luo
119 2524 224 2565 circi
256 2525 469 2567 curricula
496 2532 539 2567 et
557 2526 691 2581 spatia
724 2533 908 2582 spectata
938 2525 1112 2567 fundam
1146 2526 1345 2576 referant,
1377 2523 1487 2564 divi·

0 2585 76 2622 net
101 2581 217 2622 alius.

117 2648 328 2690 Ibid.1.5
387 2647 460 2691 διά
494 2663 563 2690 τοι
599 2647 859 2702 μονοποίτου]
887 2650 1120 2691 chronicon
1156 2646 1378 2688 Alexandr.
1410 2641 1484 2685 διὰ

0 2702 76 2745 πό
102 2701 384 2770 μονοπόρτου.
452 2706 666 2761 Rigaltius.
705 2703 964 2759 μονοπάτια,
1005 2707 1156 2746 itinera
1193 2708 1381 2772 angusta,
1407 2716 1488 2766 per

0 2759 2 2762 ⁸
63 2774 111 2801 ae
144 2762 217 2802 uui
245 2768 410 2802 tantum
441 2769 559 2817 patet
586 2764 777 2805 incessus.
833 2766 1089 2817 Anonymus.
1120 2757 1342 2824 ὀφείλουσι
1371 2758 1419 2798 δὲ
1445 2753 1484 2797 οἱ

74 2829 120 2858 ον
147 2818 225 2860 τοῦ
254 2817 464 2873 τάγματος
493 2817 651 2875 μικράς
669 2814 797 2868 ὁδοὺς
824 2819 1061 2876 ἀφορίζειν,
1084 2812 1137 2859 τά
1169 2810 1377 2868 λεγόμενα
1406 2826 1486 2866 μο-
