1768 3268
272 219 366 269 114
453 187 735 270 ANASTASil
777 224 1037 268 HISTORIA
1077 221 1488 267 ECCLESIASTICA

268 344 349 399 gias
381 342 465 383 illas
495 341 669 383 exuvias.
728 340 870 396 itaque
900 339 1030 395 legem
1064 339 1185 394 ponit
1214 338 1437 378 Persarum
1466 349 1550 387 rex,
1585 336 1736 377 confu..

267 402 423 440 sionem
458 413 542 439 non
569 399 719 448 ferens,
746 411 960 452 nunquam
1003 397 1081 436 iam
1111 397 1332 436 Persarum
1372 407 1512 446 regem
1544 392 1585 432 in
1610 407 1738 447 prae..

268 456 367 496 lium
398 469 671 511 egressurum.
730 460 773 493 at
802 467 904 494 vero
931 455 1140 494 Romanus
1186 451 1387 492 exercitus
1416 449 1593 491 Persicis
1620 450 1740 491 adie-

140 525 254 573 p‚387
269 514 325 553 cit
354 512 582 563 aerumnis,
627 517 669 552 et
700 510 751 551 ad
791 510 936 550 intima
973 508 1147 550 Persidis
1182 506 1456 562 properavit,
1487 513 1531 547 et
1559 507 1739 546 multum

266 569 350 610 illic
377 568 582 610 excidium
615 573 656 609 et
692 566 977 622 captivitatem
1020 565 1230 620 patravit,
1263 563 1508 618 perveniens
1538 564 1663 605 etiam
1695 564 1738 604 in

265 625 447 667 medium
477 624 677 680 Hyrcanii
703 624 844 664 maris.
905 638 998 663 cum
1032 629 1170 662 autem
1201 621 1326 661 hiems
1347 620 1518 672 adesset,
1550 635 1636 661 non
1669 635 1737 661 re-

265 688 511 724 meaverunt
529 681 714 733 Quirites
743 680 795 720 ad
822 679 1014 735 propria,
1044 678 1115 718 sed
1138 678 1178 717 in
1199 677 1370 718 Perside
1396 676 1576 718 hiemem
1601 683 1740 718 trans-

266 745 453 793 egerunt.
525 752 658 792 porro
701 736 851 778 eodem
881 751 989 776 anno
1021 735 1160 789 coepit
1191 733 1410 774 aedificare
1431 733 1625 775 Tiberius
1654 748 1739 788 pu-

264 791 421 838 blicam
442 794 781 844 Blachernarum,
813 799 853 833 et
882 791 1102 833 renovavit
1133 791 1281 832 multas
1314 790 1504 832 ecclesias
1535 797 1578 832 et
1608 805 1738 831 xeno-

266 853 414 893 dochia
459 858 500 892 ct
537 849 883 906 gerontocomia,
921 849 1119 905 iussitque
1167 862 1209 888 se
1247 847 1375 889 scribi
1416 847 1458 888 in
1495 847 1738 903 phoeniceis

266 909 415 950 litteris
445 907 662 950 Tiberium
694 905 1030 947 Constantinum.

380 977 544 1033 Quarto
578 980 744 1035 imperii
773 979 932 1020 Tiberii
963 992 1072 1019 anno
1105 983 1296 1019 mortuus
1326 982 1387 1019 est
1401 977 1633 1034 Eutycbius
1660 993 1737 1033 pa-

266 1038 480 1090 triarcha,
530 1043 571 1078 et
610 1042 832 1092 promotus
869 1043 930 1077 est
963 1042 1058 1090 post
1102 1034 1186 1075 dies
1213 1049 1279 1075 sex
1312 1035 1484 1076 Ioannes
1511 1035 1738 1086 ieiunatur,

266 1110 438 1150 magnae
467 1094 661 1135 ecclesiae
693 1093 902 1133 diaconus.
969 1092 1202 1146 imperator
1244 1097 1384 1132 autem
1422 1092 1616 1133 Tiberius
1650 1106 1738 1132 em-

264 1153 346 1207 ptis
380 1151 631 1205 corporibus
663 1149 877 1204 gentilium
906 1148 1124 1190 constituit
1154 1147 1345 1189 militiam
1370 1148 1411 1189 in
1443 1163 1596 1190 nomen
1629 1163 1740 1204 pro-

266 1209 418 1263 prium,
450 1207 642 1247 amiciens
674 1214 715 1247 et
743 1220 905 1246 armans
947 1220 1015 1246 eos
1055 1205 1097 1244 in
1125 1205 1240 1245 milia
1272 1205 1527 1261 quindecim,
1557 1205 1658 1247 dans
1683 1205 1740 1246 eis

268 1265 414 1305 ducem
442 1262 694 1304 Mauricium
723 1262 918 1302 comitem
949 1261 1280 1313 foederatorum,
1312 1268 1354 1303 et
1384 1262 1612 1304 subducem
1629 1262 1739 1302 Nar-

265 1336 347 1373 sen,
376 1328 417 1362 et
446 1320 555 1360 misit
584 1334 652 1360 eos
695 1324 843 1359 contra
877 1319 1035 1359 Persas.
1107 1319 1220 1360 bello
1249 1325 1389 1360 antem
1431 1321 1543 1360 facto
1586 1332 1738 1375 magno

264 1378 399 1418 valide
448 1376 626 1417 Romani
664 1375 844 1416 victores
884 1375 1146 1427 efficiuntur,
1176 1381 1219 1417 et
1260 1376 1525 1417 abstulerunt
1552 1391 1575 1416 a
1603 1376 1739 1417 Persis

264 1434 448 1474 civitates
477 1439 518 1473 et
547 1433 748 1488 regiones,
781 1447 881 1486 quas
912 1432 988 1472 sub
1013 1432 1237 1473 Iustiniano
1270 1439 1471 1488 ceperant
1499 1438 1542 1474 et
1567 1433 1738 1473 Iustino.

265 1490 403 1531 abiens
432 1497 570 1530 autem
610 1489 835 1529 Mauricius
875 1489 1286 1543 Constantinopolim
1323 1496 1536 1544 susceptus
1585 1493 1646 1531 est
1685 1490 1736 1530 ab

264 1547 522 1601 imperatore
551 1561 645 1586 cum
669 1546 825 1601 ingenti
854 1545 1033 1597 bonore,
1063 1552 1105 1586 et
1131 1546 1364 1600 publicavit
1380 1546 1574 1587 Tiberius
1604 1546 1740 1587 victo·

265 1604 345 1643 rias
386 1602 592 1654 Mauricii‚
621 1608 663 1643 et
702 1617 901 1656 generum
953 1602 1064 1643 hunc
1111 1602 1275 1643 admisit
1319 1602 1371 1643 ad
1422 1603 1743 1648 Constantinam

268 1660 392 1700 filiam
430 1674 557 1699 suam.
635 1659 822 1699 similiter
861 1666 905 1699 et
945 1661 1158 1699 Germano
1207 1659 1399 1714 praetori
1444 1660 1577 1701 iunxit
1614 1660 1742 1700 filiam

87 1735 122 1769 p.
138 1723 208 1759 388
233 1723 380 1758 osuam
412 1715 598 1767 Charito,
633 1722 858 1771 utrumque
880 1717 1098 1757 Caesarem
1128 1730 1286 1757 creans.
1345 1731 1486 1758 mense
1515 1731 1617 1758 vero
1653 1720 1741 1757 Au-

268 1779 386 1828 gusto
419 1786 539 1811 mora
573 1772 790 1812 comedens
821 1773 1052 1825 matutina,
1101 1773 1192 1814 visu
1225 1772 1348 1829 digna
1387 1773 1458 1814 sed
1506 1779 1740 1828 corrupta,

267 1829 421 1883 pthisin
449 1829 640 1868 incurrit.
719 1836 760 1870 et
790 1844 885 1869 cum
912 1836 1014 1870 esset
1051 1831 1297 1884 moriturus,
1325 1830 1463 1870 accito
1495 1830 1743 1885 patriarcha

256 1888 424 1926 'Ioanne
453 1891 577 1939 atque
608 1891 751 1926 senatu
780 1901 860 1926 una
892 1900 987 1925 cum
1019 1886 1196 1938 militiis,
1235 1887 1276 1926 in
1320 1887 1593 1928 tribunalium
1619 1888 1743 1928 lecti..

269 1958 315 1982 ca
359 1948 418 1982 est
451 1941 722 1995 deportatu53
767 1949 808 1983 et
839 1944 936 1998 quia
973 1943 1092 1999 loqui
1131 1958 1216 1984 non
1249 1949 1448 1998 poterat,
1479 1958 1558 1999 per
1587 1958 1742 1999 epana-

270 1998 513 2053 gnosticon,
556 2013 660 2053 quae
708 1999 828 2039 rebus
855 2001 1146 2040 Romanorum
1185 2007 1308 2041 erant
1349 2000 1492 2051 utilia,
1526 2002 1742 2042 manifesta

270 2054 431 2109 populo
463 2054 574 2105 fecit,
603 2060 644 2095 et
662 2055 908 2095 Mauricium
937 2071 1137 2110 generum
1168 2070 1289 2096 suum
1320 2057 1528 2099 nuntiavit
1557 2058 1742 2112 impera-

271 2117 422 2154 torem.
480 2110 621 2166 itaque
650 2125 744 2151 cum
772 2127 911 2153 omncs
948 2114 1213 2167 imperatoris
1246 2113 1482 2155 laudassent
1523 2115 1742 2155 consilium

272 2175 400 2223 atque
430 2167 679 2206 Mauricium
709 2169 1034 2222 imperatorem,
1078 2185 1303 2212 conversus
1333 2170 1529 2212 Tiberius
1558 2171 1600 2211 in
1629 2171 1741 2212 lecto

271 2238 345 2264 suo
374 2223 481 2263 diem
515 2224 633 2275 obiit,
661 2238 755 2264 cum
785 2233 992 2279 regnasset
1022 2227 1137 2267 annis
1165 2228 1314 2280 tribus,
1343 2228 1555 2269 mensibus
1584 2227 1743 2280 decem,

274 2280 418 2321 diebus
448 2285 562 2320 octo.

385 2337 534 2376 Mundi
560 2352 668 2377 anno
690 2335 812 2388 6075,
846 2338 1008 2381 divinae
1026 2339 1324 2382 incarnationis
1358 2356 1469 2382 anno
1491 2341 1587 2395 575,
1619 2343 1742 2382 Mau-

91 2417 127 2453 Ρ,
142 2404 211 2441 389
238 2405 260 2440 6
275 2393 399 2434 ricius
419 2393 600 2447 imperat
617 2411 626 2442 ;
643 2393 873 2448 eodemque
891 2411 1000 2437 anno
1026 2397 1234 2453 legatione
1257 2399 1492 2453 funguntur
1507 2401 1658 2439 Avares
1691 2397 1744 2437 ad

273 2450 572 2504 imperatorem
588 2450 850 2501 Mam-icium,
882 2453 953 2506 qui
979 2460 1073 2494 ante
1090 2455 1219 2495 breve
1238 2462 1402 2510 tempus
1425 2456 1623 2496 Sirmium
1641 2455 1743 2495 sub-

272 2513 468 2560 egerant,
499 2507 700 2560 insignem
719 2506 931 2548 civitatem
953 2510 1180 2564 Europae,
1212 2513 1470 2566 postulantes
1502 2512 1743 2567 octuaginta

272 2562 435 2603 milibus
468 2562 577 2614 auri,
609 2578 715 2618 quae
747 2563 1005 2617 accipiebant
1024 2581 1101 2620 per
1131 2583 1275 2620 annos,
1305 2570 1542 2610 aRomanis
1565 2569 1643 2609 alia
1672 2583 1744 2609 su.-

272 2619 446 2672 peraddi
479 2619 652 2673 viginti:
686 2620 917 2674 imperator
965 2630 1103 2663 autem
1142 2638 1290 2678 pacem
1321 2625 1514 2667 affectans
1556 2626 1641 2666 hoc
1666 2623 1744 2665 ad-

273 2675 394 2714 misit.
450 2675 601 2729 petivit
618 2681 757 2716 autem
784 2675 835 2716 ad
863 2676 1087 2719 videndum
1118 2681 1196 2721 sibi
1221 2689 1262 2723 et
1282 2682 1560 2736 elephantem,
1591 2680 1743 2722 animal

274 2731 477 2780 Indicum,
505 2732 640 2780 mitti;
672 2732 741 2773 cui
761 2732 994 2786 imperator
1018 2735 1220 2778 maiorem
1244 2740 1434 2780 omnibus
1452 2739 1587 2786 misit;
1619 2752 1744 2794 quem

275 2786 341 2826 ille
371 2788 501 2827 visum
531 2789 688 2829 remisit
717 2788 769 2829 ad
799 2789 1112 2844 imperatorem.
1187 2794 1378 2836 similiter
1409 2803 1451 2836 et
1481 2797 1635 2837 lectum
1666 2809 1743 2834 au-

275 2856 393 2883 reum
422 2843 500 2885 sibi
529 2845 638 2886 mitti
669 2845 813 2901 petiit;
846 2845 918 2887 sed
947 2853 990 2888 et
1019 2847 1100 2890 hoe
1133 2850 1369 2907 imperator
1396 2852 1507 2895 misit
1540 2852 1594 2894 ad
1625 2865 1740 2894 eum:
