1768 3268
262 193 355 245 146
459 200 739 244 ANASTAsn
782 199 1043 243 HISTORIA
1088 195 1501 242 ECCLESIASTICA

256 337 448 377 pugnam.
507 328 605 362 orto
647 328 783 362 autem
814 323 923 373 sole,
953 327 995 361 et
1032 321 1288 376 imperatore
1318 318 1367 358 nd
1398 317 1620 358 Orientem
1651 332 1718 358 re..

255 386 390 430 porto,
423 380 563 419 Persas
596 380 888 420 obtenebravit
917 378 1054 419 radius
1087 392 1209 431 quem
1236 374 1471 415 adorabant
1499 381 1546 414 ut
1581 373 1718 417 deum.

255 433 488 489 imperator
517 441 655 476 autem
687 436 803 475 finxit
835 436 1037 489 populum
1079 448 1198 474 suum
1237 431 1349 487 qu'asi
1380 431 1420 470 in
1452 431 1590 485 fugam
1618 445 1718 471 ver..

253 507 355 531 sum.
414 497 457 531 at
485 492 542 532 illi
569 493 772 532 solventes
798 492 1014 546 phalanges
1038 491 1110 530 hos
1138 491 1223 529 sine
1254 488 1492 528 retentione
1520 488 1716 542 persequi

253 547 553 589 existimabant.
614 549 802 588 conversi
832 562 931 602 ergo
961 547 1137 588 Romani
1166 546 1239 585 bos
1277 558 1411 599 aequo
1446 543 1585 584 animo
1618 558 1717 585 ver-

113 620 148 655 p.
172 609 239 646 471
255 610 423 655 terunt,
455 619 502 645 ex
547 605 605 644 his
635 606 770 644 multis
800 605 1038 659 peremptis.
1113 603 1373 657 insequentes
1403 607 1541 641 autem
1573 615 1642 641 eos
1674 600 1716 640 iu

253 666 454 707 montem,
483 661 523 700 in
552 660 799 715 praecipitia
832 667 872 700 et
906 660 991 700 loca
1023 658 1141 699 devia
1172 658 1443 708 innnsseruut,
1472 659 1631 698 cunctis
1666 656 1719 696 il..

250 717 296 757 lis
326 718 531 758 contritis.
573 718 682 758 inter
709 733 755 759 ea
784 717 1029 772 praecipitia
1059 729 1155 756 vero
1187 715 1316 754 instar
1343 728 1570 768 caprarum
1597 714 1717 754 silve-

249 773 395 813 strium
428 774 713 814 morabantur.
784 773 933 814 multos
979 778 1116 813 autem
1147 772 1269 811 etiam
1300 770 1484 811 viventes
1515 785 1715 825 compre-

249 830 501 870 henderunt.
532 835 735 884 ceperunt
763 844 933 885 quoque
962 835 1003 869 et
1032 829 1183 869 borum
1216 827 1443 868 exercitum
1476 832 1518 867 et
1548 842 1730 868 omnem.

247 887 573 941 suppellectilem
605 887 805 941 ipsorum.
864 900 998 941 porro
1020 884 1196 926 Romani
1231 884 1403 926 extensis
1438 883 1481 923 in
1511 884 1714 925 excelsum

248 943 436 985 manibus
484 943 561 983 deo
608 944 759 997 gratias
789 943 1038 993 referebant,
1078 948 1120 982 et
1150 956 1231 996 pro
1262 942 1537 996 imperatore,
1570 940 1715 997 qui-se

246 999 352 1040 bene
390 1005 648 1054 portaverat,
682 999 966 1040 indeficienter
997 999 1186 1039 orabant.
1246 998 1320 1054 qui
1346 997 1458 1039 enim
1487 1002 1608 1039 antea
1635 1012 1714 1038 nec

245 1055 460 1096 Persicum
499 1056 708 1099 audebant
748 1055 892 1097 videre
931 1056 1168 1111 pulverem,
1209 1069 1320 1096 nunc
1356 1054 1531 1095 immota
1563 1068 1714 1095 eorum

246 1112 411 1152 inventa
441 1112 708 1152 tabernacula
745 1112 938 1167 spoliant.
1005 1112 1096 1168 quis
1129 1112 1240 1153 enim
1277 1110 1463 1168 speravit
1488 1111 1713 1152 Persarum

245 1168 557 1223 inexpugnabile
585 1183 708 1223 genus
739 1170 862 1209 dorsa
892 1168 1092 1210 daturum
1132 1183 1319 1225 unquam
1346 1167 1574 1210 Romanis?
1632 1167 1711 1208 ita-

240 1239 323 1279 que
349 1219 579 1280 imlkrator
608 1224 789 1266 exercitu
818 1240 915 1265 cum
942 1232 1144 1280 praetore
1170 1227 1222 1267 ad
1255 1224 1522 1268 hiemandum
1554 1224 1596 1264 in
1625 1225 1711 1266 Ar-

239 1281 371 1321 menia
406 1281 604 1322 derelicto
640 1281 651 1320 i
684 1296 726 1322 se
756 1281 1003 1338 Byzantium
1030 1282 1172 1324 rediit.

293 1354 296 1358 ’
346 1335 491 1377 Mundi
521 1352 628 1378 anno
651 1296 773 1389 8114,
807 1338 973 1381 divinae
1004 1338 1302 1381 incarnationis
1335 1352 1446 1379 anno
1464 1333 1560 1388 614,
1595 1352 1708 1378 anno

236 1393 400 1447 imperii
430 1394 492 1434 sui
523 1393 572 1434 13
603 1395 816 1436 Heraclius
847 1397 1060 1450 profectus
1091 1412 1115 1437 a
1147 1396 1261 1452 regia
1293 1395 1401 1436 urbe
1440 1394 1637 1436 celeriter
1666 1393 1709 1434 in

236 1450 470 1490 Armeniam
501 1452 764 1506 properavit.
837 1453 1042 1495 Chosroes
1073 1460 1214 1494 autem
1242 1453 1468 1493 Persarum
1497 1465 1568 1492 rex
1597 1450 1710 1492 misit

100 1524 134 1558 p.
154 1511 223 1548 472
235 1506 495 1547 Sarbanazan
524 1522 619 1548 cum
649 1509 831 1550 exercitu
856 1524 931 1550 suo
953 1511 992 1550 in
1009 1511 1300 1551 Romanorum
1332 1514 1492 1550 terram
1509 1507 1708 1549 intrandi.

234 1563 447 1605 Heraclius
478 1571 615 1605 autem
642 1565 849 1607 scribebat
878 1566 931 1607 ad
951 1567 1166 1608 Chosroen
1198 1573 1245 1607 ut
1275 1570 1348 1605 aut
1379 1579 1528 1620 pacem
1555 1565 1711 1619 ample-

235 1626 435 1675 cteretur,
471 1627 543 1662 aut
570 1636 611 1662 se
639 1622 763 1663 sciret
790 1637 886 1664 cum
915 1624 1101 1665 exercitu
1138 1638 1215 1665 suo
1243 1621 1459 1663 Persidem
1500 1621 1708 1676 ingressu..

235 1691 343 1717 rum.
374 1677 575 1719 Chosroes
595 1686 733 1719 autem
752 1694 828 1720 nec
844 1694 990 1735 pacem
1009 1680 1344 1736 amplectebatur
1365 1693 1442 1719 nec
1461 1693 1607 1719 verum
1627 1678 1708 1718 He-

235 1733 352 1773 raclii
381 1747 614 1775 sermonem
643 1736 963 1779 arbitrabatur:
1006 1752 1091 1778 non
1126 1737 1238 1779 enim
1266 1736 1423 1777 audere
1451 1735 1568 1775 illum
1597 1734 1706 1775 Per-

234 1789 310 1830 sidi
342 1791 684 1846 appropinquare
704 1794 898 1847 putabat.
956 1809 1055 1836 sane
1086 1794 1322 1849 imperator
1353 1792 1404 1833 12
1435 1791 1706 1833 calendarum

234 1846 437 1886 Maiarum
471 1847 670 1902 ingressus
707 1855 766 1890 est
804 1850 1035 1892 Persidem.
1110 1865 1197 1907 quo
1234 1850 1441 1891 Chosroes
1477 1854 1703 1902 comPerto

236 1902 498 1943 Sarbanazan
531 1905 686 1946 reverti
715 1905 843 1959 iussit,
881 1914 921 1949 et
950 1908 1134 1950 collectis
1165 1922 1212 1949 ex
1238 1912 1330 1947 tota
1348 1905 1520 1948 Perside
1547 1904 1704 1945 militiis

236 1958 340 2007 suls,
373 1965 415 2000 et
451 1960 612 2001 traditis
643 1964 698 2018 eis
727 1963 855 2016 Sain,
898 1965 1099 2007 velociter
1128 1963 1306 2006 adunari
1343 1978 1410 2005 eas
1441 1961 1704 2003 Sarbanazae

237 2015 367 2067 iussit,
398 2023 439 2056 et
469 2016 526 2057 ita
554 2023 701 2058 contra
732 2019 1029 2074 imperatorem
1066 2021 1320 2078 procedere·
1376 2018 1593 2060 Heraclius
1625 2033 1720 2058 au·-¹

233 2077 319 2135 tem
350 2072 553 2112 advocato
586 2075 768 2115 exercitu
797 2091 871 2117 suo
898 2079 1035 2119 verbis
1053 2074 1352 2120 exhortatoriis
1384 2076 1586 2117 incitabat
1617 2089 1702 2125 eos,

234 2127 374 2192 dicens
393 2129 500 2169 “viri
519 2131 677 2182 fratres,
697 2132 761 2173 dei
781 2133 975 2175 timorem
991 2136 1032 2176 in
1052 2142 1234 2176 mentem
1252 2148 1480 2182 sumamus;
1504 2132 1704 2172 iniuriam

234 2198 319 2249 eius
352 2185 569 2240 requirere
590 2194 829 2242 satagamus,
886 2198 1037 2234 stemus
1067 2192 1240 2234 fortiter
1269 2190 1467 2232 adversus
1499 2187 1703 2239 inimicos,

233 2255 304 2294 qni
335 2242 465 2305 multa
493 2242 584 2283 dira
605 2243 646 2283 in
663 2245 904 2288 Christianis
934 2249 1101 2303 operati
1129 2253 1240 2291 sunt.
1265 2260 1534 2289 revereamur
1546 2246 1706 2286 Roma-

234 2310 386 2361 nprum
413 2299 651 2353 imperium,
682 2303 796 2356 quod
825 2304 887 2346 sui
918 2303 1043 2359 ipsius
1073 2313 1115 2347 ct
1144 2320 1231 2346 non
1262 2305 1432 2346 alterius
1477 2309 1538 2346 est
1568 2302 1705 2344 domi-

235 2367 289 2402 ¹¹¹,
322 2359 364 2394 et
395 2360 545 2396 stemus
576 2355 767 2398 adversus
811 2359 949 2402 hostes
991 2363 1127 2418 impiis
1159 2361 1249 2404 telis
1280 2366 1481 2402 armatos.
1550 2359 1704 2399 indua-

235 2424 322 2473 mus
361 2410 484 2475 {idem
539 2413 907 2470 interemptionum
959 2417 1338 2474 interemptricem.
1422 2415 1703 2471 recogitemus

237 2479 333 2528 qjssa
365 2473 475 2508 intra
502 2469 723 2510 Persarum
753 2479 911 2514 terram
943 2476 1218 2526 consistimus,
1253 2482 1296 2517 et
1322 2475 1462 2529 ingens
1490 2475 1588 2529 fuga
1622 2487 1704 2527 pe-

238 2522 414 2588 riculum
454 2525 549 2568 fert.
631 2526 882 2572 vindicemus
929 2534 1227 2587 corruptiones
1280 2531 1502 2586 virginum.
1570 2529 1702 2570 recisa

108 2583 224 2630 p.473
238 2580 566 2622 commilitonum
608 2585 793 2626 membra
828 2593 1072 2629 nostrorum
1110 2589 1297 2630 videntes
1327 2588 1525 2629 cordibus
1556 2585 1702 2626 dolea-

238 2647 340 2673 mus·
401 2650 482 2700 non
508 2646 602 2679 sunt
632 2638 734 2682 haec
760 2643 918 2684 nullam
937 2645 971 2694 *)
998 2646 1235 2694 mercedem
1249 2644 1460 2696 habentia,
1487 2642 1558 2685 sed
1590 2642 1703 2683 vitae

238 2702 429 2742 perennis
456 2697 653 2747 praemia.
734 2705 886 2740 stemus
924 2702 1130 2752 viriliter,
1161 2708 1204 2744 et
1229 2701 1423 2744 dominus
1452 2699 1552 2742 deus
1580 2698 1702 2739 nobis

238 2748 550 2801 cooperabitur,
578 2758 620 2792 et
650 2755 801 2809 perdet
826 2756 1012 2798 inimicos
1037 2762 1244 2800 nostros.’'
1303 2771 1485 2815 cumque
1518 2757 1701 2812 impera-

284 2828 315 2874 *)
342 2829 478 2865 nullam
500 2833 528 2867 F
551 2846 616 2881 pro
644 2837 766 2870 ullam.
