1768 3268
233 201 296 251 24
422 207 706 253 ANASTAsn
748 205 1010 249 memma
1050 191 1469 245 ECCLES'lAsTch

438 367 827 415 ABHINC
896 358 1504 409 EXCERPTIO

655 479 711 505 ex
746 461 1076 517 Cleronograplu'a
1110 459 1286 513 Georgii.

51 596 208 640 Syneelli
335 586 561 641 Pompeius
588 586 701 627 bello
723 585 1016 639 Hierosolyma
1038 587 1252 646 percepta,
1286 578 1579 620 Aristobulum
1611 579 1706 633 qui-

43 657 79 690 Ρ.
99 644 319 698 ssqun-dem
350 644 536 684 vinctum
565 658 662 683 cum
692 643 783 682 filiis
814 641 1051 682 Alexandro
1076 645 1118 680 et
1151 643 1362 693 Antigono
1397 637 1584 689 tenebat,
1614 637 1703 676 Ro-

72 693 141 727 560
168 693 334 740 11main
363 714 596 755 properans
641 698 1002 754 triumphaturus,
1034 703 1077 737 et
1105 696 1280 736 aliarum
1311 708 1484 749 quoque
1517 692 1707 748 gentium

224 769 339 812 reges
388 762 430 797 et
471 756 606 797 duces.
674 756 875 811 Hyrcano
919 761 1060 794 autem
1098 752 1220 793 huius
1242 752 1364 792 fratri
1395 765 1560 791 summo
1591 764 1708 790 com-

222 815 345 854 misso
386 814 633 868 pontificio,
664 812 912 853 tributarios
953 810 1100 851 statuit
1139 808 1335 850 Romanis
1367 807 1554 847 Iudaeos.
1631 806 1706 862 qui

86 886 120 920 p.
139 875 206 911 567
220 872 398 911 Romam
441 870 580 910 victor
626 870 829 924 ingressus
866 867 1049 908 amicitia
1083 867 1270 922 iungitur
1299 866 1343 906 C.
1373 864 1478 905 Iulio
1511 865 1705 916 Caesari,

222 928 295 982 qui
323 932 486 967 creatus
519 932 670 967 contra
689 927 830 967 Gallos
863 931 905 966 et
921 926 1142 964 Britannos
1173 929 1350 978 praetor
1380 920 1595 976 dirigitur,
1615 936 1704 961 ma..

219 984 391 1040 gnisque
423 983 590 1038 praeliis
624 977 711 1038 per‘
733 997 864 1024 annos
888 982 1032 1023 decem
1051 981 1190 1021 Gallos
1224 987 1266 1021 et
1285 980 1510 1020 Britannos
1538 980 1699 1020 Roma-

219 1041 280 1080 nis
313 1041 560 1081 tributarios
591 1040 714 1088 fecit;
739 1041 811 1095 qui
843 1039 1089 1095 quingentas
1118 1037 1307 1077 civitates
1339 1035 1623 1091 possidebant,
1655 1041 1703 1075 ut

38 1116 72 1150 p.
87 1105 157 1140 568
184 1097 469 1140 SPlutarchus
510 1097 659 1137 scribit
698 1096 999 1139 Chaeronensis
1031 1094 1320 1150 philosophus.
1391 1099 1492 1132 tunc
1533 1094 1701 1133 Crassus

219 1154 440 1194 succedens
471 1154 652 1195 Gabinio
682 1154 904 1209 Syriacum
937 1152 1122 1193 obtinuit
1148 1151 1449 1205 principatum,
1477 1156 1518 1190 et
1549 1156 1701 1190 contra

218 1211 421 1263 Parthos,
450 1210 490 1250 id
533 1216 594 1251 est
623 1211 791 1263 Persas,
830 1209 1059 1250 exercitum
1090 1208 1236 1250 movit.
1308 1222 1443 1261 porro
1475 1207 1702 1261 Antipater

219 1269 371 1308 amicos
402 1267 478 1307 sibi
525 1267 683 1321 ubique
710 1268 1000 1306 Romanorum
1037 1270 1232 1319 potentes
1262 1264 1510 1305 muneribus
1542 1270 1585 1305 et
1612 1263 1700 1304 aliis

219 1325 426 1380 obsequiis
456 1324 647 1364 faciebat.
707 1323 820 1363 inter
849 1338 955 1378 quos
986 1328 1028 1362 et
1049 1321 1208 1362 Hareth
1233 1321 1432 1375 Arabum,
1462 1320 1504 1361 id
1536 1327 1598 1362 est
1619 1322 1698 1361 Sa-

217 1395 482 1433 racenorum,
514 1380 602 1434 regi
634 1379 770 1420 valida
799 1380 983 1420 sociatus
1015 1385 1075 1419 est
1110 1378 1306 1432 amicitia,
1335 1383 1520 1433 propter
1550 1378 1701 1418 matri-

214 1438 403 1477 monium
435 1436 602 1492 insignis
632 1436 771 1477 uxoris
799 1436 1006 1478 Arabicae
1035 1435 1232 1491 Cypridis
1252 1469 1263 1487 ,
1295 1449 1342 1475 ex
1373 1450 1456 1491 qua
1487 1434 1593 1474 filios
1624 1434 1701 1474 ha..

215 1495 308 1535 buit
338 1499 536 1550 quatuor,
566 1493 801 1534 Phasailum
833 1493 1030 1534 videlicet
1059 1498 1101 1532 et
1134 1492 1362 1543 Herodem,
1393 1492 1467 1547 qui
1498 1506 1568 1532 rex
1598 1499 1699 1545 post

214 1551 460 1606 Hyrcanum
489 1550 623 1591 extitit
649 1551 938 1591 Hebraeorum
978 1549 1137 1605 primus
1168 1549 1413 1603 alienigena,
1449 1555 1491 1590 et
1525 1550 1701 1590 tertium

214 1608 451 1662 Iosephum‚
480 1613 522 1649 et
538 1607 760 1648 Pheroran
789 1613 1011 1662 quartum,
1045 1607 1127 1646 iam
1160 1613 1250 1646 tum
1281 1606 1490 1646 Arabibus
1522 1605 1703 1648 Iudaeo-

216 1678 339 1718 rum,
366 1664 472 1703 sicut
501 1678 613 1704 nunc
642 1664 996 1717 Christianorum,
1025 1664 1210 1720 legitima
1244 1663 1613 1706 confundentibus.

20 1743 205 1791 p.56918
322 1737 545 1792 Pompeius
578 1737 706 1793 igitur
736 1739 933 1795 Hyrcano
971 1753 1182 1778 summum
1213 1737 1481 1792 pontificium
1512 1738 1698 1778 robora-

217 1793 290 1846 vit,
321 1799 363 1834 et
392 1794 480 1848 ipse
509 1795 704 1835 Romanis
736 1796 912 1837 Iudaeos
942 1796 1193 1836 tributarios
1222 1795 1381 1836 statuit.
1455 1794 1567 1845 idern
1610 1795 1699 1849 ipse

217 1849 486 1905 Antipatrum
517 1851 802 1907 alienigenam,
833 1852 1015 1894 Herodis
1046 1852 1194 1906 filium,
1229 1859 1272 1893 et
1300 1859 1468 1907 patrem
1498 1851 1704 1892 Palaesti-

16 1915 135 1961 p.572
160 1917 203 1951 21
220 1921 295 1946 nae
326 1906 537 1948 ordinavit
567 1915 909 1962 procuratorem.
976 1915 1020 1950 at
1049 1924 1153 1951 vero
1183 1909 1230 1954 C.
1270 1909 1396 1951 Iulius
1430 1910 1583 1950 Caesar
1613 1910 1702 1950 Ro-

219 1979 331 2003 mam
362 1964 526 2005 rediens
556 1965 670 2005 omni
702 1967 816 2019 parti
846 1967 1037 2020 Pompeii
1074 1966 1281 2022 pepercit,
1314 1966 1367 2007 de
1398 1981 1482 2022 qua
1512 1972 1604 2007 erat
1639 1967 1707 2006 Ci-

221 2034 321 2060 cero
352 2021 506 2061 Brutus
535 2027 578 2062 et
608 2023 789 2077 Cassius,
821 2024 1123 2079 consulumque
1151 2023 1442 2079 principatum
1484 2023 1705 2066 destruxit.

17 2084 135 2129 p.573
163 2085 207 2119 13
220 2082 396 2131 tumque
427 2079 631 2118 Antonius
665 2079 913 2134 Cleopatrae
947 2082 1146 2122 Arabiam
1175 2081 1370 2122 tradidit.

89 2167 124 2202 p.
137 2156 207 2195 574
332 2151 620 2191 Romanorum
649 2152 693 2195 C.
731 2153 855 2194 Iulius
885 2155 1037 2196 Caesar
1077 2156 1237 2210 primus
1275 2155 1533 2197 monarchus
1562 2155 1698 2196 habe-

219 2210 303 2245 tur.
361 2207 516 2271 mundi·
538 2222 646 2247 anno
676 2205 786 2250 5454
816 2212 863 2251 C.
897 2212 1019 2252 Iulius
1052 2213 1205 2254 Caesar
1234 2213 1401 2254 veniens
1432 2212 1474 2253 in
1505 2212 1701 2253 Iudaeam

218 2268 315 2326 post
342 2263 535 2318 Pompeii
563 2271 744 2305 mortem
773 2267 823 2307 ab
856 2270 1076 2324 Aegypto,
1107 2271 1290 2312 roborat
1318 2285 1527 2310 summum
1549 2270 1697 2325 ponti-

218 2319 360 2358 ficium
393 2320 613 2374 HyrcanO,
648 2327 690 2362 et
718 2323 942 2377 Antipatro
963 2332 1206 2380 potentatus
1225 2327 1474 2368 divisionem
1497 2328 1594 2371 dat:
1626 2329 1701 2382 qui

219 2373 318 2413 dolo
339 2377 471 2440 ‘Bruti
504 2384 547 2418 et
579 2378 703 2419 Cassii
735 2380 962 2434 occiditur,
993 2398 1077 2423 non
1117 2385 1346 2426 ferentium
1377 2384 1572 2439 Pompeii
1602 2398 1703 2438 per—

219 2437 479 2484 emptionem
521 2449 656 2489 neque
699 2438 916 2478 consulum
948 2439 1265 2495 depositionem.
1323 2442 1444 2482 huius
1474 2442 1594 2482 heres
1625 2440 1700 2480 ad-

85 2510 119 2543 p,
141 2499 208 2534 575
222 2494 390 2553 optatus
417 2497 511 2530 erat
544 2492 799 2534 Octavianus
833 2496 1005 2548 Caesar,
1050 2497 1155 2539 filius
1186 2499 1324 2539 Attiae
1351 2500 1510 2538 sororis
1543 2498 1629 2538 eius
1660 2503 1702 2538 et

222 2544 399 2609 Octavii.
460 2547 554 2611 dein
583 2554 731 2601 parata
758 2550 935 2592 victoria
964 2554 1175 2595 venientes
1206 2558 1386 2596 Romam
1418 2557 1624 2607 Augustus
1657 2561 1700 2595 et

221 2601 425 2665 Antonius
452 2603 646 2667 dividunt
693 2619 785 2645 cum
820 2607 1014 2662 Helpidio
1056 2611 1284 2666 tripliciter
1313 2619 1452 2653 totum
1481 2613 1701 2652 Romano-

222 2671 318 2696 rum
347 2666 645 2725 princlpatum,
675 2668 718 2701 et
748 2668 794 2701 ut
821 2663 878 2702 ita
905 2665 1078 2707 dixerim
1096 2699 1107 2718 ,
1142 2669 1272 2710 totius
1306 2670 1421 2710 orbis
1454 2674 1701 2715 terrarum;

223 2718 264 2752 et
297 2715 500 2768 Augustus
542 2718 715 2771 quidem
751 2717 970 2774 Europam
1012 2726 1191 2766 sortitur
1224 2741 1355 2781 usquc
1391 2724 1442 2766 ad
1473 2724 1700 2766 occiduum

223 2769 465 2821 Oceanum,
494 2773 707 2836 Helpidius
748 2782 886 2816 autem
912 2793 1019 2833 quac
1058 2781 1171 2822 circa
1210 2784 1386 2838 Libyam
1419 2788 1516 2823 sunt
1547 2783 1704 2835 omnia,

223 2839 359 2880 porro
389 2831 592 2870 Antonius
622 2837 756 2873 totam
787 2833 935 2876 Asiam.
