1768 3268
570 210 639 250 Ex
677 207 1026 253 THEOPHANE.
1430 197 1526 247 143

168 325 290 365 Anno
320 323 487 377 imperii
519 323 699 363 Heraclii
730 327 844 362 sexto
875 327 1081 377 ceperunt
1099 322 1250 364 Persae
1279 329 1413 365 totam
1443 325 1527 363 Ac-

56 385 235 435 gyptum
278 386 321 421 ct
349 379 640 421 Alexamhiam
689 384 732 419 et
757 378 936 434 Libyam
986 394 1117 434 usque
1156 378 1206 418 ad
1249 379 1526 445 Aethiopiam,

56 436 291 502 mult-ique
305 436 465 491 praeda
493 441 658 491 sumpta
685 442 728 476 et
756 435 910 476 exuviis
933 435 1249 490 quamplurimis
1280 443 1322 476 et
1341 436 1572 491 pecuniisp-
1584 437 1655 475 464

54 492 109 533 ad
137 493 318 548 propria
349 497 603 536 remearunt.
673 490 967 547 Carthaginem
1008 499 1149 532 autem
1178 506 1329 547 capere
1358 493 1528 535 minime

53 549 290 602 valuerunt,
317 549 389 590 sed
418 549 608 590 custodia
639 547 802 589 dimissa
833 548 1051 589 obsidendi
1080 563 1171 589 eam
1199 556 1471 590 recesserunt.

166 626 288 663 Anno
319 621 683 677 imperiiHeraclii
708 621 885 676 septimo
917 627 1051 660 castra
1079 621 1226 661 metati
1253 626 1351 661 sunt
1379 621 1529 663 Persae

53 683 205 723 eontra
233 678 557 734 Carthaginem,
589 693 716 734 quam
745 685 787 719 et
829 677 943 718 bello
968 682 1184 732 ceperunt
1244 676 1391 718 eodem
1418 693 1527 718 anno

56 734 200 776 consul
235 735 368 777 factus
391 711 470 776 t’est
506 735 800 776 Constantinus
846 734 1011 785 iunior,
1061 733 1134 790 qui
1161 739 1204 775 et
1231 734 1458 788 Heraclim,
1487 742 1528 776 et

54 791 244 833 Heraclii
272 791 393 843 filius,
424 797 466 832 et
490 791 688 846 provexit
714 792 756 831 in
790 791 1009 832 Caesarem
1040 790 1358 832 Constantinum
1387 791 1528 832 mino..

54 862 143 889 rem
171 848 352 890 fratrem
380 861 515 900 suum,
535 863 583 889 ex
610 847 807 889 Heraclio
840 848 1027 903 genitum
1053 853 1097 888 et
1126 848 1324 888 Martina.

162 923 284 962 Anno
315 921 484 979 imperii
509 921 573 962 sui
606 926 758 962 octavo
797 935 939 962 rursus
970 920 1184 962 Heraclius
1211 921 1322 962 misit
1352 921 1392 961 in
1420 922 1526 963 Per..

48 977 178 1019 sidem
209 979 365 1034 legatos
409 978 462 1019 ad
504 977 745 1030 Chosroen,
775 977 988 1033 postulans
1014 992 1174 1032 pacem.
1231 983 1295 1018 ast
1320 977 1526 1020 chosroes

49 1035 204 1076 iterum
248 1049 320 1076 eos
349 1035 534 1090 sprevit,
582 1049 817 1076 asseverans
857 1038 971 1075 “non
1017 1049 1190 1090 parcam
1217 1034 1357 1086 vohis,
1392 1035 1527 1076 donec

49 1092 296 1133 crucifixum
326 1093 563 1148 abnegetis,
603 1106 730 1148 quem
761 1092 887 1133 deum
926 1105 1012 1133 esse
1042 1091 1244 1143 fatemini,
1275 1098 1318 1133 et
1343 1091 1527 1133 adoretis

47 1147 214 1188 solemss'

159 1217 281 1257 Anno
326 1215 495 1272 imperii
536 1214 720 1257 Heraclii
762 1230 876 1256 nono
917 1215 1048 1256 aciem
1089 1213 1332 1257 direxerunt
1375 1217 1528 1257 Avares

48 1277 198 1312 contra
227 1273 464 1325 Thracem,
494 1277 537 1313 et
566 1273 693 1313 missis
732 1271 947 1313 Heraclius
978 1272 1119 1327 legatis
1149 1271 1202 1312 ad
1229 1287 1298 1314 eos
1328 1273 1529 1326 poscebat

46 1343 206 1393 pacem.
274 1344 457 1386 cumque
499 1328 705 1384 chaganus
745 1329 852 1370 hanc
895 1329 1034 1369 facere
1075 1329 1392 1393 spopondisset,
1430 1329 1528 1369 exiit

48 1386 284 1440 imperator
323 1387 437 1427 foras
472 1401 641 1426 murum
683 1385 857 1440 longum
887 1400 983 1425 cum
1022 1386 1136 1425 omni
1175 1385 1378 1441 obsequio
1409 1386 1525 1440 regio

47 1455 96 1482 ac
124 1443 366 1484 muneribus
403 1442 544 1483 multis
589 1447 632 1482 et
659 1443 817 1497 magnis
843 1441 895 1482 ad
935 1441 1245 1508 suscipiendum
1276 1442 1524 1497 chaganum‚

47 1504 295 1554 recepturus
324 1499 376 1540 ab
404 1514 455 1540 eo
482 1499 718 1539 iuramenta
728 1474 928 1539 0faciendi
970 1499 1149 1538 invicem
1177 1498 1416 1553 sponsiones
1444 1514 1525 1553 pa-

46 1555 197 1599 cificas.
254 1560 299 1596 at
339 1570 440 1597 vero
485 1556 694 1596 barbarus
723 1554 791 1595 ille
820 1561 907 1596 tam
937 1555 1227 1608 sponsionibus
1261 1570 1387 1611 quam
1418 1570 1525 1610 quac

46 1611 184 1652 iurata
210 1611 379 1653 fuerant
415 1613 580 1668 spretiS,
609 1611 749 1652 subito
800 1611 1020 1667 tyrannice
1047 1618 1199 1652 contra
1224 1611 1523 1666 imperatorem

44 1668 261 1723 profectus
292 1675 364 1710 est.
421 1669 678 1724 stupefactus
718 1681 821 1722 ergo
863 1668 1096 1722 imperator
1133 1682 1260 1723 super
1291 1669 1524 1723 insperatae

47 1725 108 1765 rei
133 1726 359 1778 molimine,
390 1726 488 1780 fuga
515 1725 650 1780 lapsus
680 1725 722 1765 in
753 1725 965 1765 civitatem
995 1739 1183 1765 reversus
1214 1732 1287 1766 est.
1318 1726 1523 1765 barbarus

44 1786 183 1821 autem
209 1782 325 1822 omni
353 1782 471 1837 regio
487 1788 695 1836 apparatu
713 1781 912 1836 adempto
932 1786 973 1821 et
996 1782 1290 1836 suppellectili,
1318 1788 1361 1823 et
1392 1789 1523 1838 quot..

46 1843 154 1892 quot
181 1853 229 1879 ex
256 1838 490 1879 hominibus
520 1853 672 1893 capere
689 1839 846 1893 potuit,
863 1839 1073 1879 subvertit
1103 1838 1218 1880 villas
1249 1839 1413 1891 multas,
1446 1840 1522 1880 de-

42 1893 251 1949 populans
283 1910 331 1935 ex
362 1895 593 1950 improviso
623 1909 696 1949 spe
726 1895 838 1950 pacis
871 1893 1080 1949 deceptos.

159 1961 307 2003 Mundi
337 1977 448 2004 anuo
470 1961 594 2014 6111,
629 1962 792 2003 divinae
819 1962 1120 2003 incarnationis
1150 1969 1262 2003 anno
1291 1961 1388 2015 611,
1412 1977 1521 2003 anno

42 2031 147 2057 vero
182 2018 350 2074 imperii
375 2019 558 2060 Heraclii
592 2019 756 2060 decimo
787 2020 995 2073 Georgius
1031 2019 1315 2060 Antiochenus
1339 2019 1522 2061 habetur

42 2074 224 2115 antistes.
282 2076 494 2117 Heraclius
525 2082 664 2116 autem
694 2076 748 2116 ad
778 2076 1009 2130 chaganum
1039 2080 1226 2117 Avarum
1245 2076 1389 2131 legatis
1419 2077 1518 2116 mis-

41 2130 92 2169 sis
126 2131 324 2186 queritur
350 2132 569 2186 superbis
602 2147 710 2188 quae
739 2109 935 2187 nequiter
973 2138 1064 2172 aeta
1096 2133 1266 2173 fucrant
1297 2133 1350 2172 ab
1381 2147 1446 2183 eo,
1477 2138 1520 2173 et

42 2186 94 2226 ad
121 2202 269 2241 pacem
297 2187 509 2229 hortatur.
540 2189 646 2229 acies
678 2190 837 2245 quippe
866 2188 1086 2243 disponens
1119 2196 1271 2229 eontra
1304 2189 1517 2230 Persidem

41 2243 276 2298 dirigendas
306 2245 459 2299 pacisci
487 2260 583 2285 cum
614 2245 800 2301 chagano
833 2247 1016 2286 volebat.
1077 2247 1148 2301 qui
1176 2246 1380 2287 reveritus
1410 2246 1517 2286 dile-

41 2299 224 2341 ctionem
256 2301 526 2355 imperatoris
554 2316 597 2342 se
619 2280 873 2356 poeonituisse
890 2302 1174 2356 pollicebatur
1204 2309 1247 2343 et
1275 2317 1423 2357 pacem
1450 2302 1518 2341 fa—

41 2371 138 2397 cere
164 2358 429 2412 repromisit3
459 2366 771 2414 pangentesque
803 2359 976 2400 foedera
1005 2359 1161 2413 legati
1151 2374 1191 2400 m
1221 2374 1327 2413 pace
1356 2357 1518 2399 reversi

38 2420 148 2454 sunt.
206 2414 355 2454 eodem
384 2428 494 2454 auno
527 2429 653 2468 cepel
658 2423 732 2456 unt
761 2416 911 2456 Persae
936 2417 1143 2470 Ancyram
1175 2416 1362 2456 Galatiae
1388 2414 1515 2455 bello.

150 2487 272 2527 Anno
306 2487 473 2542 imperii
504 2487 684 2528 Heraclii
720 2488 764 2528 11
800 2488 954 2529 durum
985 2489 1191 2529 chosroes
1223 2489 1365 2542 iugum
1395 2502 1516 2528 suum

39 2555 167 2595 super
196 2557 339 2584 omnes
382 2544 567 2585 homines
600 2545 700 2585 fecit
730 2546 772 2585 in
810 2545 1011 2587 effusione
1039 2545 1246 2598 sanguinis
1275 2550 1318 2585 et
1350 2545 1517 2585 ratione

38 2598 220 2639 tributi:
258 2600 390 2642 elatus
419 2601 531 2641 enim
569 2601 758 2655 trimpho
797 2601 1030 2641 nullatenus
1070 2601 1220 2641 ultra
1210 2616 1249 2640 m
1281 2601 1516 2641 constantia

38 2668 123 2695 esse
148 2663 332 2709 poterat.
390 2664 494 2698 tunc
526 2658 743 2698 Heraclius
765 2659 854 2698 zelo
876 2658 943 2698 dei
970 2665 1179 2711 suscepto
1212 2662 1254 2696 et
1279 2671 1376 2697 eum
1406 2659 1516 2697 Ava-

0 2726 1 2737 ι
39 2710 154 2750 ribus
180 2727 298 2766 pace,
328 2719 375 2753 ut
403 2715 594 2769 putabat,
628 2721 864 2764 contracta,
894 2715 1107 2755 transtulit
1134 2713 1300 2753 militias
1313 2714 1516 2769 Europae

38 2765 80 2805 in
108 2768 269 2819 Asiam,
316 2775 359 2812 et
408 2771 621 2825 cogitabat
665 2771 733 2812 dei
764 2772 1068 2825 cooperatione
1107 2777 1254 2810 contra
1299 2770 1515 2812 Persidem

38 2836 290 2877 properare.

1536 1750 1568 1784 p.
1587 1738 1657 1775 465
1707 1712 1709 1716 Α
