1768 3268
290 211 353 258 [32
500 213 778 258 ANASTASH
829 211 1088 255 lllSTORlA
1131 206 1546 253 ECCLESmsTlCA

97 334 279 382 p.13518
400 329 544 372 Mundi
575 343 684 370 anno
713 326 846 378 5923,
877 327 1042 367 divinae
1071 324 1365 366 incarnationis
1410 337 1520 363 anno
1550 317 1647 372 423,
1676 320 1746 362 Si·-

289 387 423 427 sinnio
454 387 652 427 defuncto
682 385 891 426 Nestorius
921 381 1402 436 constantinopolitanus
1432 380 1478 419 fit
1509 379 1744 433 episcopus.

289 457 384 484 mox
410 457 513 485 vero
541 443 739 483 thronum
762 441 1002 481 conscendit
1032 454 1209 494 nequam
1238 437 1334 477 fides
1365 436 1463 487 elus,
1497 441 1539 475 et
1567 449 1746 490 perver-

289 515 354 541 sus
405 500 445 540 in
483 499 743 554 dogmatibus
783 511 918 537 sensus
958 496 1271 537 ostendebatur.
1338 491 1560 533 homeliam
1588 491 1746 546 quippe

290 557 340 597 de
370 557 450 597 fide
479 557 688 610 protulit,
720 554 900 610 syncello
941 567 1015 593 suo
1062 551 1320 607 praecipiens
1367 555 1414 590 ut
1451 549 1559 589 hanc
1599 562 1746 588 coram

288 613 458 654 ecclesia
486 611 775 667 praedicaret,
820 610 1038 650 habentem
1079 609 1136 648 ita
1163 608 1258 649 “dei
1286 605 1531 663 genitricem
1566 605 1746 645 Mariam

286 677 409 710 vocet
441 683 586 709 nemo:
623 669 754 708 Maria
796 667 904 707 enim
932 665 1058 706 homo
1104 670 1214 714 erat,
1245 669 1287 705 et
1326 663 1378 704 ab
1419 662 1588 702 homine
1619 661 1743 702 deum

287 725 398 780 gigni
426 725 674 780 impossibile
702 725 796 764 est.''
852 722 960 763 hanc
989 736 1132 763 vocem
1152 722 1337 776 primum
1367 717 1636 774 reprehendit
1653 718 1740 757 Eu..

285 782 418 823 sebius
462 776 631 837 quidam
665 780 927 821 scholasticus
979 778 1255 833 imperatricis
1296 775 1745 829 Constantinopoleos;

286 840 396 879 unde
426 839 544 878 multi
564 838 858 894 Byzantiorum
886 836 1044 875 turbati
1066 841 1174 875 sunt.
1231 834 1447 875 Nestorius
1477 839 1617 872 autem
1647 845 1746 871 ver-

285 895 385 934 bum
414 895 584 935 firmare
619 894 835 943 festinans,
869 906 1016 933 vocem
1046 907 1127 946 qua
1157 891 1223 931 dei
1256 890 1433 945 genitrix
1467 888 1622 929 dicitur
1654 887 1741 928 eie-

285 951 356 1002 cit,
387 965 540 1005 purum
573 951 781 991 hominem
808 948 945 989 dicens
976 949 1201 989 dominum.
1262 946 1438 1002 quadam
1468 959 1570 986 vero
1601 944 1740 985 domi-

286 1008 377 1047 nica
408 1007 486 1057 die,
520 1007 782 1061 praesidente
803 1005 1006 1057 Nestorio,
1038 1005 1164 1044 iussus
1181 1004 1354 1044 Procius
1384 1003 1566 1044 recitare
1592 1001 1742 1042 home-

283 1063 380 1103 liam
409 1062 509 1103 dixit
540 1064 580 1103 in
608 1063 671 1104 dei
702 1062 955 1117 genitricem,
987 1062 1101 1102 cuius
1124 1060 1287 1101 initium
1317 1066 1375 1102 est
1403 1058 1643 1114 “virginalis
1672 1072 1742 1098 so-

285 1119 468 1160 lemnitas
497 1119 635 1169 hodie,
664 1120 848 1159 fratres.’'
878 1124 977 1157 tunc
1006 1117 1170 1158 odibilis
1198 1117 1330 1157 factus
1360 1124 1421 1157 est
1452 1116 1565 1171 apud
1598 1129 1741 1155 omnes

283 1176 431 1230 impius
470 1176 678 1217 Nestorius
714 1182 894 1229 propter
928 1174 1104 1229 typhum
1134 1179 1175 1214 et
1206 1174 1356 1213 malam
1395 1173 1532 1213 fidem.
1591 1171 1740 1213 eodem

282 1245 382 1273 vero
411 1247 520 1272 anno
556 1232 744 1273 terribile
772 1230 1018 1271 miraculum
1054 1236 1294 1271 sanctorum
1319 1235 1478 1284 septem
1504 1243 1741 1284 puerorum

149 1305 183 1341 p.
200 1294 266 1330 137
282 1287 432 1342 Ephesi
460 1289 613 1328 factum
641 1295 713 1338 est,
742 1287 1049 1341 resurgentibus
1079 1287 1135 1327 eis
1166 1292 1260 1341 post
1290 1285 1365 1328 181
1399 1299 1542 1327 annos.
1600 1299 1736 1340 porro

280 1344 453 1399 Cyrillus
486 1343 779 1385 Alexandrinus
823 1344 1038 1398 episcopus
1079 1344 1304 1397 compertis
1333 1342 1514 1384 Nestorii
1541 1342 1740 1396 blasphe-

274 1401 365 1440 miis
393 1401 538 1440 scribit
582 1401 644 1449 ei,
690 1414 837 1454 rogans
866 1407 907 1441 et
933 1414 1104 1440 monens
1141 1406 1187 1439 ut
1217 1399 1450 1440 discederet
1476 1415 1500 1439 a
1530 1399 1738 1454 perversis

277 1456 535 1512 dogmatibus
566 1456 647 1497 suis
675 1457 883 1511 fidemque
909 1463 1069 1498 rectam
1109 1455 1350 1510 susciperet.
1380 1462 1423 1497 at
1452 1470 1554 1497 vero
1588 1457 1739 1497 Nesto-

276 1513 361 1553 rius
389 1513 426 1553 ei
456 1528 478 1553 e
507 1518 655 1553 contra
684 1513 793 1553 misit
814 1513 983 1553 iniurias
1013 1520 1054 1554 et
1085 1512 1366 1566 blasphemias.
1424 1517 1526 1553 tunc
1558 1513 1736 1567 Cyrillus

274 1569 419 1610 scribit
447 1569 676 1610 Caelestino
706 1584 838 1624 papae
866 1570 1055 1610 Romano
1086 1583 1194 1625 quae
1205 1569 1418 1610 Nestorius
1445 1568 1736 1623 praedicaret3

275 1632 317 1666 et
349 1625 646 1680 blasphemias,
681 1641 787 1680 quae
833 1626 911 1667 sibi
949 1627 1130 1680 scriptae
1168 1627 1337 1667 fuerant
1382 1641 1405 1666 a
1441 1627 1664 1678 Nestorio,
1697 1626 1735 1666 ei

274 1682 506 1722 manifestas
534 1682 731 1722 exhibuit.
808 1687 907 1723 tunc
945 1683 1197 1723 Caelestinus
1240 1683 1388 1724 scribit
1419 1683 1625 1734 Nestorio‚
1658 1683 1736 1723 de·-

275 1738 417 1778 finiens
447 1738 484 1778 ei
514 1739 676 1779 dierum
715 1738 856 1779 decem
898 1738 1075 1780 indutias
1118 1739 1303 1780 cessandi
1340 1755 1363 1779 a
1400 1739 1654 1794 blasphemia
1692 1745 1736 1781 et

274 1794 543 1848 poenitendi:
580 1794 725 1849 quodsi
754 1795 1017 1849 perdurasset
1038 1798 1078 1836 in
1106 1810 1237 1850 prava
1265 1795 1478 1849 opinione,
1509 1796 1734 1837 sacerdotii

276 1851 611 1892 communicator
639 1852 809 1891 ulterius
840 1866 921 1893 esse
941 1852 1171 1894 desisteret.
1229 1853 1421 1894 scribunt
1448 1859 1587 1894 autem
1616 1853 1735 1894 simi-

276 1906 371 1946 liter
401 1907 649 1947 Caelestinus
684 1913 808 1962 atque
839 1908 1014 1964 Cyrillus
1045 1909 1309 1950 Antiocheno
1353 1916 1396 1951 et
1429 1909 1733 1966 Hierosolymi-

275 1969 374 2002 tano
404 1963 719 2018 archiepiscopis
743 1965 792 2004 de
813 1966 1001 2007 Nestorio
1032 1973 1072 2007 et
1099 1966 1259 2007 haeresi
1288 1966 1390 2007 eius.
1451 1968 1622 2007 Ioannes
1655 1980 1734 2007 au-

273 2025 357 2058 tem
399 2019 545 2060 scribit
590 2021 779 2061 Nestorio
821 2020 917 2061 dans
959 2023 1180 2063 concilium
1220 2022 1442 2064 recedendi
1472 2024 1524 2064 ab
1559 2023 1731 2075 haeresi,

273 2074 376 2170 quin
409 2081 450 2115 et
493 2076 544 2116 ad
574 2076 814 2117 memoriam
857 2077 1006 2119 ducens
1036 2080 1138 2120 illud
1168 2080 1348 2135 apostoli
1389 2079 1562 2121 dicentis
1595 2080 1735 2121 “misit

303 2145 371 2170 eus
402 2131 531 2172 filium
560 2147 678 2173 suum
706 2134 859 2174 factum
889 2149 935 2175 ex
966 2137 1178 2177 muliere.’'
1235 2151 1485 2192 cognoscens
1517 2151 1617 2177 vero
1647 2138 1732 2178 Ne-

272 2187 426 2252 storius
456 2189 571 2243 quod
610 2189 874 2243 patriarchae
909 2191 1050 2233 taliter
1091 2194 1267 2235 ecclesiis
1316 2193 1576 2235 conturbatis
1607 2194 1731 2236 silere

271 2258 442 2308 minime
472 2251 732 2298 paterentur,
763 2247 885 2286 suasit
915 2248 1161 2303 imperatori
1189 2251 1358 2292 mittere
1378 2250 1538 2306 Cyrillo
1568 2265 1731 2291 sacram

271 2301 527 2365 stigmatibus
568 2303 758 2356 plenam3
802 2319 925 2358 quem
953 2311 1101 2359 putans
1131 2321 1183 2348 ex
1213 2308 1274 2347 his
1305 2322 1574 2363 compescere
1602 2309 1730 2363 magis

272 2363 417 2401 erexit.
484 2373 652 2412 surgens
698 2360 803 2399 enim
845 2361 990 2402 scribit
1026 2363 1272 2417 imperatori
1314 2371 1356 2406 et
1396 2365 1613 2406 sororibus
1647 2365 1728 2404 suis

273 2419 358 2453 tam
386 2413 439 2453 de
467 2420 580 2454 recta
611 2414 690 2455 fide
735 2431 859 2470 quam
889 2417 939 2457 de
967 2419 1126 2460 sinistra
1154 2421 1353 2476 opinione
1383 2421 1577 2471 Nestorii,
1607 2421 1729 2461 simul

273 2474 314 2509 et
343 2471 553 2523 postulans
581 2472 850 2512 universalem
881 2473 970 2513 fieri
998 2476 1200 2530 synodum
1229 2477 1280 2517 ad
1307 2477 1621 2519 examinandum
1655 2492 1730 2517 ca·-

272 2527 420 2566 nonice
452 2526 502 2567 de
518 2528 721 2568 Nestorio·
754 2536 852 2568 tunc
881 2530 1110 2584 imperator
1127 2533 1386 2576 Theodosius
1412 2534 1560 2575 scribit
1587 2534 1729 2574 omni-

270 2580 346 2621 bus
376 2582 579 2637 episcopis
611 2591 657 2624 ut
688 2585 840 2640 absque
872 2586 951 2626 ulla
985 2587 1180 2631 dilatione
1207 2597 1303 2644 post
1334 2591 1485 2646 pascha
1514 2590 1728 2644 Ephesum

273 2639 567 2691 convenirent,
597 2640 795 2681 diffiniens
838 2644 933 2696 quia
963 2646 1114 2685 nullam
1145 2643 1255 2700 apud
1283 2647 1406 2688 deum
1439 2655 1481 2688 et
1508 2642 1619 2702 apud
1652 2662 1727 2687 nos

273 2695 539 2736 excusationis
571 2698 775 2738 rationem
803 2697 985 2751 habebit,
1017 2702 1087 2757 qui
1112 2702 1177 2743 die
1204 2711 1367 2746 sanctae
1395 2710 1654 2759 pentecostes
1686 2704 1726 2743 in

273 2751 449 2790 concilio
481 2752 668 2795 inventus
698 2769 780 2794 non
812 2756 939 2795 fuerit
969 2758 1079 2812 apud
1096 2759 1315 2814 Ephesum.
1375 2761 1623 2802 Caelestinus
1652 2776 1726 2801 au-

272 2812 356 2846 tem
399 2809 604 2850 Romanus
641 2811 787 2852 scribit
825 2812 979 2868 Cyrillo
1023 2815 1300 2858 Alexandrino
1339 2818 1478 2860 locum
1519 2831 1638 2859 suum
1684 2817 1724 2856 in
