1768 3268
561 210 629 250 Ex
662 206 1009 250 THEOPHANE.
1411 205 1510 251 203

51 334 145 361 cum
170 323 376 376 suscripto
417 323 548 364 verbo
598 323 652 363 ad
695 328 937 376 praetorem
966 321 1133 362 fuissent
1161 323 1331 373 reversi,
1361 322 1510 364 Masal-
1523 337 1559 374 p.
1571 325 1640 362 599

48 392 136 416 mas
163 379 351 432 copiosas
379 378 664 420 multitudines
705 379 871 430 habens,
913 384 955 419 et
985 392 1157 432 usquam
1183 384 1294 420 stare
1322 394 1405 420 non
1436 395 1511 420 va-

48 433 148 483 lens,
179 435 478 475 Achrohenum
498 435 598 476 adit.
626 441 849 489 praeterea
874 449 970 474 cum
1002 433 1166 474 vidisset
1193 442 1366 487 praetor
1397 436 1512 491 quod

44 504 139 530 suas
168 491 453 532 transmisisset
479 492 547 532 ille
564 491 819 545 provincias,
830 489 1114 531 Nicomediam
1143 489 1271 542 vadit,
1301 498 1343 532 et
1367 493 1510 534 Theo..

46 544 154 586 dosii
182 546 313 586 filium
341 553 584 588 consecutus
630 548 743 601 capit
782 547 894 587 hunc
937 561 1032 586 cum
1061 546 1177 585 omni
1204 555 1411 601 apparatu
1444 564 1511 589 re-

45 602 116 654 gio
146 606 189 641 et
221 603 320 643 viris
354 604 499 657 primis
526 604 683 658 palatii.
742 610 785 643 at
811 617 916 643 vero
945 602 1156 642 Masalmas
1189 602 1436 646 descendens
1469 606 1508 645 in

44 656 182 697 Asiam
218 658 419 700 hiemavit
458 660 568 710 illic,
598 667 640 700 et
680 659 891 699 Humarus
932 658 974 698 in
1020 658 1175 698 Cilicia.
1247 665 1308 699 ast
1336 667 1510 715 praetor

45 720 258 768 assumpto
287 716 373 755 lilio
402 715 683 770 imperatoris,
712 722 755 756 et
784 715 888 756 inito
917 714 1091 754 consilio
1122 729 1218 755 cum
1247 715 1309 755 his
1338 717 1411 771 qui
1442 732 1508 758 se-

44 783 141 809 cum
167 777 302 821 erant,
331 771 444 812 venit
468 772 780 827 Chrysopolim.
838 785 973 826 porro
1004 770 1263 812 Theodosius
1284 775 1508 827 compertis

43 840 154 880 quae
181 833 294 882 gesta
322 835 445 879 sunt,
486 827 660 868 consilio
703 844 727 868 a
769 830 982 868 Germano
1020 827 1264 881 patriarcha
1294 834 1335 869 et
1362 836 1508 870 senatu

38 888 261 936 percepto,
291 897 370 937 per
397 882 576 924 eundem
606 883 892 938 patriarcham
937 884 1099 937 accepit
1140 899 1164 924 a
1202 886 1342 926 Leone
1388 886 1508 927 inde-

39 938 225 978 mnitatis
258 939 433 980 verbnm
454 946 496 980 et
521 941 716 981 ecclesiae
730 941 817 981 sine
847 940 1169 994 perturbatione
1199 942 1437 993 servandae,
1466 950 1508 983 et

39 994 97 1033 sic
126 994 166 1034 ei
203 995 475 1036 committunt
514 997 750 1051 imperium.
815 1011 952 1051 porro
992 997 1252 1037 Theodosius
1291 1013 1372 1038 una
1412 1014 1508 1039 cum

39 1050 128 1090 filio
156 1065 232 1092 suo
260 1051 404 1092 clerici
446 1053 547 1093 facti
591 1052 802 1094 residuum
842 1053 950 1093 vitae
977 1067 1073 1093 suae
1102 1060 1265 1108 tempus
1298 1062 1507 1108 transege-

37 1112 138 1145 runt
166 1107 209 1147 in
250 1122 371 1162 pace.
438 1109 606 1149 veniens
646 1110 808 1150 interea
848 1109 1062 1150 Masalmas
1107 1110 1358 1164 Pergamum
1399 1111 1507 1151 hanc

37 1157 214 1213 obsedit,
243 1170 287 1204 et
316 1163 570 1220 induigentia
599 1165 666 1206 dei
693 1180 773 1220 per
790 1165 1040 1206 diabolicam
1067 1167 1359 1220 operationem
1386 1182 1507 1208 acce-

36 1218 113 1271 pit.
169 1234 217 1259 ex
241 1220 480 1275 magisterio
510 1221 669 1276 quippe
697 1222 805 1276 magi
835 1221 1047 1262 cuiusdam
1079 1222 1300 1263 adductam
1333 1224 1414 1264 viri
1443 1225 1507 1264 ci-

37 1275 175 1315 vitatis
206 1275 312 1315 illius
355 1277 573 1318 mulierem
609 1276 833 1317 incinctam
859 1280 897 1328 γ’)
940 1278 1022 1318 iam
1061 1279 1231 1334 iamque
1270 1280 1506 1333 parituram

35 1330 300 1383 inciderunt,
343 1338 385 1372 et
413 1339 623 1388 assumpto
667 1335 845 1388 parvulo
877 1333 917 1373 in
957 1335 1112 1375 cacabo
1144 1336 1255 1375 hunc
1282 1343 1504 1387 coxerunt,

34 1391 162 1441 atque
198 1387 242 1427 in
283 1387 523 1429 huiusmodi
560 1388 639 1430 deo
687 1389 929 1431 detestabile
962 1391 1212 1431 sacrificium
1243 1407 1401 1443 omne8‚
1430 1394 1504 1448 qui

30 1441 191 1483 bellare
217 1443 428 1495 volebant,
459 1444 655 1486 dexterae
680 1461 824 1486 manus
852 1461 949 1487 suae
987 1447 1166 1488 manicas
1206 1448 1501 1503 intingebant3

33 1504 76 1539 et
106 1499 269 1540 idcirco
297 1500 472 1540 inimicis
502 1507 599 1542 sunt
626 1502 785 1542 traditi.

146 1578 293 1619 Mundi
323 1593 433 1619 anno
462 1577 587 1631 6209,
620 1579 784 1621 divinae
814 1581 1114 1623 incarnationis
1142 1597 1251 1624 anno
1283 1582 1378 1634 709,
1414 1585 1498 1625 Leo
1513 1597 1546 1632 1>-
1562 1585 1633 1621 600

34 1632 269 1687 imperator
296 1635 586 1676 Romanorum
616 1636 893 1690 provehitur,
926 1638 998 1693 qui
1029 1638 1083 1678 24
1116 1638 1339 1693 imperavit
1367 1641 1499 1680 anuis.

32 1690 270 1731 Suheliman
316 1705 417 1731 vero
458 1691 540 1732 dux
569 1693 754 1733 Arabum
795 1694 1012 1747 noscitur,
1053 1696 1126 1750 qui
1154 1695 1289 1736 tribus
1318 1697 1502 1750 praefuit

32 1746 164 1786 annis.
222 1747 306 1787 hoc
346 1747 489 1803 itaque
524 1763 634 1788 anno
665 1750 753 1790 Leo
790 1750 1001 1805 imperare
1029 1751 1171 1805 coepit
1201 1767 1246 1792 ex
1278 1754 1500 1793 Germani-

32 1802 218 1842 censibus
261 1803 495 1857 derivatus,
534 1820 685 1860 genere
715 1806 870 1862 SyruS,
901 1807 973 1862 qui
1007 1823 1030 1847 a
1060 1808 1287 1848 lustiniano
1316 1809 1499 1863 impera-

32 1864 138 1911 tore,
161 1873 257 1899 cum
288 1860 402 1914 prius
450 1867 657 1915 regnaret,
686 1863 939 1903 transfertur
970 1864 1010 1903 in
1041 1865 1331 1905 Mesembriam
1360 1865 1499 1905 Thra-

28 1928 115 1954 cae.
170 1930 307 1969 porro
328 1918 575 1970 posterioris
600 1918 766 1972 imperii
796 1919 859 1960 sui
888 1926 1080 1973 tempore
1101 1935 1195 1960 cum
1224 1922 1387 1962 veniret
1417 1937 1499 1962 una

30 1974 127 2009 cuni
155 1971 422 2026 Vulgaribus,
454 1974 599 2014 obvius
631 1975 670 2014 ei
698 1990 794 2015 cum
823 1977 1065 2016 muneribus
1094 1977 1174 2016 fuit
1200 1978 1341 2017 ovium
1373 1978 1497 2032 quin·

28 2032 262 2079 gentarum.
330 2029 516 2083 placatus
556 2037 696 2071 autem
726 2031 971 2072 lastinianus
1016 2032 1275 2087 spatharium
1302 2034 1496 2089 protinus

27 2081 143 2122 illum
172 2083 285 2133 fecit,
312 2091 355 2125 et
381 2084 529 2126 habuit
555 2085 669 2127 hunc
694 2087 814 2128 sicuti
846 2103 1090 2143 germanum
1118 2090 1312 2131 amicum.
1371 2105 1495 2145 prae-

27 2143 143 2178 terea
174 2139 328 2180 invidia
361 2141 477 2182 ducti
500 2143 670 2198 quidam
691 2143 961 2186 detraxerunt
979 2145 1018 2185 ei
1045 2151 1243 2201 tanquam
1271 2147 1492 2202 imperium

26 2195 257 2248 appetenti.
313 2211 409 2237 cum
438 2213 540 2239 vero
572 2214 699 2254 super
725 2199 807 2240 hoc
846 2201 1035 2255 quaestio
1065 2201 1200 2254 fieret,
1233 2204 1359 2244 veluti
1391 2203 1491 2242 insi-

24 2251 251 2293 mulatores
283 2253 445 2293 confusi
467 2260 574 2295 sunt.
604 2271 699 2296 sane
721 2256 1007 2299 huiuscemodi
1036 2272 1172 2298 sermo
1201 2273 1247 2299 ex
1280 2267 1380 2300 tunc
1410 2259 1490 2299 dici

25 2308 166 2362 coepit
209 2323 233 2348 a
272 2308 423 2350 multis.
493 2311 744 2353 lastinianus
787 2327 888 2367 ergo
930 2314 1028 2355 licet
1074 2315 1287 2356 manifeste
1327 2315 1491 2356 laedere

22 2361 137 2403 hunc
167 2363 375 2415 noluisset,
409 2366 593 2407 taedium
619 2368 787 2423 quidem
804 2369 884 2410 sibi
914 2377 1063 2410 contra
1098 2386 1191 2410 eum
1224 2372 1421 2421 inficitur,
1447 2377 1492 2411 et

21 2418 153 2460 mittit
183 2435 278 2460 eum
306 2421 347 2461 in
378 2422 565 2462 Alaniam
602 2438 699 2463 cum
727 2425 912 2479 pecuniis
953 2427 1006 2467 ad
1040 2428 1361 2467 commovendos
1391 2428 1487 2467 Ala-

25 2488 99 2514 nos
128 2476 322 2518 adversus
353 2479 581 2532 Abasgiam‚
611 2481 824 2521 Saracenis
857 2482 1130 2523 retinentibus
1164 2490 1248 2522 tam
1274 2484 1487 2537 Abasgiam

23 2544 150 2584 quam
177 2534 349 2574 Lazicen
382 2541 423 2575 et
441 2536 670 2576 Hiberiam.
704 2543 745 2576 at
776 2538 843 2578 ille
863 2553 957 2578 cum
983 2546 1181 2593 pergeret
1214 2539 1252 2578 in
1283 2541 1486 2590 Lazicam,

22 2588 216 2640 pecunias
248 2590 418 2645 quidem
455 2593 642 2646 reposuit
685 2593 796 2648 apud
823 2593 1065 2645 phasidem,
1091 2595 1395 2651 perpaucisque
1419 2611 1483 2637 as·-

68 2744 98 2763 *N

87 2769 99 2788 Ι
124 2743 331 2788 incinctaml
368 2754 644 2793 praegnantem,
672 2751 828 2795 plenam,
866 2753 1044 2787 enceinte.
1094 2751 1218 2784 Festus
1242 2752 1481 2799 propinquam

113 2794 234 2836 partui
260 2795 448 2830 mulierem
475 2797 669 2833 incientem
697 2801 817 2834 vocari
841 2800 903 2841 ait,
933 2801 969 2834 in
995 2798 1150 2844 gravida.
1200 2799 1304 2832 Pana.
