1794 3250
732 188 935 230 NOTAE.
1444 183 1543 251 297

74 308 157 358 «tit,
186 305 377 349 codicem
406 307 522 348 annis
549 307 731 358 duobus,
762 313 803 347 et
832 306 1034 347 historiae
1062 307 1175 348 calce
1206 308 1400 348 mutilum
1427 306 1548 349 fuisse

76 368 263 404 constat·
295 378 318 403 a
339 362 591 404 Diocletiani
627 363 788 420 quippe
816 362 1060 417 primordiis
1091 362 1143 402 ad
1162 364 1375 405 Michaelis
1405 366 1548 406 Cnro-

74 419 221 474 palatis
249 418 490 460 abdicatum
535 421 761 474 imperium
804 433 934 460 annos
959 433 1088 474 supra
1114 427 1369 461 memoratos
1399 421 1547 476 viginti

74 480 173 515 octo
201 489 330 530 snpra
366 476 639 531 quingentos,
667 475 1002 531 Theophaneum
1044 474 1129 516 hoc
1158 490 1263 529 opus
1300 484 1544 519 enumerat.

70 531 303 573 Anastasius
337 546 437 573 vero
480 532 823 574 bibliothecarius
861 532 1130 586 Theophanis
1159 546 1266 586 pene
1292 547 1450 587 suppar
1479 535 1546 573 in-

74 593 263 642 terproe,
289 593 331 629 et
373 588 541 630 saeculis
574 589 747 644 integris
775 587 967 630 Cedreno
1006 587 1203 643 superior
1234 588 1380 629 iisdem
1410 591 1545 630 verbis

73 649 116 684 et
143 645 420 699 temporibus,
452 645 600 700 quibus
618 622 888 711 Theophanis
908 644 992 684 hoc
1022 645 1246 698 exemplar,
1276 644 1359 685 hoc
1389 651 1461 696 est,
1492 647 1546 686 ad

73 700 311 756 depositum
351 717 372 741 a
406 701 608 742 Michaele
646 702 957 756 principatum,
1002 716 1084 741 nna
1116 716 1210 742 cum
1243 701 1424 742 miscella
1451 717 1543 742 euin

73 764 228 808 secuta,
252 763 485 812 susceptam
512 758 604 798 finit
633 758 864 799 historiam.
896 758 1101 798 Batonius
1131 756 1183 798 ad
1211 773 1365 798 annum
1396 759 1441 800 C.
1463 758 1546 799 813

71 828 184 854 num.
209 811 239 854 8
279 813 342 854 ad
376 814 485 854 diem
525 829 645 871 usque
688 824 833 870 captae
871 816 1049 856 civitatis
1083 815 1375 881 Λᾰήαηοροίιζς
1411 815 1543 854 ΤΙιεο-

63 870 221 935 phanes
240 870 466 926 perducens
494 872 720 921 histor-mm,
753 871 884 911 eidem
904 869 1047 927 finem
1075 872 1290 926 imposuit.-
1316 886 1388 911 nec
1416 880 1476 910 est
1504 880 1548 910 ut

69 925 156 966 did
178 927 305 980 possit
329 928 542 967 historiam
571 929 804 968 inter-msam
825 941 923 978 esse,
953 927 1064 984 quod
1086 936 1230 967 auctor
1249 929 1544 982 perorationem

73 981 231 1022 nullam
261 988 320 1033 (ut
343 983 472 1023 moris
499 987 570 1032 ese)
592 986 835 1039 apposuerat.
892 983 1098 1039 siqwdem
1128 985 1382 1037 Anastasius,
1404 985 1477 1040 qui
1502 985 1545 1024 ιἰι

70 1037 268 1078 Lau'num
297 1053 389 1080 eam
417 1041 638 1093 transtulit,
682 1049 851 1080 testatur
891 1054 1013 1094 usque
1048 1040 1108 1079 ad
1135 1040 1324 1092 Leonem,
1354 1042 1425 1096 qui
1452 1055 1544 1079 suc-

69 1098 186 1134 cessit
212 1095 615 1150 Michaeli,1psum
642 1111 732 1136 eam
770 1097 1031 1150 scriptionem
1056 1096 1316 1151 perduxisse.
1374 1110 1449 1136 cur
1473 1111 1544 1135 au·

68 1159 148 1190 tem
171 1151 331 1216 rcit'qua
357 1153 524 1207 imperii
545 1152 692 1192 Leonis
718 1168 799 1193 non
819 1154 871 1192 sic
893 1161 1175 1208 prosequutus,
1206 1153 1467 1207 persequutio
1493 1153 1545 1191 ab

66 1221 113 1246 eo
139 1207 346 1259 excitata,
377 1221 464 1263 qua
489 1217 547 1248 est
577 1219 750 1249 vexatus
775 1210 875 1272 ipse
893 1209 1169 1262 Theophanes,
1197 1210 1243 1248 in
1271 1222 1393 1249 eausa
1404 1210 1545 1261 fuisse

68 1262 239 1306 tidelm.
267 1263 569 1319 Theophanem
599 1280 623 1305 a
650 1265 769 1306 finita
794 1263 1042 1320 scriptione,
1074 1278 1184 1305 anno
1217 1265 1365 1320 quinto
1398 1265 1545 1305 obiisse

69 1321 263 1373 superius
291 1321 596 1361 annotavimus.

174 1385 217 1437 3,
230 1385 275 1426 7.
306 1386 425 1427 τοῦτ’
452 1383 568 1428 ἔστιν
597 1383 681 1428 α’πὸ
710 1385 836 1447 εψοζ
866 1386 942 1429 τοῦ
975 1385 1155 1443 κόσμου]
1188 1402 1317 1428 annus
1345 1403 1369 1427 a
1396 1387 1543 1428 mundi

69 1442 246 1483 conditu
279 1442 388 1483 5777
420 1443 462 1483 in
487 1434 739 1484 Diocletiani
772 1445 956 1498 primum
985 1444 1205 1485 incurrens
1234 1461 1257 1484 a
1285 1444 1438 1485 Christi
1469 1460 1543 1484 na-

66 1498 206 1538 talitiis
235 1497 317 1539 277
344 1500 396 1539 ab
424 1507 600 1541 auctore
619 1501 879 1555 Theophane
908 1509 1156 1542 numeratur
1179 1501 1428 1543 succedente
1459 1516 1501 1555 p.
1513 1500 1543 1541 4

68 1554 208 1594 statim
239 1554 292 1595 ad
335 1562 517 1597 aetatum
565 1557 719 1598 ibidem
749 1557 1055 1612 descriptarum
1085 1559 1221 1598 limen.
1281 1557 1407 1598 iidem
1436 1572 1541 1598 vero

67 1611 244 1663 numeri,
272 1618 357 1652 tam
385 1629 407 1653 a
427 1611 570 1653 mundi
595 1614 800 1665 videlicet,
832 1630 956 1669 quam
978 1630 1000 1654 a
1024 1614 1177 1655 Christi
1197 1620 1312 1665 ortu,
1342 1614 1418 1668 ipsi
1446 1619 1543 1653 sunt

68 1683 173 1723 quos
204 1669 376 1723 Georgii
406 1670 587 1726 Syncelli
617 1670 960 1736 chronographia
986 1671 1176 1725 collegit,
1219 1685 1408 1726 quosque
1437 1670 1542 1710 illins

65 1725 337 1766 continuator
356 1726 633 1781 Theophanes
659 1728 1047 1782 impraesentiarum
1064 1728 1181 1783 sequi
1198 1742 1241 1768 se
1259 1728 1406 1768 tacitus
1432 1741 1543 1781 pro-

68 1781 225 1821 fitetur.
282 1797 374 1823 eam
403 1784 604 1838 temporis
633 1790 675 1825 et
696 1798 973 1825 numerorum
1002 1799 1238 1824 mensuram
1268 1790 1368 1824 nota
1396 1798 1542 1823 succe-

67 1837 166 1878 dens
183 1839 389 1879 examinat
409 1846 452 1880 et
470 1840 604 1880 illustl
605 1846 659 1881 at.
691 1841 859 1881 interim
877 1855 984 1896 quae
1006 1841 1236 1881 verborum
1259 1841 1369 1880 iuxta
1402 1840 1541 1881 diver-

63 1909 128 1934 sos
157 1894 322 1937 codices
350 1911 428 1936 mss
454 1898 646 1947 varietas,
678 1898 771 1953 quis
798 1897 981 1938 defectus
1012 1904 1085 1938 aut
1109 1912 1290 1938 excessus
1303 1897 1433 1938 fuerit
1462 1896 1541 1937 ob·-

59 1957 269 2003 servatns,
307 1967 360 1993 ne
389 1955 503 1994 forte
541 1953 718 1995 discessu
754 1969 778 1994 a
809 1955 926 2007 regio
967 1955 1193 2009 exemplari
1222 1953 1445 1994 damnetur
1469 1953 1539 1992 hic

63 2021 276 2061 expressus
306 2009 464 2060 titulus,
493 2024 649 2065 operae
679 2011 870 2065 pretinm
898 2012 1053 2062 fecero,
1085 2011 1119 2052 si
1153 2011 1375 2066 diligenter
1406 2023 1537 2063 expo-

65 2078 171 2102 nam.
230 2065 392 2132 regium
430 2074 527 2120 post
556 2068 686 2108 verba
718 2067 800 2107 iam
839 2067 1022 2108 adducta
1046 2068 1215 2108 scribit:
1243 2065 1535 2120 79moy9acp1'oe

61 2118 166 2159 ἐτων
205 2119 322 2186 φκη’
336 2118 548 2177 ἀρχομένη
591 2121 675 2163 ἀπὸ
722 2121 892 2173 πρώτου
932 2121 1054 2171 ἔτους
1091 2123 1413 2177 Διοκλητιανοῦ,
1455 2122 1536 2168 ἓως

61 2175 262 2228 δευτέρου
293 2173 414 2224 ἔτους
435 2177 631 2246 Μιχαέλ,
646 2179 719 2219 καί
735 2180 952 2246 Θεοφίλου
981 2176 1079 2220 υἱοῦ
1107 2180 1255 2234 αυτοῦ,
1283 2178 1396 2220 τοῦτ’
1422 2174 1535 2218 ἔστιν

60 2229 145 2271 ἀπὸ
181 2230 306 2291 εψοζ
337 2229 455 2281 ἔτους
484 2237 558 2275 τοῦ
584 2233 761 2287 κόσμου,
802 2233 882 2283 ἕως
910 2233 1030 2285 ἔτους
1060 2236 1185 2293 ςτκα’
1216 2214 1323 2276 κατὰ
1346 2230 1533 2285 ‘Pomm'-

60 2300 136 2335 ους
166 2286 303 2344 ςτκαζ
360 2291 611 2332 Barberinus
631 2292 765 2333 codex
797 2282 1075 2334 recentissima
1107 2293 1274 2348 quidem
1305 2306 1431 2331 manu
1461 2304 1535 2330 ex·-

61 2345 255 2399 scriptus,
286 2351 328 2385 at
358 2361 454 2386 cum
483 2348 694 2389 Vaticanis
724 2349 859 2389 tribus
888 2355 931 2389 et
959 2357 1113 2404 quarto
1146 2349 1329 2403 palatino
1360 2360 1533 2399 compa-

61 2406 208 2450 ratffis
259 2402 446 2458 bonique
486 2405 642 2458 publici
686 2406 819 2459 gratia
863 2406 915 2446 ab
946 2406 1083 2446 Emin.
1118 2404 1339 2454 cardinali,
1366 2401 1532 2443 Urbani

57 2456 158 2498 vm
189 2466 357 2512 nepote,
387 2460 569 2500 Parisios
600 2462 759 2501 urbane
785 2463 1052 2515 transmissus,
1083 2478 1233 2528 aeque
1241 2465 1445 2514 corrupte
1470 2458 1533 2498 le-

58 2513 139 2566 git:
168 2516 463 2582 χρονογραφία
494 2515 602 2557 ἐτῶν
610 2511 846 2582 ἀρχομένη
889 2517 974 2558 α’πὸ
1006 2517 1176 2570 πρώτου
1206 2515 1325 2563 ἔτους
1354 2516 1534 2579 Amary-

57 2571 208 2609 τιαυοῦ
234 2568 314 2618 ἕως
345 2570 549 2625 δευτέρου
590 2569 713 2621 ἔτους
744 2571 927 2626 Μιχαὴλ
967 2575 1040 2614 καί
1071 2574 1285 2639 Θεοφϋου
1326 2570 1402 2611 τοῦ
1434 2566 1534 2610 υἱοῦ

58 2625 206 2677 αὕτοῦ
239 2625 365 2682 εψοζ
395 2610 518 2675 ἔτους
545 2629 621 2669 τοῦ
638 2626 812 2680 κόσμου.
842 2627 963 2678 ἔτους
993 2627 1112 2686 ςτκα’
1144 2645 1252 2669 κατα
1283 2624 1384 2674 τούς
1412 2625 1531 2666 Ἀλε-

58 2672 263 2748 ξανδρξῖς,
291 2698 398 2724 κατα
431 2684 478 2725 δὲ
485 2680 725 2736 Ρωμαίους
753 2684 891 2743 ςτκοί.
923 2685 979 2726 ita
996 2688 1222 2727 Vaticanus
1247 2685 1322 2725 sub
1356 2696 1531 2723 numero

59 2734 143 2778 979
172 2739 247 2779 nisi
277 2739 394 2806 quod
416 2739 631 2795 Θεοφίλου
661 2742 767 2792 vice,
800 2743 937 2783 reddit
972 2740 1291 2795 Θεοφυλιὶκτου.
1350 2740 1422 2795 qui
1450 2739 1529 2779 sub

61 2792 140 2833 154
176 2808 276 2849 79⁰.
320 2794 382 2838 ἔτ.
415 2812 502 2853 φκη
551 2797 655 2853 α’ρχ.
697 2794 781 2839 dno
824 2797 992 2853 πρώτου
1040 2800 1152 2851 Mag.
1197 2811 1266 2838 και
1312 2792 1528 2852 Θεοφίλου
