1768 3268
270 187 362 235 159.
463 188 744 232 ANASTAsn
785 188 1045 232 HISTORIA
1085 185 1506 231 ECCLESIASTICA

263 318 437 358 invicem
466 318 648 372 separati
679 324 786 357 sunt.
845 322 885 356 et
915 316 1118 356 Sarbarus
1152 314 1318 370 quidem
1354 313 1501 354 timens
1534 328 1613 367 per
1646 329 1724 354 no-

260 381 368 415 ctem
399 380 515 415 retro
548 389 733 414 reversus
765 380 852 424 est,
896 373 1128 427 imperator
1159 377 1297 411 autem
1325 369 1486 425 populo
1516 385 1590 411 suo
1621 385 1721 411 coa-

258 436 426 471 cervato
478 429 530 470 ad
590 431 735 470 urbem
775 430 1025 485 properavit
1067 427 1314 478 Sebastiam,
1362 433 1405 466 et
1466 441 1563 468 cum
1613 428 1719 483 Alyn

256 481 431 527 fluvium
456 492 771 537 transmeasset,
815 486 855 526 in
886 486 967 527 hoc
998 485 1148 541 gaudio
1191 484 1317 524 totius
1351 481 1497 523 hiemis
1527 490 1721 538 tempore

254 549 536 584 commoratus
567 549 638 583 est.
706 557 841 596 porro
875 542 1078 583 Chosroes
1105 542 1244 581 furens
1273 539 1398 588 misit,
1428 546 1469 580 et
1498 541 1595 580 tulit
1625 541 1719 581 the..

252 614 395 640 sauros
417 604 661 640 cunctarum
682 599 943 639 ecclesiarum
971 598 1147 653 regionis
1170 612 1275 652 quae
1290 596 1364 636 sub
1381 596 1516 636 Persis
1536 603 1596 637 est
1611 612 1717 637 eon-

250 657 424 706 stituta,
468 663 509 697 et
549 656 724 710 cogebat
765 655 1015 695 Christianos
1059 652 1238 694 Nestorii
1278 652 1371 693 fieri
1408 660 1636 695 sectatores
1663 654 1716 695 ad

249 712 616 766 perstringendum
643 712 727 752 sive
759 711 1069 766 percellendum
1100 709 1415 764 imperatorem.

358 780 478 820 Anno
521 778 684 834 imperii
730 779 909 819 Heraclii
954 776 1004 818 16
1038 778 1243 818 Chosroes
1273 778 1499 818 Persarum
1530 793 1602 818 rex
1634 793 1713 820 no..

246 850 340 876 vam
369 836 468 877 fecit
498 836 698 886 militiam,
728 835 930 890 praelium
953 834 1144 886 initurus,
1174 833 1420 888 peregrinos
1452 848 1502 874 ae
1532 835 1640 876 cives
1672 844 1714 878 et

245 906 384 932 servos
417 908 462 932 ex
493 893 604 932 omni
635 892 804 932 natione
832 893 938 932 facta
980 891 1182 931 electione
1212 904 1487 939 coacervans;
1520 906 1600 947 qua
1626 893 1712 934 ele..

117 962 150 996 p.
163 950 231 986 485
246 949 383 989 ctione
398 949 493 988 Sain
523 949 677 989 tradita
699 949 901 1002 praetori,
935 948 1009 987 alia
1036 946 1088 987 50
1109 946 1221 987 milia
1252 962 1298 987 ex
1314 946 1521 1003 phalange
1536 950 1711 990 Sarbari

245 1004 373 1045 electa
398 1005 542 1046 tollens
562 1005 659 1046 huic
674 1005 859 1055 sociavit,
882 1003 1194 1059 nominavitque
1221 1003 1310 1044 illos
1331 1019 1479 1045 aureos
1509 1006 1710 1059 camu'los,

245 1068 285 1101 et
303 1060 380 1101 hos
403 1062 595 1102 adversus
617 1061 914 1115 imperatorem
937 1061 1098 1101 direxit.
1114 1074 1248 1114 porro
1262 1061 1493 1101 Sarburum
1520 1077 1614 1102 enm
1643 1078 1711 1104 re-

245 1117 358 1172 liquo
390 1118 573 1158 exercitu
609 1131 684 1158 suo
716 1124 863 1158 contra
899 1117 1305 1171 Constantinopolim
1344 1118 1480 1170 misit,
1514 1119 1709 1173 quatinus

241 1175 432 1223 Hunnos,
466 1173 537 1229 qui
577 1179 709 1216 essent
749 1173 790 1214 in
816 1173 1066 1224 Occidente,
1099 1188 1203 1228 quos
1226 1177 1379 1215 Avares
1410 1181 1577 1227 vocant,
1612 1190 1708 1216 cum

239 1229 487 1284 Vulgaribus
511 1235 553 1272 et
565 1230 718 1272 Sclavis
745 1237 869 1286 atque
886 1229 1113 1284 Gipedibus
1139 1231 1370 1272 concordia
1401 1231 1595 1285 sociaret,
1626 1234 1707 1273 sic·

271 1301 320 1325 ne
350 1285 544 1326 adversus
574 1287 719 1327 urbem
768 1292 1062 1341 properarent,
1099 1293 1141 1327 et
1171 1287 1279 1327 hane
1308 1289 1565 1329 unanimiter
1594 1289 1707 1329 obsi-

238 1300 397 1382 ilere‘nt.
429 1347 523 1382 cum
556 1350 693 1384 autem
715 1339 794 1383 lioe
816 1344 1025 1384 didicisset
1043 1343 1291 1398 imperator,
1326 1346 1554 1385 exercitum
1582 1360 1705 1387 suum

236 1398 388 1451 triplici
419 1403 542 1454 parte
580 1399 756 1441 divisum
809 1401 1036 1440 transmisit
1080 1400 1131 1442 ad
1173 1401 1495 1442 custodiendum
1538 1402 1702 1454 urbem,

233 1454 476 1508 quibusdam
499 1460 645 1497 'autem
685 1456 846 1499 traditis
886 1456 1117 1497 Theodoro
1158 1457 1282 1498 fratri
1312 1472 1388 1499 suo
1419 1464 1569 1499 contra
1602 1460 1702 1499 Sain

232 1510 387 1552 bellare
409 1512 647 1568 praecepit;
681 1512 893 1554 humiliori
924 1529 1027 1555 vero
1070 1519 1194 1569 parte
1225 1514 1312 1569 ipse
1344 1522 1515 1569 accepta
1547 1516 1588 1555 in
1617 1518 1702 1556 La-

230 1568 357 1607 zicam
384 1575 612 1623 properat,
652 1576 693 1611 et
720 1570 760 1611 in
791 1571 877 1626 ipsa
912 1570 1063 1625 degens
1100 1572 1263 1611 Turcos
1292 1571 1344 1612 ab
1373 1572 1564 1623 Oriente,
1596 1587 1703 1629 quos

232 1623 435 1665 Cliazaros
481 1633 732 1681 nuncupant,
774 1627 813 1668 in
861 1627 1057 1668 auxilium
1099 1627 1292 1669 advocat.
1355 1628 1452 1669 Sain
1483 1644 1586 1670 vero
1618 1645 1701 1673 una

230 1692 325 1719 cum
357 1681 522 1721 noviter
550 1683 681 1723 electo
718 1684 900 1724 exercitu
929 1683 1176 1738 perveniens
1223 1684 1274 1726 ad
1307 1685 1485 1726 fratrem
1515 1686 1701 1739 impera-

229 1735 334 1777 {oris
363 1737 633 1779 Theodorum
660 1739 710 1779 ad
741 1740 896 1780 bellum
924 1741 1115 1782 armavit.
1174 1739 1253 1781 deo
1285 1747 1425 1782 autem
1451 1757 1531 1797 per
1561 1743 1698 1784 inter..

229 1793 424 1833 cessiones
462 1810 625 1850 semper
666 1796 875 1837 laudabilis
921 1797 986 1837 dei
1032 1797 1244 1852 genitricis
1289 1798 1549 1853 opitulante,
1582 1800 1695 1841 bello

229 1849 461 1900 commisso,
494 1853 651 1906 grando
682 1853 929 1894 mirabiliter
950 1862 1097 1895 contr-a
1121 1855 1324 1895 barbaros
1347 1856 1499 1896 cecidit
1524 1870 1699 1897 eorum-

229 1919 310 1958 que
338 1906 539 1960 plurimos
568 1910 763 1964 perculit.
823 1916 865 1950 at
895 1924 996 1951 vero
1037 1911 1142 1951 acies
1170 1913 1460 1952 Romanorum
1489 1913 1696 1969 tranquil-

227 1959 343 2002 litate
374 1963 506 2016 potita
540 1970 612 2004 est.
673 1971 843 2007 vertunt
880 1973 1020 2009 autem
1050 1969 1227 2009 Romani
1266 1969 1424 2020 Persas,
1456 1975 1498 2010 et
1530 1969 1693 2010 interfi-

227 2016 343 2057 ciunt
370 2020 677 2062 multitudinem
708 2024 935 2078 copiosam.
994 2023 1077 2065 hoc
1107 2031 1328 2079 comperto
1367 2025 1572 2066 chosroes
1608 2027 1694 2066 ira-

98 2077 213 2127 p.486
226 2073 356 2113 scitur
383 2082 528 2117 contra
551 2078 659 2130 Sain,
691 2079 760 2134 qui
793 2095 839 2120 ex
870 2082 1000 2121 multo
1033 2081 1157 2121 animi
1180 2082 1345 2122 defectu
1379 2083 1419 2122 in
1445 2083 1688 2138 languorem

225 2128 408 2171 incidens
449 2134 651 2183 moritur;
699 2135 812 2177 cuius
846 2151 999 2191 corpus
1042 2138 1149 2178 iussu
1196 2139 1394 2179 Chosrois
1435 2140 1599 2180 salitum
1640 2140 1692 2180 ad

225 2201 319 2226 eum
350 2187 531 2228 delatum
560 2195 640 2237 est;
672 2206 792 2247 quem
826 2192 891 2233 ille
918 2200 1134 2235 mortuum
1151 2195 1291 2236 multis
1320 2195 1510 2237 submisit
1537 2197 1692 2237 verbe-

223 2242 352 2283 ribus.
408 2259 541 2298 porro
572 2246 745 2287 Chazari
785 2249 977 2305 disruptis
1010 2251 1164 2306 Caspiis
1204 2253 1340 2307 portis
1369 2252 1582 2293 Persidem
1612 2253 1691 2293 ad-

221 2306 322 2340 eunt
355 2299 394 2340 in
427 2302 637 2354 regionem
667 2304 897 2361 Adrahigae
928 2321 1007 2346 una
1051 2323 1144 2348 cum
1181 2315 1379 2364 praetore
1407 2324 1483 2350 suo
1511 2310 1687 2361 Zihebil,

221 2355 294 2411 qui
321 2355 521 2411 dignitate
562 2360 762 2399 secundus
802 2377 823 2401 a
865 2362 1076 2418 chagano;
1122 2371 1164 2405 et
1205 2366 1245 2406 in
1290 2381 1567 2421 quaeeunque
1596 2366 1687 2407 loca

219 2414 532 2467 peragrabant,
568 2421 652 2455 tam
692 2417 834 2458 Persas
865 2419 1232 2472 deprehendebant
1276 2438 1400 2477 quam
1429 2423 1614 2464 civitates
1644 2431 1688 2465 et

218 2467 329 2506 villas
361 2469 444 2523 igni
468 2470 702 2512 tradebant.
758 2475 970 2527 profectus
1001 2492 1101 2518 vero
1130 2474 1364 2533 imperator
1395 2494 1417 2518 a
1447 2480 1594 2520 Lazica
1623 2480 1686 2521 his

217 2526 419 2567 occurrit.
492 2526 652 2567 Zihebil
699 2536 834 2569 autem
880 2531 959 2571 lioc
988 2533 1074 2573 viso
1122 2536 1356 2576 accelerans
1388 2537 1687 2590 complectitur

217 2580 368 2620 collum
400 2582 483 2622 eius
513 2589 554 2623 et
572 2583 720 2626 adorat
742 2601 849 2636 eum,
870 2587 1002 2627 Persis
1032 2590 1207 2631 civitatis
1232 2588 1551 2646 aspicientibus:
1586 2594 1683 2632 uni..

216 2650 356 2678 versus
385 2647 521 2679 autem
537 2641 775 2682 Turcoruin
807 2645 985 2697 populus
1008 2645 1045 2684 in
1073 2652 1228 2687 terram
1248 2649 1455 2700 cadentes,
1486 2665 1533 2690 ac
1555 2650 1683 2704 proni

213 2697 340 2746 'super
371 2696 516 2736 faciem
543 2698 710 2749 extenti,
741 2698 1034 2754 imperatorem
1077 2702 1291 2745 honorant
1324 2706 1488 2747 honore
1519 2707 1591 2762 qui
1621 2712 1682 2746 est

215 2749 326 2802 apud
370 2752 538 2805 gentiles
580 2760 808 2796 extraneus.
879 2756 1068 2797 similiter
1108 2760 1321 2815 principes
1363 2776 1514 2803 eorum
1552 2768 1689 2817 Supra·

213 2819 304 2847 saxa
334 2809 655 2852 conscendentes
679 2811 825 2853 codem
845 2813 1050 2855 schemate
1078 2818 1322 2870 procidunt.
1356 2819 1509 2860 obtulit
1539 2814 1678 2860 autem
