1728 3184
523 154 707 199 NOTAE
745 156 1126 202 POSTERIORES.
1433 157 1495 204 66
1504 162 1524 203 1

81 265 274 308 mutanda
305 280 387 307 non
417 275 531 320 esset,
562 271 622 310 uti
654 270 735 309 iam
769 271 808 309 in
831 271 999 311 Tarasio
1031 279 1073 314 et
1105 273 1192 327 ipso
1222 288 1268 314 ex
1296 272 1407 314 laicis
1424 288 1529 328 pro-

79 329 197 363 moto
228 323 601 374 dissimulaverant3
621 340 719 381 'quo
752 327 874 365 etiam
907 329 1033 367 amice
1051 330 1125 369 sub
1155 331 1284 383 ipsum
1306 330 1530 370 sacerdotii

79 379 258 430 initium,
289 386 460 434 tumque
488 382 650 423 sublato
682 383 889 432 Scantinio,
922 399 969 422 ac
999 393 1137 424 amoto
1175 385 1346 439 iosepho
1377 385 1530 426 Catha-

77 450 228 476 rorum
261 439 500 490 praeposito
544 440 789 478 incestarum
836 441 1071 492 nuptiarum
1111 442 1317 494 ministro,
1348 442 1407 482 usi
1437 442 1529 482 fue..

79 499 189 536 rant.
247 492 422 532 offendit
441 493 606 548 quidem
625 495 744 534 Plato
772 495 811 534 in
832 495 1053 549 Nicephori
1078 498 1286 545 electione,
1317 498 1383 537 sed
1415 498 1530 553 quod

78 562 159 603 per
191 547 330 588 literas
368 550 607 604 suffragium
652 558 818 605 rogatus
862 552 911 590 ab
953 552 1228 604 imperatore,
1279 554 1405 594 iibere
1436 568 1530 594 eum

79 603 314 659 praesulem
341 605 527 656 edixerit,
558 621 679 661 quem
710 614 826 648 tauto
858 609 1018 647 muneri
1052 609 1255 661 aptiorem
1287 616 1529 662 putaverat3

79 660 280 716 quodque
311 667 356 702 ut
394 661 461 702 ille
503 663 802 716 praeficeretur
835 663 892 703 ita
931 664 1096 704 adnixus
1129 664 1193 715 sit,
1223 672 1268 704 ut
1297 666 1418 705 etiam
1451 665 1530 705 im-

78 718 290 771 peratoris
316 725 524 758 secretum
555 719 718 759 cuidam
751 735 796 759 ex
826 720 1073 773 proceribus
1107 721 1307 774 sanguinis
1338 721 1532 762 affinitate

79 773 214 814 eidem
246 774 501 825 coniuncto,
532 772 923 816 communicaverit:
965 790 1049 831 quo
1083 777 1237 816 scilieet
1266 791 1336 816 sua
1366 777 1431 817 ille
1458 793 1532 816 au-

82 831 283 871 ctoritate
312 844 410 884 erga
442 831 738 885 imperatorem
782 833 1003 885 obtineret,
1037 839 1084 872 ut
1113 832 1152 871 in
1183 847 1275 873 eum
1303 833 1533 887 imperator

79 892 180 927 vota
209 901 282 927 sua
310 888 536 939 conferret,
566 903 688 943 quem
720 889 750 928 is
781 888 838 927 illi
867 890 1077 942 potissime
1106 903 1152 928 ex
1185 889 1371 928 omnibus
1401 890 1534 928 nomi-

76 949 220 983 nasset.
278 949 417 983 secuta
446 943 545 984 haee
576 944 734 999 losephi
772 945 1049 985 Catharorum
1090 945 1316 998 praepositi
1347 945 1426 985 iam
1454 946 1535 984 Ta-

79 999 188 1040 rusio
218 999 413 1050 abdicati,
444 1001 671 1041 restitutio:
720 1007 850 1055 utque
894 1015 977 1041 non
1021 1001 1141 1042 aliter
1179 1002 1339 1041 Tarasii
1367 1001 1533 1041 admissa

80 1056 323 1111 communio
355 1056 542 1108 Platoni,
572 1072 620 1097 ac
650 1056 879 1111 discipulis,
909 1073 1031 1112 quam
1070 1057 1287 1111 Iosephum
1319 1058 1386 1098 ine
1409 1058 1534 1098 sacris

79 1119 269 1160 arceret;
287 1112 345 1152 sic
361 1119 403 1152 et
421 1114 471 1154 ab
490 1113 629 1154 iisdem
647 1113 1009 1168 etiam‘Nicephori
1027 1119 1182 1167 spreta,
1209 1121 1428 1169 postquam
1449 1115 1536 1167 ipse

82 1173 130 1210 ut
159 1169 426 1224 imperatoris
455 1171 631 1224 gratiam
659 1170 783 1210 iniret
812 1170 862 1210 ad
889 1170 1062 1225 pristina
1092 1184 1186 1210 eum
1211 1171 1350 1210 munia
1383 1171 1535 1210 instau-

80 1233 267 1268 raverat.
326 1232 457 1266 totam
478 1242 577 1281 ergo
609 1227 650 1267 in
684 1228 824 1266 ambos
851 1226 988 1274 duces,
1019 1240 1067 1266 ac
1100 1226 1318 1280 discipulos
1347 1241 1443 1266 vere
1473 1225 1535 1265 di-

81 1297 204 1338 gnam
234 1281 366 1323 tuctus
396 1284 651 1337 tragoediam
682 1288 870 1323 executus
908 1283 1154 1322 Theodorus
1182 1284 1240 1322 sie
1272 1297 1432 1322 causam
1463 1297 1533 1322 ex·-

79 1338 220 1394 plicat.
276 1335 351 1378 καί
392 1339 527 1379 ταῦτα
561 1337 663 1391 ὑπὲρ
706 1340 825 1385 τίνος.
859 1335 984 1378 πάλιν
1009 1336 1089 1390 γὰρ
1124 1335 1436 1390 τίναλα,ιιβάνειν
1463 1337 1533 1378 ἐκ-

79 1392 226 1448 πλήξει
254 1391 301 1435 τὸ
332 1392 474 1448 ὃράμα
506 1395 824 1447 περιπονοῦμαι.
882 1392 932 1435 ἵν’
961 1391 982 1434 ὁ
1011 1391 1284 1446 στεφανώσας
1312 1391 1409 1441 τούς
1435 1407 1535 1443 μοι-

79 1449 300 1503 χωμένους
341 1450 457 1504 παρὰ
503 1448 548 1491 τὸ
580 1450 817 1503 εὐαγγέλιον
858 1449 966 1489 κατὰ
1003 1445 1215 1490 ἀντίθεσιν
1242 1449 1318 1490 τοῦ
1354 1445 1535 1500 προδρό-

79 1521 180 1559 μου,
209 1504 264 1554 ὥς
293 1506 528 1558 οἰκονομίαν
556 1505 760 1559 σωτήριον
786 1507 835 1561 τῇ
864 1506 1059 1561 ἐκκλησίᾳ
1075 1504 1320 1559 πεποιηκώς,
1347 1505 1538 1560 άθωωθῇ

82 1563 161 1604 τοῦ
187 1559 444 1616 ἱερουργεῖν·
512 1563 584 1603 καί
624 1561 663 1604 οἱ
690 1563 829 1602 τοῦτον
858 1560 916 1615 μή
958 1562 1224 1612 προσίεμενοι
1251 1561 1537 1613 εύαγγελικῶς,

81 1615 252 1670 ἕκνομοι
280 1620 354 1659 καί
397 1617 722 1671 ἦλλοτριωμένοι
757 1619 861 1658 θεοῦ
905 1618 1152 1669 νομίζοιντο.
1226 1611 1261 1656 <2¹2⁸
1287 1614 1405 1667 νόμοι
1432 1617 1539 1656 θεοῦ

84 1670 486 1730 καταφρονούμενοι.
520 1670 554 1714 ὦ
584 1674 756 1715 διώκτου
778 1673 940 1726 πικροῦ,
968 1673 1232 1724 Χριστιανοῦ
1262 1675 1542 1731 προσηγορίαν

85 1727 266 1783 ἔχοντος,
296 1731 368 1770 καί
384 1731 576 1783 Χριστοῦ
601 1729 754 1781 νόμους
775 1731 1108 1770 καταπατεῖσθαι
1136 1728 1308 1779 ζέοντος.
1366 1726 1413 1769 τί
1435 1723 1542 1767 οὕτω

83 1788 277 1843 με’μῃνας
317 1783 598 1841 βαρυκάρὸιε,
643 1787 715 1826 καί
741 1786 992 1838 α’πηνέστατε
1030 1782 1110 1825 συν
1137 1784 1195 1840 τῷ
1223 1780 1440 1840 ὄμοτρόπῳ
1465 1797 1542 1823 σου

85 1838 271 1899 σκύμνῳ.
332 1844 408 1882 οὐκ
440 1838 568 1884 οἶσθα
598 1838 659 1883 ὅτι
703 1839 806 1892 πρὸς
835 1839 1060 1896 ἀηττήτους
1086 1837 1239 1891 νόμους
1267 1839 1373 1880 θεοῦ
1406 1854 1542 1891 παρα-

85 1896 237 1954 τάσσῃ,
267 1895 342 1947 οὓς
380 1899 521 1947 ου’ὃείς
556 1894 894 1952 βασιλευσάντων
925 1897 1156 1950 νενίκηκεν·
1212 1892 1271 1949 μὴ
1303 1889 1368 1935 ὅτι
1396 1909 1442 1947 γε
1473 1892 1545 1933 καί

85 1956 383 2007 προσκρούσας
411 1950 559 2002 αὐτοῖς
588 1953 645 2002 ὦς
674 1951 727 1994 σύ
757 1954 1024 2008 περιφανῶς,
1058 1947 1264 1992 α’πώλετο.
1321 1953 1416 1991 haec
1443 1964 1542 1990 vero

87 2012 199 2052 cuius
223 2013 393 2066 gratia?
419 2013 564 2051 iterum
606 2013 712 2051 enim
750 2025 852 2064 prae
892 2018 1057 2064 stupore
1071 2009 1264 2058 fabulam
1292 2009 1346 2047 ab
1372 2021 1450 2046 ovo
1480 2021 1543 2044 re-

80 2077 217 2125 petere
265 2070 410 2108 enitar.
484 2082 650 2123 nempe,
681 2077 723 2107 ut
751 2069 785 2106 is
800 2098 811 2118 ,
839 2068 911 2123 qui
946 2066 1146 2121 nuptiales
1188 2065 1356 2104 corollas
1381 2071 1545 2117 praeter

85 2124 289 2178 evangelii
317 2125 419 2174 iura,
447 2139 495 2163 ac
514 2126 716 2164 contrario
733 2123 984 2176 praecursori
1001 2122 1216 2170 molimine,
1244 2119 1437 2158 adulteris
1463 2119 1543 2155 im-

80 2190 285 2236 posuerat,
322 2181 432 2220 velut
474 2182 549 2236 qui
567 2181 788 2234 prudenter
830 2195 850 2218 e
878 2194 921 2218 re
946 2178 1131 2217 ecclesiae
1159 2176 1315 2229 egisset,
1347 2174 1542 2213 innoxius

88 2251 301 2278 sacrorum
334 2237 514 2277 minister
538 2238 762 2276 sanciretur
769 2250 784 2286 ,-
814 2236 936 2287 iique,
966 2237 1042 2287 qui
1066 2248 1122 2273 ex
1148 2231 1345 2284 evangelii
1374 2229 1543 2269 rationi-

89 2295 161 2335 bus
189 2308 268 2334 non
297 2293 563 2343 admitterent,
591 2294 724 2345 iniqui
739 2307 787 2331 ac
814 2293 985 2330 alienia
1014 2289 1090 2328 deo
1116 2288 1355 2327 haberentur.
1384 2300 1409 2325 o
1434 2299 1544 2347 spre-

85 2347 146 2390 tas
173 2350 242 2390 dei
271 2350 371 2403 leges
385 2352 402 2389 ,Ι
429 2364 452 2389 o
483 2363 646 2389 saevum
662 2348 888 2388 Christiano
916 2347 1076 2387 nomine
1096 2351 1391 2399 persecutorem,
1423 2341 1542 2403 Clari-

87 2408 217 2462 stique
237 2407 347 2460 ‚leges
358 2407 536 2458 fervore
559 2400 712 2444 ⁴animi
738 2403 1063 2443 conculcantem!
1133 2398 1235 2453 quid
1259 2399 1317 2437 ita
1345 2398 1544 2437 dementia

76 2461 204 2518 furis,
232 2464 348 2502 homo
375 2463 500 2516 gravi
527 2462 666 2510 corde,
704 2474 756 2500 ac
786 2460 1100 2506 immanissime,
1130 2469 1207 2493 una
1233 2468 1318 2492 cum
1349 2453 1426 2492 tibi
1456 2465 1545 2515 mp-

88 2534 177 2560 rum
207 2520 363 2559 aemulo
393 2529 459 2558 tuo
486 2518 615 2558 catulo
631 2521 650 2556 ?
704 2517 827 2556 nescis
850 2516 1035 2555 adversus
1063 2511 1231 2551 invictas
1259 2509 1327 2548 dei
1350 2510 1453 2561 leges
1482 2521 1546 2571 ¹.'²‘

88 2585 235 2616 structa
262 2585 298 2615 te
326 2576 410 2614 acie
428 2584 545 2624 stare,
569 2588 665 2629 quas
689 2573 819 2612 nullus
840 2573 1056 2626 imperator
1073 2569 1229 2606 vincere
1250 2565 1384 2629 pot-uit
1397 2582 1408 2602 .·
1429 2577 1548 2627 ([ιιιη-

89 2633 210 2673 immo
239 2631 415 2687 quisquis
443 2631 487 2670 in
516 2643 589 2670 eas
614 2629 790 2683 offivzclit,
823 2627 932 2682 quod
956 2636 996 2666 tu
1021 2624 1162 2677 palam
1191 2621 1358 2672 molins,
1382 2627 1516 2674 pet-ut.

201 2695 298 2750 748,
326 2698 365 2739 9.
424 2692 750 2748 ἐπεστράτευσεν
779 2691 941 2745 Ἀαρών
971 2690 991 2730 ni
1017 2691 1109 2730 τῶν.
1142 2686 1193 2728 ‘ca'
1209 2701 1253 2726 τε
1280 2689 1449 2738 γενναῖα
1478 2683 1549 2735 τῆς

88 2754 394 2809 ταλαιπωρίας]
424 2755 633 2796 ostendens
663 2762 814 2807 quanta
845 2753 905 2791 vis
947 2747 1200 2801 calamitatis
1217 2744 1370 2796 existat,
1400 2741 1546 2782 multa-
