1768 3268
554 223 623 264 Ex
662 220 1013 264 THEOPHANE.
1452 215 1514 262 71

45 337 323 382 severantiam
367 342 518 379 contra
550 335 644 377 illos
693 334 766 392 qui
801 334 883 376 sibi
926 350 1011 376 non
1051 337 1432 389 communicabant,
1478 341 1521 377 et

47 396 203 438 multos
241 392 412 450 quidem
453 392 676 434 tormentis
715 391 881 443 affecit,
924 392 1193 447 quorundam
1232 410 1333 436 vero
1374 395 1522 436 domos

46 452 223 494 tradidit
251 450 351 507 igni,
387 451 444 492 ita
476 456 523 490 ut
552 450 845 490 aestimaretur
874 449 973 489 urbs
1005 465 1028 490 a
1058 450 1250 491 barbaris
1284 458 1418 507 capta.
1449 465 1523 492 ne·

47 510 160 552 cavit
187 514 330 550 autem
359 513 402 548 et
429 506 698 548 Athanasium
738 505 960 546 diaconum
1002 507 1044 547 S.
1072 508 1421 561 Resurrectionis,
1450 524 1522 549 ex-

46 567 323 622 probi-antem
351 571 394 604 et
420 568 666 619 arguentem
703 562 787 603 eius
823 561 1107 618 impietatem,
1138 569 1182 604 et
1219 565 1303 605 eius
1334 570 1522 606 sanctum

46 636 203 678 corpus
247 636 328 677 per
365 619 579 661 civitatem
626 620 792 675 pompis
838 619 1088 661 circundans
1133 621 1302 662 canibus
1333 622 1522 664 tradidit,

45 681 236 720 Domnus
266 691 370 719 vero
402 676 741 731 archiepiscopus
774 674 1059 718 Antiochenus
1083 677 1123 718 in
1160 678 1373 718 heremum
1401 680 1522 733 fugit,

44 740 87 777 et
119 734 323 778 Iuvenalis
354 733 768 790 Hierosolymitanus.
838 745 972 786 porro
1013 749 1108 775 cum
1149 735 1341 789 pestilens
1376 736 1522 776 Theo-

46 793 184 833 dosius
224 806 303 847 per
330 789 383 832 20
411 805 568 831 menses
610 790 811 831 thronum
843 789 1271 847 Hierosolymitanum
1310 793 1521 844 tenuisset,

47 848 175 890 iussus
197 854 258 890 est
281 846 610 903 eomprehendi3
642 847 715 903 qui
749 846 906 901 fugiens
923 847 964 887 in
991 855 1177 888 montem
1192 849 1388 890 Sinaeum
1417 863 1522 904 pro-

46 906 238 960 peravit3
270 918 356 961 quo
384 905 481 959 fuga
512 904 626 958 lapso
655 918 738 943 una
768 918 863 943 cum
892 902 955 944 his
1002 919 1108 960 quos
1139 905 1226 960 ipse
1256 912 1521 961 provexerat,

48 961 206 1004 iterum
238 961 438 1002 luvenalis
473 959 677 1002 thronum
707 974 825 1000 suum
857 961 1028 1015 recepit.

158 1021 324 1060 interea
352 1017 553 1058 Maximus
585 1017 752 1058 Maximi
782 1030 910 1071 nepos
931 1023 1158 1074 tyrannum
1183 1017 1520 1059 Valentinianum
1536 1033 1572 1069 p.
1599 1021 1664 1057 167
1690 1022 1736 1057 20

45 1076 253 1130 peremit,
294 1082 338 1117 et
363 1074 579 1115 Eudoxiae
621 1073 661 1113 vi
697 1074 920 1114 associatus
952 1075 1177 1129 imperium
1209 1091 1380 1131 quoque
1411 1077 1524 1116 obti-

46 1132 167 1174 nuit:
202 1146 282 1187 per
305 1146 415 1187 quae
445 1145 624 1186 namque
655 1130 747 1186 quis
778 1137 936 1186 peccat,
963 1146 1044 1186 per
1075 1147 1122 1172 ea
1152 1147 1325 1188 quoque
1357 1139 1398 1173 et
1426 1147 1526 1173 cor-

45 1188 217 1243 ripitur.
283 1188 396 1228 inter
437 1187 540 1227 baec
586 1201 688 1243 ergo
719 1187 910 1228 Eudoxia
950 1194 1139 1229 coartata
1173 1195 1214 1230 et
1245 1189 1403 1229 nullum
1433 1191 1526 1230 sore

47 1245 246 1286 auxilium
288 1260 312 1285 a
340 1243 542 1301 Byzantio
571 1243 812 1284 Theodosio
861 1250 982 1298 patre
1021 1260 1097 1286 suo
1127 1250 1169 1285 et
1198 1245 1419 1286 Pulcheria
1449 1245 1526 1287 de..

48 1302 199 1343 functis
228 1301 486 1352 existimans,
528 1300 698 1341 arcessit
735 1300 1010 1341 Gezerichum
1049 1302 1099 1342 ad
1149 1301 1295 1342 urbem
1333 1305 1525 1352 Romam,

48 1373 199 1413 rogans
229 1373 253 1398 a
281 1357 447 1398 Maximi
478 1356 701 1414 tyrannide
730 1356 914 1398 liberari.
972 1373 1119 1413 magna
1149 1372 1251 1398 vero
1284 1373 1378 1399 cum
1409 1359 1526 1400 classi

46 1414 327 1456 Gezerichum
354 1415 532 1455 Romam
570 1413 831 1468 navigantem
871 1415 1072 1455 Maximus
1110 1415 1259 1455 timens
1303 1416 1401 1471 fuga
1431 1431 1526 1457 usus

47 1478 132 1513 est:
162 1470 207 1512 hi
236 1485 339 1511 vero
370 1471 444 1526 qui
481 1484 577 1511 cum
607 1469 697 1525 ipso
729 1477 862 1520 erant,
894 1470 1199 1512 interemerunt
1230 1486 1339 1515 eum.
1398 1487 1527 1527 prae.

47 1534 165 1569 terea
185 1526 438 1569 Gezerichus
467 1527 633 1567 nemine
665 1526 743 1566 sibi
773 1528 991 1568 resistente
1021 1527 1214 1568 introivit
1232 1530 1408 1569 Romam
1438 1535 1527 1570 ter-

45 1585 104 1624 tia
135 1585 203 1625 die
229 1584 399 1625 Maximi
426 1585 579 1639 fugae,
610 1588 653 1625 et
678 1584 848 1624 sublatis
898 1585 1091 1625 omnibus
1121 1586 1322 1639 pecuniis,
1354 1592 1394 1626 et
1422 1585 1526 1626 civi·

44 1641 141 1682 tatis
168 1641 379 1682 miraculis
409 1641 449 1682 in
482 1654 603 1681 naves
633 1641 824 1694 receptis,
854 1640 894 1680 iu
918 1642 1069 1696 quibus
1099 1646 1221 1682 erant
1251 1642 1525 1684 ecclesiastica

47 1697 201 1738 cimilia
230 1703 322 1739 tota
353 1711 400 1738 ex
429 1712 550 1746 auro,
579 1696 786 1752 lapidibus
817 1698 1011 1751 pretiosis
1048 1704 1210 1748 ornata,
1240 1705 1282 1739 et
1312 1715 1405 1740 vasa
1439 1700 1527 1740 Ile-

45 1754 206 1806 braica,
234 1769 344 1811 quae
373 1754 491 1795 Titus
522 1753 768 1808 Vespasiani
799 1755 904 1795 filius
935 1760 1032 1809 post
1063 1756 1350 1808 captivitatem
1370 1756 1526 1796 Hiero..

44 1812 303 1867 solymorum
334 1812 513 1852 Romam
538 1811 763 1863 detulerat,
794 1827 874 1851 una
907 1826 1004 1851 cum
1032 1811 1225 1853 Eudoxia
1253 1813 1526 1869 imperatrice

46 1882 95 1909 ac
123 1868 285 1909 filiabus
311 1869 396 1908 eius
429 1869 469 1908 in
503 1868 685 1908 Africam
716 1867 939 1923 navigavit.

156 1925 262 1966 Erat
300 1930 440 1966 autem
471 1925 706 1965 Marcianus
757 1924 984 1966 admodum
1030 1924 1273 1979 religiosus,
1304 1931 1347 1966 et
1374 1925 1523 1966 timens
1536 1938 1572 1973 p·
1596 1924 1665 1960 169
1693 1925 1735 1960 17

46 1979 184 2033 deum,
213 1979 287 2037 qui
314 1997 408 2022 cum
438 1981 598 2022 letaniis
630 1981 776 2036 Campi
806 1981 932 2036 pedes
962 1981 1201 2030 excedebat,
1235 1982 1363 2022 multa
1396 1997 1523 2037 egen-

45 2037 156 2078 tibus
186 2037 386 2079 beneficia
407 2044 633 2093 praestans.
693 2037 809 2094 quod
842 2038 1005 2079 intuens
1036 2038 1249 2079 Anatolius
1279 2039 1522 2093 patriarcha

45 2101 89 2136 et
118 2094 205 2149 ipse
232 2094 283 2135 de
299 2100 442 2136 cetero
476 2110 560 2136 non
584 2094 742 2150 phorio
766 2101 960 2149 portatus
986 2095 1215 2136 secundum
1244 2110 1421 2145 morem,
1451 2096 1523 2136 sed

45 2150 174 2206 pedes
210 2151 380 2192 letanias
419 2152 570 2194 faciens
612 2151 846 2195 incedebat.
905 2152 1153 2193 Timotheus
1174 2157 1311 2192 autem
1343 2152 1521 2194 Helurus
1534 2162 1570 2197 P·
1594 2151 1660 2188 170
1686 2147 1711 2184 4

45 2208 260 2249 molimine
287 2223 382 2249 usus
413 2215 543 2250 noctu
572 2208 692 2249 cellas
732 2209 1041 2250 monachorum
1079 2209 1343 2259 circumibat,
1372 2225 1523 2250 unum-

47 2279 259 2321 quemque
287 2279 439 2306 vocans
470 2281 518 2307 ex
550 2266 742 2316 nomine,
788 2280 873 2321 quo
907 2265 1188 2320 respondente
1218 2266 1384 2306 dicebat
1415 2270 1521 2320 “ogo

47 2322 214 2377 angelus
245 2336 335 2362 sum
380 2321 519 2368 dicere
559 2323 778 2371 omnibus,
824 2327 871 2362 ut
907 2322 1131 2363 abscedant
1171 2338 1194 2362 a
1226 2323 1522 2363 communione

46 2378 234 2419 Proterii
262 2384 303 2419 et
332 2393 480 2419 eorum
510 2378 583 2434 qui
606 2377 872 2420 Chalcedone
903 2394 1154 2430 convenere,
1185 2386 1227 2420 et
1251 2379 1522 2420 Timotheum

47 2434 251 2476 Helurum
282 2435 322 2475 in
355 2435 599 2489 episcopum
627 2435 900 2476 Alexandriae
930 2436 1208 2490 provehant.'’

157 2492 304 2533 Mundi
333 2506 442 2532 anno
474 2490 608 2544 5950,
638 2491 803 2533 divinae
840 2492 1138 2534 incarnationis
1170 2507 1278 2532 anno
1309 2489 1406 2542 450,
1434 2492 1519 2532 Leo

47 2546 228 2602 imperat
269 2555 500 2589 coronatus
545 2549 595 2587 ab
629 2548 824 2589 Anatolio
855 2549 1106 2603 patriarcha,
1137 2548 1382 2588 Timotheus
1417 2558 1520 2587 vero

46 2612 329 2657 cognomento
357 2605 536 2645 Helurus
565 2606 854 2646 Alexandriam
893 2606 1107 2647 civitatem
1143 2605 1355 2644 turbabat.
1413 2605 1518 2644 mul-
1534 2607 1646 2652 p.17l

47 2660 230 2702 titudine
259 2662 420 2717 quippe
451 2662 736 2716 inquietorum
767 2663 960 2703 virorum
996 2669 1135 2716 empta
1174 2661 1391 2716 tyrannice
1425 2662 1520 2701 Ale-

46 2717 243 2759 xandriae
272 2718 411 2759 sedem
454 2718 662 2769 obtinuit,
706 2725 749 2760 et
778 2735 872 2760 cum
917 2719 1129 2774 depositus
1159 2724 1275 2767 esset,
1304 2733 1323 2757 a
1357 2717 1520 2758 duobus

49 2771 244 2827 depositis
272 2776 535 2829 provehitur.
606 2775 716 2816 unde
762 2777 901 2817 omnia
947 2775 1138 2817 scandala
1176 2789 1301 2828 penes
1347 2775 1521 2814 Alexan-

50 2828 183 2871 driam
214 2839 308 2873 orta
334 2839 457 2873 sunt:
489 2833 650 2874 cunctis
679 2833 789 2874 enim
818 2834 933 2874 orbis
963 2839 1102 2873 terrae
1123 2830 1407 2872 sacerdotibus
1439 2831 1519 2871 dif-
