1728 3242
220 187 318 232 218
443 189 620 231 ANAST
622 188 726 230 Asu
766 186 1025 230 HISTORIA
1051 183 1462 229 ECCLESIASTICA

218 306 274 345 ita
304 305 412 344 facta
442 311 500 344 est
531 303 790 344 consuetudo
820 303 945 344 dandi
985 303 1098 343 binas
1129 302 1293 355 siliquas
1325 298 1680 340 administratori..

215 361 316 411 bus,
348 375 443 400 cum
483 374 613 400 annus
651 366 752 401 esset
781 376 803 399 a
825 360 1068 400 conditione
1093 358 1263 413 quidem
1293 355 1437 396 mundi
1469 355 1579 395 iuxta
1594 357 1680 396 Ro-

213 430 355 457 manos
384 417 435 456 ab
451 416 579 456 Adam
610 414 736 466 6248,
767 417 992 457 secundum
1016 413 1240 468 Aegyptios
1272 426 1374 452 vero
1404 426 1475 452 seu
1501 412 1679 453 Alexan-

214 473 355 513 drinos
388 471 511 526 6232,
543 488 565 513 a
592 472 786 526 Philippo
820 472 1044 513 secundum
1073 468 1318 511 Macedones
1349 466 1468 509 1063.
1527 483 1678 523 regna-

215 530 274 569 vit
303 527 413 569 enim
451 530 537 569 Leo
577 529 626 569 ab
665 537 814 569 octavo
856 528 934 568 kal.
977 526 1230 580 Apriliarum
1272 524 1456 565 decimae
1508 526 1680 580 quintae

213 585 449 625 indictionis
479 599 609 640 usque
638 585 688 625 ad
720 584 923 625 decimum
951 589 1151 638 quartum
1180 581 1262 620 kal.
1296 581 1415 621 Iulias
1443 596 1579 622 nonae
1611 582 1678 621 in-

214 641 431 693 dictionis,
465 656 560 682 cum
605 647 810 696 regnasset
838 640 952 679 annis
982 635 1057 688 24,
1100 637 1306 691 mensibus
1346 637 1397 688 Q,
1432 638 1576 679 diebus
1605 638 1674 678 25.

211 697 399 738 similiter
428 697 717 738 Constantinus
748 697 852 737 filius
885 696 984 743 eius,
1018 694 1185 749 imperii
1231 700 1272 734 et
1298 693 1520 748 impietatis
1552 694 1679 748 ipsius

211 768 452 804 successor,
485 753 535 793 ab
571 753 714 794 eodem
748 753 909 793 decimo
938 758 1090 807 quarto
1130 751 1210 797 kal.
1245 750 1364 791 lulias
1398 766 1533 791 nonae
1566 750 1679 791 indi-

214 810 361 850 ctiouis
392 824 522 864 usque
561 809 612 849 ad
655 809 858 849 decimum
895 814 1091 848 octavum
1132 807 1211 847 kal.
1241 807 1464 847 Octobrias
1495 807 1680 847 decianae

215 872 387 921 quartae
417 865 664 917 indictionis,
694 880 787 906 cum
810 870 1016 920 regnasset
1038 871 1079 905 et
1108 863 1195 918 ipse
1223 863 1339 904 annis
1371 862 1440 915 34,
1471 864 1678 904 mensibus

213 922 252 973 3,
280 921 423 962 diebus
446 923 483 963 2.

323 989 482 1029 Taliter
528 1004 629 1044 ergo
663 994 709 1029 ut
735 987 1013 1042 praediximus
1033 1018 1045 1040 ,
1072 987 1219 1028 eodem
1261 1002 1371 1028 anno
1403 1002 1540 1028 nonae
1569 986 1679 1027 indi..

213 1045 361 1085 ctionis
402 1052 590 1086 mortuus
619 1052 677 1085 est
704 1046 790 1085 Leo
823 1059 904 1084 una
947 1058 1043 1085 cum
1073 1044 1234 1085 animae
1261 1044 1383 1086 simul
1411 1050 1453 1084 et
1486 1045 1678 1098 corporis

211 1107 361 1152 morte,
394 1108 433 1142 et
464 1102 641 1157 imperat
659 1101 949 1142 Constantinus
977 1101 1084 1141 filius
1117 1102 1215 1144 eius.
1275 1108 1317 1142 et
1346 1100 1515 1157 quidem
1547 1115 1680 1155 quae-

212 1173 378 1212 cunque
421 1158 496 1198 sub
542 1159 682 1198 Leone
729 1157 860 1212 impio
901 1157 1142 1198 Christianis
1180 1163 1422 1209 evenerunt,
1453 1157 1539 1197 sive
1567 1156 1679 1197 circa

211 1214 335 1254 fidem
381 1214 684 1265 orthodoxam,
714 1214 798 1255 sive
836 1228 963 1268 super
992 1214 1182 1255 civilibus
1216 1213 1569 1269 dispositionibuS‚
1597 1214 1681 1254 sive

75 1291 109 1325 p.
128 1280 198 1315 636
210 1284 335 1322 super
361 1271 495 1325 turpis
524 1271 631 1311 lucri
664 1277 836 1326 quaestu
861 1276 904 1311 et
932 1271 1108 1312 avaritia
1137 1286 1214 1325 per
1227 1271 1410 1312 Siciliam
1441 1269 1675 1310 Calabriam

211 1332 251 1366 et
266 1327 431 1367 Cretam
457 1327 678 1368 adinventa
706 1328 869 1382 pariter
904 1334 946 1367 et
977 1328 1186 1382 imposita,
1216 1328 1302 1368 sive
1331 1327 1371 1367 in
1403 1326 1543 1368 ltaliae
1572 1341 1678 1380 apo-

208 1383 326 1423 stasia
355 1390 536 1437 propter
574 1383 696 1424 huius
727 1384 1012 1435 cacodoxiam,
1041 1385 1127 1426 sive
1156 1385 1198 1424 in
1229 1385 1338 1425 fame
1368 1398 1417 1423 ac
1444 1382 1678 1438 pestilentia

209 1439 475 1494 gentiumque
502 1441 715 1494 pressuris,
744 1446 791 1480 ut
818 1441 1090 1496 particularia
1119 1447 1295 1495 taceam,
1322 1440 1365 1481 in
1386 1438 1680 1494 praecedenti-

208 1496 283 1535 bus
316 1496 589 1536 ostenduntur
624 1497 829 1552 capitulis.
905 1497 1075 1553 dignum
1117 1505 1256 1538 autem
1286 1502 1346 1538 est
1380 1496 1431 1537 de
1465 1501 1608 1536 cetero
1638 1501 1681 1536 et

208 1552 324 1606 impii
357 1552 429 1592 filii
470 1552 576 1604 eius,
607 1559 804 1609 tanquam
835 1554 931 1605 de0‚
969 1555 1041 1610 qui
1072 1555 1210 1596 omnia
1238 1553 1453 1608 perspicit,
1487 1558 1680 1593 contem-

208 1609 364 1662 plante,
394 1609 601 1650 veraciter
641 1616 682 1651 et
711 1624 793 1650 non
827 1611 1039 1665 superflue
1082 1612 1134 1652 ad
1165 1611 1385 1651 utilitatem
1417 1609 1606 1664 posteris,
1638 1613 1681 1648 et

208 1664 388 1715 miseris,
435 1666 507 1720 qui
543 1681 653 1707 nunc
687 1666 728 1705 in
774 1668 1000 1708 cacodoxia
1038 1668 1146 1708 illius
1177 1667 1461 1722 decipiuntur,
1497 1665 1681 1705 ludibria

211 1721 370 1775 exequi,
403 1736 508 1775 quae
535 1723 584 1762 ab
613 1722 691 1762 hac
727 1723 775 1763 10
806 1724 1033 1765 indictione
1073 1724 1197 1778 ipsius
1230 1723 1395 1779 imperii
1427 1721 1524 1763 anni
1552 1722 1680 1776 primi

210 1792 339 1831 usque
370 1776 420 1816 ad
439 1777 490 1817 14
520 1778 789 1819 indictionem
818 1780 965 1820 mortis
998 1781 1102 1821 illius
1123 1781 1250 1835 impie
1276 1780 1414 1836 gessit·
1473 1778 1542 1818 hic
1572 1778 1681 1818 enim

210 1833 575 1887 perniciosissimus
604 1841 645 1876 et
685 1837 853 1891 agrestis
895 1838 1031 1886 ferus,
1067 1845 1110 1878 et
1139 1838 1359 1892 tyrannice
1394 1849 1468 1876 nec
1500 1835 1681 1889 legitime

210 1890 359 1929 abusus
389 1890 594 1945 imperio,
635 1893 774 1946 primo
819 1893 990 1949 quidem
1029 1909 1050 1934 a
1086 1894 1166 1934 deo
1195 1900 1237 1935 et
1269 1894 1516 1934 intemerata
1544 1898 1680 1931 matre

211 1945 337 2000 ipsius
368 1961 416 1985 ac
446 1948 634 1988 omnibus
663 1950 807 1989 sanctis
827 1950 1022 2003 abscedit,
1052 1951 1219 2005 magicis
1245 1948 1455 1990 maleficiis
1487 1955 1527 1989 et
1559 1948 1679 1988 luxu-

187 2002 285 2042 vriis
310 2003 578 2058 cruentisque
610 2005 821 2045 sacrificiis
852 2013 893 2047 et
932 2007 1142 2047 caballinis
1171 2007 1426 2047 stercoribus
1457 2011 1584 2059 atque
1614 2005 1680 2044 lo-

214 2058 275 2098 tio
309 2057 532 2100 delectatus
552 2093 563 2113 ‚
601 2061 850 2102 mollitiebus
881 2077 1053 2118 quoque
1084 2077 1133 2103 ac
1165 2064 1417 2104 daemonum
1448 2060 1683 2102 invocatio-

75 2132 112 2166 p.
131 2119 200 2156 637
217 2114 335 2154 nibus
366 2115 559 2169 gaudens,
592 2122 716 2171 atque
745 2118 935 2159 omnibus
980 2120 1132 2159 animas
1159 2118 1531 2173 corrumpentibus
1561 2117 1682 2156 adin-

217 2171 476 2212 ventionibus
505 2187 528 2212 a
567 2178 709 2213 tenera
740 2180 874 2215 aetate
902 2176 1136 2216 convivens.
1196 2176 1295 2231 quia
1326 2190 1428 2215 vero
1458 2179 1682 2229 paternum

218 2227 500 2282 principatum
541 2243 635 2268 cum
682 2230 835 2271 malitia
881 2232 1083 2286 suscepit,
1133 2246 1215 2272 non
1250 2231 1457 2273 modicam
1489 2230 1529 2269 in
1560 2229 1682 2269 brevi

217 2291 407 2337 tempore
437 2285 695 2325 demonstrat
726 2287 970 2342 nequitiam,
1000 2289 1057 2328 ita
1089 2295 1134 2329 ut
1152 2289 1204 2330 ab
1238 2289 1429 2329 omnibus
1460 2287 1513 2326 ob
1544 2287 1683 2339 impu-

216 2341 396 2379 dentiam
426 2341 644 2382 confestim
673 2341 770 2382 odio
801 2343 1047 2396 haberetur,
1079 2353 1121 2386 et
1154 2345 1416 2385 Artahuasdo
1448 2342 1684 2396 curopalati

216 2403 257 2436 et
287 2397 428 2436 comiti
459 2398 675 2452 Obsequii,
705 2400 777 2453 qui
808 2402 968 2442 Annam
1006 2417 1197 2442 sororem
1230 2403 1314 2441 eius
1345 2415 1518 2441 uxorem
1551 2399 1681 2438 duxe-

217 2459 294 2503 rat,
325 2453 384 2493 vis
413 2467 494 2507 pro
529 2456 776 2507 capessendo
820 2457 998 2510 imperio
1031 2458 1334 2512 imponeretur.
1394 2456 1542 2498 eodem
1573 2469 1683 2508 quo-

216 2523 297 2561 que
328 2524 435 2549 anno
479 2510 619 2550 Hisarn
662 2511 870 2551 interfecit
898 2514 1154 2554 Christianos
1188 2515 1373 2569 captivos
1405 2514 1445 2552 in
1478 2511 1592 2552 omni
1621 2511 1683 2549 ci-

217 2565 357 2616 vitate,
391 2566 502 2606 inter
525 2582 628 2623 quos
659 2574 700 2606 et
720 2568 959 2608 Eustachius
989 2572 1093 2610 filius
1115 2571 1291 2611 Mariani
1320 2570 1487 2624 patricii
1519 2574 1682 2621 martyr

217 2635 338 2684 yerus
373 2628 554 2664 ostensus
584 2631 645 2664 est
678 2625 716 2663 in
739 2626 912 2664 Carram
942 2628 1280 2680 Mesopotamiae,
1309 2626 1381 2666 ubi
1411 2631 1453 2666 et
1482 2624 1684 2678 reliquiae

219 2677 341 2729 ipsius
372 2679 564 2720 sanitates
595 2695 674 2733 per
706 2681 770 2720 dei
803 2683 978 2733 gratiam
1009 2691 1255 2737 operantur,
1286 2689 1328 2724 et
1357 2681 1474 2722 multi
1506 2680 1574 2720 alii
1606 2693 1684 2734 per

217 2734 454 2788 sanguinem
484 2737 758 2776 consummati
786 2744 895 2779 sunt.

329 2790 474 2832 Mundi
504 2808 612 2834 anno
637 2791 760 2847 6233,
791 2793 953 2836 divinae
978 2795 1276 2837 incarnationis
1305 2810 1414 2836 anno
1446 2791 1541 2843 733,
1572 2794 1682 2832 Con-
