1728 3184
485 149 672 194 NOTAE
707 151 1091 198 POSTEIUORES.
1403 159 1502 207 665

50 290 304 338 suggerente.-
335 288 484 336 nempe
511 282 666 323 marito
688 282 892 323 sinistram
912 299 1000 325 eam
1015 286 1066 327 de
1092 301 1239 329 sorore
1254 291 1503 345 opinionem,

50 353 137 379 non
167 344 215 379 nt
242 338 453 393 Procopia
480 339 805 392 'theophanonis
843 342 1017 381 consiliis
1045 344 1257 386 stauratio
1287 348 1448 388 fratri'
1437 366 1506 389 m-

51 394 174 436 sidias
202 393 346 434 molita
371 395 437 443 sit,
471 401 519 435 ut
549 402 609 436 est
625 395 848 446 redditum,
872 411 956 451 quo
987 400 1152 440 nomine
1182 402 1213 440 is
1245 416 1333 443 eam
1357 406 1506 446 maiori

51 467 179 507 quam
206 465 397 491 sororem
429 450 526 491 odio
554 452 739 506 haberet,
758 452 937 492 nedum
926 468 966 493 m
997 454 1105 494 iilam
1136 471 1278 498 rerum
1307 474 1506 503 summam

51 508 283 549 transferre
308 507 478 548 minime
506 509 725 563 cogitaret.
754 508 828 562 τῆς
855 509 1069 562 μακαρίας
1086 510 1277 566 Εἰρήνης]
1305 516 1401 570 Reg.
1422 524 1505 559 etc.

165 596 273 649 767,
310 593 353 638 4.
424 591 631 653 οἶλλήλοις,
677 614 748 638 και
796 596 980 652 Μιχαὴλ
1027 601 1338 660 κουροπαλάτῃ
1357 599 1506 658 ἦλθον]

52 655 153 710 Reg.
185 657 325 698 Anast.
353 654 397 694 in
429 664 603 695 mutuam
640 657 743 695 inter
780 671 821 696 se
848 656 1103 706 amicitiam,
1130 667 1168 697 et
1195 673 1278 698 cum
1308 662 1505 703 ΜιεΙιαέΙε

51 712 296 823 &exsulata
324 710 489 752 adducti
513 721 617 752 sunt.
659 707 1049 765 προσκαλεσάμενος
1085 711 1358 768 Σταυράκιος.
1386 719 1509 760 Barb-

165 854 282 899 Ibid.
304 854 367 896 11.
425 854 498 896 καί
525 854 601 896 τοῦ
629 851 758 897 τόπου
790 853 999 915 ἀσφαλές]
1028 859 1127 913 Reg.
1159 863 1240 898 etc.

165 955 330 1004 769,1.
387 954 486 1005 τούς
518 956 563 997 ἑκ
593 957 667 1010 τῆς
703 954 970 1013 Νικηφόρου]
1001 958 1102 1014 Reg.
1124 965 1202 999 etc.

171 1060 378 1102 1bid.20.
418 1058 662 1127 rjyobfflsvov
689 1062 772 1102 τῶν
799 1061 1026 1129 Στουδιόυ]
1061 1064 1147 1118 ipse
1187 1065 1432 1108 Theodorus
1462 1069 1513 1109 de

57 1132 134 1159 suo
169 1117 355 1158 Platone.
384 1114 455 1157 τὸν
495 1117 542 1157 δὲ
570 1114 648 1157 σὺν
688 1117 788 1171 ἡμῖν
830 1116 939 1173 ῥοπῇ
968 1120 1050 1159 τῶν
1069 1121 1299 1188 τηνικαῦτα
1330 1121 1516 1176 εὐσεβῶς

54 1169 397 1239 βασιλευσάντων
424 1173 484 1220 εἰς
512 1168 588 1226 την
626 1173 780 1214 οικειάν
813 1175 991 1227 ποίμνην
1018 1173 1144 1215 πάλιν
1171 1174 1516 1231 ἄποκαστίσασα,

58 1226 317 1284 ὃμολογητὴν
348 1225 504 1269 εαυτοῦ
540 1229 818 1271 ἀναδείκνυσι.
874 1232 974 1270 hunc
1000 1231 1201 1272 nobiscum
1242 1233 1387 1274 divina
1422 1249 1517 1276 ma·-

57 1302 132 1328 ναι-ς
161 1287 486 1338 eorumfizvmv,
513 1286 585 1341 qui
623 1295 706 1326 tum
728 1287 798 1340 pie
837 1301 969 1326 rerum
1002 1289 1274 1342 potiebantur,
1318 1291 1361 1330 in
1400 1305 1515 1331 suum

60 1345 206 1384 lterum
234 1343 435 1382 restituens
462 1356 630 1396 gregem,
661 1356 774 1382 suum
792 1345 1192 1396 cotfiessoremfacct.
1220 1344 1380 1400 reliqua
1410 1361 1516 1401 quae

63 1399 148 1440 huc
176 1404 387 1468 spectant,
429 1413 476 1439 ac
505 1398 668 1438 auctori
697 1405 882 1439 notatam
894 1399 1120 1467 unionem,
1149 1400 1206 1440 sic
1233 1402 1515 1467 prosequitur.

61 1449 178 1509 ἤρθη
207 1454 254 1496 ἐκ
281 1455 414 1506 μέσου
440 1452 485 1495 τὸ
510 1452 755 1519 σκάνδαλον,
786 1455 840 1495 δι’
865 1469 913 1494 ου
943 1456 1017 1495 καί
1043 1453 1069 1509 ἦ
1099 1454 1286 1510 διαφορά
1315 1455 1420 1523 πρὸς
1443 1455 1517 1498 τὸν

60 1509 360 1578 ἱεραρχοῦντα.
441 1506 720 1576 ἐδυσώπησαν
759 1509 784 1564 ἦ
825 1511 1098 1563 κρατοῦντες·
1168 1508 1455 1565 ἀπελογήσατο
1494 1510 1518 1553 ὅ

62 1563 297 1621 ἅγιοᾶτατος
325 1564 604 1620 πατριάρχης,
635 1565 767 1606 πάντα
812 1567 862 1606 τὰ
895 1571 1142 1635 γεγενημένα
1170 1567 1214 1617 ἐξ
1241 1567 1436 1637 ἐπηρείας
1460 1563 1519 1610 εἶ-

61 1638 132 1665 ναι
157 1622 232 1665 τοῦ
271 1622 581 1689 βασιλειόντος.
649 1624 877 1675 τηνικαῦτα
916 1641 940 1676 η
978 1623 1218 1687 σύμβασις,
1265 1639 1334 1665 και
1363 1623 1387 1677 ἧ
1416 1622 1520 1678 πρὸς

64 1678 195 1721 αὕτὸν
222 1677 473 1747 α’φοσίωσις.
506 1673 570 1718 ὅτι
597 1678 706 1732 μηδὲ
735 1678 856 1744 φίλον
882 1679 967 1733 θεῶ
993 1674 1093 1719 α’λλό
1121 1695 1182 1746 τι,
1205 1677 1260 1726 ὥς
1286 1677 1332 1720 τὸ
1363 1681 1435 1732 τῆς
1460 1680 1519 1720 εἰ-

63 1731 193 1791 ρήνης
218 1750 289 1776 και
317 1732 512 1786 ὁμονοίας
539 1733 693 1786 καλόν,
734 1732 840 1775 ἐπὰν
869 1735 894 1787 ἦ
924 1730 1100 1786 ομόνοια
1130 1730 1182 1775 οὔ
1211 1735 1424 1789 διαφωνία
1451 1732 1520 1776 πί-

63 1806 207 1861 στεως,
237 1787 339 1832 ουδὲ
366 1791 535 1843 ἐντολης
564 1791 670 1830 θεοῦ
703 1788 971 1857 παράβασις·
1040 1789 1133 1832 ουδ’
1163 1806 1210 1831 ov
1243 1807 1327 1844 μην
1353 1789 1521 1838 κανόνος

64 1847 282 1902 ἀθέτησις,
312 1862 370 1895 ως
401 1845 424 1901 ἡ
447 1847 643 1899 παροῦσα
665 1846 884 1916 δέδεικται,
910 1844 1005 1888 ὅσον
1034 1846 1082 1887 τὸ
1104 1849 1202 1887 καθ’
1229 1845 1338 1899 ἡμᾶς
1366 1845 1418 1887 τά
1449 1845 1516 1887 δια

64 1905 200 1954 μέσου
245 1903 413 1957 χαίρειν
461 1904 695 1954 ἐάσαντας,
735 1919 790 1951 ως
833 1882 1043 1956 ὁμότροπα
1069 1908 1156 1951 τοῖς
1184 1901 1315 1944 πάλαι
1344 1902 1414 1944 ε’πι
1439 1905 1521 1944 τῶν

63 1956 289 2015 θεοφόρων
318 1959 512 2013 πατέρων
550 1960 857 2026 συμβεβηκόσι,
897 1975 966 2000 και
1007 1958 1212 2006 ωσαύτως
1254 1960 1518 2010 οικονομικῶς

65 2018 396 2070 παρεωραθεῖσι.
468 2015 626 2067 μᾶλλον
656 2017 722 2071 δέ,
762 2013 818 2064 (ὃς
847 2031 921 2068 της
954 2015 1112 2057 τούτων
1152 2014 1352 2068 ἀκριβοῦς
1381 2014 1519 2064 ἐξετά-

63 2087 172 2120 σεως
201 2072 324 2112 ε’ντιῦ
349 2073 542 2123 μέλλοντι
573 2072 696 2112 αἰῶνι
723 2073 781 2129 τῶ
810 2069 1025 2128 α’δεκάστω
1057 2072 1175 2125 κριτῆ
1203 2071 1516 2136 ταμιευομένης.

62 2145 87 2170 ε
119 2129 249 2170 medio
272 2130 467 2170 sublatum
496 2113 767 2179 scandalum,
771 2144 827 2170 ex
854 2144 932 2185 quo
968 2138 1096 2169 ortam
1120 2143 1206 2168 cum
1231 2129 1406 2169 antlstite
1431 2127 1518 2166 dis-

62 2186 224 2226 sc’dium.
283 2186 450 2239 Augusti
475 2199 614 2240 pacem
640 2186 745 2225 inire
774 2195 1046 2238 rogaverunt:
1079 2187 1289 2226 excusavit
1312 2184 1519 2223 sanctissi-

65 2257 153 2283 mus·
173 2243 424 2299 patriarcha,
459 2241 598 2281 omnia
625 2256 730 2296 quae
759 2244 1006 2296 contigerant
1033 2257 1088 2282 ex
1115 2241 1366 2295 imperatoris
1377 2239 1518 2289 faisse

65 2299 241 2340 iniuria.
303 2308 395 2339 tunc
409 2299 537 2350 sacta
557 2299 794 2349 concordia,
824 2313 1034 2354 sumusque
1063 2296 1122 2337 ad
1140 2311 1226 2336 eum
1254 2295 1431 2347 ᾱςῘὶιηειι
1454 2294 1519 2349 of-

46 2355 158 2414 ficio
188 2356 392 2412 (siquidem
427 2355 502 2395 deo
546 2354 651 2394 mlzil
676 2369 800 2410 aeque
834 2369 884 2396 ac
924 2370 1039 2411 paczs
1067 2363 1104 2393 et
1121 2353 1351 2393 concordiae
1377 2351 1521 2391 bonum

59 2412 226 2466 placet:
269 2412 388 2452 modo
430 2419 567 2452 tamen
607 2411 828 2452 concordia
874 2426 953 2452 non
982 2412 1034 2451 sit
1064 2409 1168 2464 fidei
1205 2408 1420 2458 dzssensio‚
1448 2420 1520 2446 nec

68 2469 260 2509 mandati
284 2469 560 2521 transgressio,
592 2481 640 2506 ac
667 2481 794 2523 neque
821 2469 980 2522 regulae
1003 2467 1185 2522 patribus
1208 2465 1361 2520 posztae
1389 2463 1521 2502 viola-

65 2525 134 2576 tio,
167 2526 225 2566 uti
258 2526 404 2565 isthaec
442 2533 596 2564 ostensa
633 2527 701 2573 est)
732 2525 844 2578 quod
883 2538 1023 2578 nempe
1046 2529 1181 2562 nostra
1207 2521 1358 2569 attinet,
1388 2519 1522 2558 valere

67 2581 183 2621 iussis
210 2596 314 2638 quae
354 2581 594 2621 intermedia
632 2587 747 2630 sunt,
784 2590 900 2637 atquc
941 2582 989 2619 its
1018 2593 1117 2632 quae
1147 2578 1243 2616 olim
1270 2577 1340 2616 sub
1370 2575 1521 2614 divinis

60 2639 251 2692 patribus
279 2638 522 2687 acciderunt,
552 2637 756 2691 similique
784 2638 941 2678 ratione
963 2650 1039 2690 per
1073 2633 1361 2686 indulgentiam
1398 2633 1521 2670 tanti-

65 2707 162 2749 sper
186 2695 483 2750 neglectas-sunt,
511 2695 688 2734 exzstunt
710 2692 874 2747 affinia.
903 2694 1121 2748 qumimmo
1143 2691 1250 2729 velut
1274 2688 1525 2744 exqui'sztion'

66 2750 210 2792 horum
241 2753 436 2794 examine
463 2751 506 2792 in
537 2752 684 2803 ficturo
724 2765 826 2791 aevo
862 2752 1091 2802 incorrupto
1119 2746 1255 2787 ludici
1298 2752 1519 2785 reservata-
