1728 3184
215 161 312 208 506
714 170 769 211 IN
807 167 1027 211 TnEoPH
1034 167 1180 212 ANEM

212 287 348 322 tamen
373 281 597 324 indictione
625 283 772 339 quinta
792 284 910 352 fu‘isse
926 284 1131 350 signatum
1147 284 1316 350 canonis
1337 284 1453 326 tertii
1471 285 1685 326 convincit

212 339 509 380 testimonium.
538 341 795 406 συνορῶμεν,
823 336 890 380 ὅτι
919 338 1018 389 τούς
1049 337 1152 382 ὸυσι
1180 336 1332 394 γάμοις
1357 341 1683 406 περιπαρέντας,

212 409 283 435 και
311 395 443 461 μέχρι
471 395 544 464 τῆς
575 393 620 436 ιε’
651 397 727 437 τοῦ
742 395 1027 462 παρελθόντες
1052 395 1318 451 Ἰανουαρίου
1346 393 1474 452 μηνὸς
1501 397 1576 451 τῆς
1605 413 1686 437 τια-

211 449 447 506 ρελθούσης
475 450 732 519 ἷνδικτιῶνος
766 449 979 508 τετάρτης.
1050 468 1196 494 verum
1239 453 1310 509 qui
1344 469 1366 494 a
1397 453 1540 494 mundi
1573 453 1683 494 6172

212 508 410 562 septimus
443 524 491 549 ac
522 509 739 550 vicesimus
770 525 898 550 annus
925 516 1000 561 est,
1032 511 1102 566 qui
1135 509 1306 565 quintae
1336 510 1576 551 indictionis
1607 525 1687 550 no-

211 571 297 605 tam
325 565 456 614 ferat,
490 580 539 606 ac
586 582 670 606 non
713 567 853 622 potius
890 573 1050 618 sextwe,
1082 581 1177 607 cum
1210 567 1356 608 circuli
1386 567 1571 617 alterius,
1603 567 1687 607 hoc

212 626 273 662 est
301 621 519 676 penultimi
550 622 779 663 indictione
810 638 919 663 nona
940 623 1121 679 synodus
1153 629 1278 674 sexta,
1308 629 1356 663 ut
1387 623 1472 665 eius
1503 631 1595 664 acta
1622 629 1688 663 tc..

209 684 400 728 stantur,
441 686 585 719 coacta
631 679 788 720 fuerit?
855 680 893 720 0.
930 680 1178 721 lastinianus
1219 680 1446 723 secundum
1478 679 1686 735 imperius

211 734 482 776 indictionem
513 735 720 790 quintam,
761 751 842 791 qua
872 737 1056 801 synodus
1095 737 1137 777 in
1166 736 1314 778 Tlullo
1344 736 1501 786 habita,
1531 736 1686 777 nultum

211 791 471 832 numeravit:
522 792 665 833 eadem
696 807 797 834 velo
836 793 877 833 in
911 792 996 833 eius
1027 794 1212 848 primum
1244 794 1486 848 imperantis
1516 809 1686 843 annum,

211 849 404 904 quintum
435 848 579 888 mundi
618 864 720 890 vero
765 847 874 890 6183
914 848 1074 893 incidit.
1142 849 1183 894 3.
1227 865 1405 891 canones
1446 850 1486 890 in
1534 849 1683 890 Trulio

209 905 358 956 editos,
391 904 508 945 Pauli
542 904 807 959 patriarchae
837 906 1171 971 suscriptione]
1147 907 1334 948 firmatos
1366 921 1408 948 se
1443 905 1592 947 vidisse
1619 912 1685 946 te-

211 967 363 1002 statum
398 962 569 1016 reliquit
614 962 854 1003 ΒΙτιςῑιιιες
844 977 885 1001 ιιι
930 964 1230 1003 nomocanonis
1259 963 1504 1017 prooemio.
1533 960 1689 1014 ἡγεμό-

208 1031 277 1065 τες
302 1015 380 1071 γὰρ
414 1018 459 1058 ὲν
483 1017 603 1084 αὐτῇ
631 1017 902 1071 ἑγνωρίζοντο
938 1019 1120 1066 Παῦλος
1158 1020 1262 1060 ΚΠ.
1292 1019 1471 1067 Παῦλος
1494 1017 1689 1067 Ἀλεξαν-

209 1072 367 1140 ὀρείας,
399 1062 611 1124 Γεώργιος
639 1074 914 1139 Ἀντιοχείας,
946 1072 1224 1123 Ἀναστάσιος
1248 1071 1566 1130 Ἱεροσολυμων,
1597 1073 1688 1116 Ἰω-

207 1126 333 1185 άννης
375 1130 471 1180 νέας
499 1127 989 1183 Ἰουστινιανουπόλεως,
1020 1131 1247 1179 Βασίλειος
1285 1132 1369 1172 τῶν
1412 1128 1688 1183 so9tv2ac'wv

207 1183 508 1253 μητροπόλεως
540 1186 613 1240 τῆς
635 1186 809 1257 Κρήτης
834 1184 976 1241 νήσου.
1009 1187 1081 1228 καί
1107 1186 1177 1228 τὸν
1205 1183 1331 1229 τόπον
1359 1187 1524 1253 ἐπέχων
1551 1185 1689 1240 πάσης

206 1243 281 1296 τῆς
310 1241 492 1284 συνόδου
522 1242 596 1297 τῆς
623 1243 747 1296 οἱμάς
775 1244 998 1310 ἐκκλησίας
1021 1241 1218 1299 Ῥωμης·
1276 1240 1388 1285 ου’τω
1415 1240 1498 1297 γὰρ
1527 1245 1688 1283 παλαι-

207 1303 271 1347 οἴς
302 1295 479 1353 εὕρηται
504 1301 705 1368 βιβλίοις
716 1297 823 1354 μετὰ
854 1298 930 1369 τήν
968 1302 1043 1341 τοῦ
1070 1301 1280 1353 βασιλέως
1307 1296 1562 1354 ὑπογραφὴν
1591 1299 1688 1339 ἑκα-

207 1370 308 1404 στος
336 1357 421 1397 τῶν
447 1357 727 1410 πατριαρχαῖν
749 1371 808 1423 τε,
843 1372 913 1398 και
942 1357 1026 1398 τῶν
1051 1355 1371 1411 μητροπολιτῶν
1386 1355 1613 1412 ὑπογραφῇ
1642 1353 1687 1397 τὸ

208 1413 361 1454 οικεῖον
392 1413 733 1467 σημειωσοίμενοι
767 1407 912 1467 ὄνομα,
935 1428 1004 1455 και
1036 1413 1220 1465 ἀξιᾝωμα
1249 1414 1456 1470 principes
1488 1414 1570 1453 eius
1593 1426 1689 1464 syn-

206 1470 278 1511 odi
317 1471 655 1522 celebrabantur,
698 1472 858 1512 Paulus
899 1470 983 1511 CP.
1025 1472 1134 1511 alter
1174 1470 1326 1510 Paulus
1361 1467 1684 1521 Alexandriae,

212 1528 405 1581 Georgtus
429 1528 682 1581 Antiochiae,
707 1529 957 1570 Anastasius
987 1526 1376 1579 Hierosolymorum,
1407 1527 1582 1567 Ioannes
1610 1540 1686 1565 no..

207 1598 290 1624 vae
325 1584 712 1650 lustz'nianopoleos‚
761 1585 945 1625 Basilius
987 1585 1196 1637 Gortynae
1236 1583 1522 1648 metropoleos
1554 1582 1688 1622 Cretes

209 1640 376 1691 insulae,
406 1655 454 1680 ac
483 1643 601 1680 totius
628 1641 775 1694 synodi
801 1650 969 1681 sanctae
1001 1642 1211 1680 Romanae
1252 1640 1450 1681 ecclesiae
1478 1639 1591 1679 vices
1617 1654 1686 1692 ge-

210 1697 438 1741 ren8.1‘ta
468 1710 646 1752 namque
670 1707 765 1751 post
790 1699 892 1754 imp.
921 1698 1268 1753 stcbscriptonnem
1292 1697 1622 1751 patriarcharum
1650 1704 1690 1735 et

210 1754 566 1820 metropolitarum
594 1756 747 1808 singuli
767 1756 989 1810 proprium
1029 1768 1172 1794 nomen
1197 1767 1246 1792 ac
1269 1753 1505 1805 dignitatem
1536 1752 1687 1791 veteri-

206 1810 277 1850 bus
304 1824 346 1849 m
375 1809 489 1849 libris
526 1811 805 1865 signaverunt.
872 1811 902 1850 is
936 1816 1074 1851 autem
1104 1809 1254 1850 Paulus
1286 1823 1370 1848 non
1403 1809 1477 1848 nisi
1506 1808 1581 1848 sub
1615 1809 1685 1848 Iu-

211 1866 389 1906 stinimo
448 1867 634 1920 piimum
679 1873 880 1923 regnante
915 1868 1052 1908 tenuit
1094 1865 1431 1920 patriarchatum
1469 1880 1516 1905 ex
1559 1864 1685 1919 ipsius

204 1922 474 1978 Theophanis
502 1923 702 1964 chronica
738 1925 920 1965 ratione:
954 1924 1161 1979 reiiquum
1201 1930 1262 1963 est
1291 1922 1432 1976 itaque
1461 1928 1509 1962 ut
1531 1921 1682 1961 exactis

205 1986 303 2034 post
331 1986 486 2020 sextam
525 1980 731 2036 synodum
773 1982 887 2021 ·ιιιιιί5
934 1981 1101 2020 decern.
1139 1980 1213 2019 sub
1253 1978 1431 2033 imperio
1466 1978 1685 2019 Iustiniani

208 2035 364 2091 primo,
376 2036 627 2078 'indictione
660 2037 819 2092 quinta,
835 2037 996 2078 mundi
1018 2035 1128 2077 5183
1157 2036 1346 2076 Trullani
1365 2049 1543 2076 canones
1570 2034 1687 2075 evul-

205 2093 290 2148 gati
318 2093 491 2134 fuerint.
522 2094 627 2134 alter
658 2109 741 2148 pol
745 2108 793 2133 ro
828 2108 1023 2134 numerus
1047 2109 1171 2147 quem
1190 2093 1240 2133 ab
1272 2093 1378 2133 orbe
1408 2091 1581 2132 condito
1611 2107 1688 2130 an..

206 2163 358 2190 norum
375 2148 483 2190 5199
510 2149 638 2191 hahet
667 2165 803 2191 canon
835 2151 996 2206 tertius,
1028 2151 1147 2190 aliam
1182 2147 1478 2204 aTheophane
1510 2147 1686 2204 putandi

206 2207 414 2247 rationem
444 2208 650 2263 sequitur.

317 2279 413 2332 555,
443 2280 483 2321 4.
543 2275 795 2335 Νικηφόρον
824 2277 875 2334 η’]
908 2294 1057 2320 novem
1088 2279 1244 2320 scribet
1276 2279 1372 2319 loco
1406 2278 1603 2333 proprio.

315 2364 425 2404 Ibid.
456 2364 496 2407 8.
555 2361 802 2404 ἀποστέλλει
834 2363 1074 2418 Ἀβιμέλεχ]
1107 2364 1158 2404 de
1172 2362 1411 2404 Abimelech
1447 2362 1687 2404 nominibus

202 2421 384 2475 plurima
415 2421 579 2462 curiose
611 2427 894 2475 exposuerunt
915 2419 1478 2476 Leunclavius,etAbraham
1507 2419 1686 2460 Ecchel-

207 2478 343 2530 tensis,
376 2484 487 2533 gesta
519 2478 583 2518 vix
616 2477 859 2532 attigerunt.

318 2549 413 2605 556,
446 2551 510 2592 12.
569 2548 867 2598 Ἱουστινιανὸς
907 2547 1112 2602 νεώτερος
1139 2542 1218 2604 ὧν,
1245 2547 1304 2596 ὥς
1336 2547 1386 2596 ις’
1415 2545 1598 2600 χρόνων]
1631 2549 1689 2588 ita

204 2607 500 2662 Nicephorus:
552 2607 624 2663 qui
654 2608 783 2661 paulo
832 2608 1006 2649 iuferius
1034 2608 1326 2648 Libanitarum
1356 2605 1536 2646 militum
1567 2621 1687 2645 aino-

210 2663 371 2705 tiouem
403 2664 546 2719 paucis
579 2670 781 2705 recenset.

317 2738 432 2778 Ibid.
454 2736 518 2788 16,
576 2732 868 2785 Βουλκακίαν]
898 2737 1094 2788 miscella,
1124 2737 1409 2789 Hyrcaniam.-
1440 2734 1687 2785 Anastasius,

206 2794 432 2835 Bacaniam
466 2794 619 2836 reddit.
647 2795 819 2851 Peyrez.
841 2794 1111 2834 Βουλκανιάν
1139 2794 1315 2847 scripsit.
