1728 3184
214 187 311 239 342
714 197 770 237 ιΝ
808 194 1186 238 ΤΗΕΟΡΗΑΝΕΜ

323 314 393 364 65,
415 313 455 362 6.
513 310 623 355 κατὰ
655 310 701 355 w*
723 312 965 365 Ζεύξιππον
984 310 1162 366 λουτρὸν
1189 310 1587 380 μεταστειλάμενος]
1607 314 1688 354 So-

211 385 407 412 zomenus
435 385 501 426 pr«
492 372 627 412 wefato
663 371 734 412 lib.
749 371 774 412 3
805 386 895 427 cap.
916 370 956 411 8.
987 367 1236 422 προσελθώι
1265 378 1325 414 εις
1355 365 1558 436 δημόσιοσν
1587 371 1689 408 λου-

208 427 331 481 τρόν,
376 441 512 479 ονομα
541 424 806 475 Ζεύξιππος·
878 426 1112 479 περιφανὲς
1156 426 1201 466 δὲ
1232 425 1354 466 τοῦτο
1381 440 1450 465 και
1481 423 1691 478 μέγιστον,

205 483 533 535 μετεκαλέσατο.
609 484 672 524 acl
706 484 879 539 publica
917 484 1068 523 balnea
1109 484 1156 534 (a
1191 483 1347 522 Severo
1387 481 1601 524 aedificata
1631 483 1687 522 ait

207 540 435 591 Cedlenus)
487 540 633 596 quibus
670 541 916 596 Zeuxippus
957 553 1137 579 nomen:
1181 539 1337 579 illustre
1377 538 1487 579 illud
1525 539 1688 594 qutdem

206 607 327 652 atque
354 597 652 652 amplissimum
682 610 781 651 opus
811 606 880 646 est,
911 597 1084 637 accersit
1111 603 1191 635 etc.
1250 595 1360 634 idem
1390 595 1588 636 Socrates
1620 594 1688 634 lib.

208 653 233 693 2
267 668 359 707 cap.
392 652 456 693 12.
489 668 512 693 a
542 653 818 693 Constantino
858 653 1122 693 aedificatum
1153 651 1295 692 laudat
1328 649 1561 692 chronicon
1592 651 1689 692 Ale-

208 710 460 751 xandrinum
495 709 538 750 in
569 710 787 750 Constant.
819 709 1001 764 origines
1034 709 1116 749 CP.
1147 725 1169 748 a
1197 708 1368 748 Sevexmo

319 780 387 833 66,
421 782 456 822 1.
516 782 730 834 συνῆλθον
759 781 974 823 ἐπίσκοποι
1005 779 1254 835 τριακόσιοι]
1285 783 1478 821 Socrates
1508 795 1598 836 cap.
1620 780 1685 830 12,

207 838 500 880 'theodoretus
530 839 602 879 lib.
634 838 657 878 2
691 854 783 893 cap.
813 838 852 890 7,
889 839 1142 879 Sozomenus
1172 837 1245 880 lib.
1274 837 1299 877 3
1333 852 1422 892 cap.
1453 836 1518 878 10.

316 919 424 960 Ibid.
459 917 527 959 18.
594 916 863 970 Μαγνεντίου
907 916 954 958 δὲ
993 917 1039 958 ἐν
1083 916 1288 966 Γαλλίαις
1326 913 1685 970 τυραννήσαντος]

205 975 487 1030 Hieronymus
530 974 572 1014 in
619 974 822 1014 elnonico
869 973 922 1014 ad
962 989 1119 1014 annum
1151 974 1377 1014 Constantii
1415 972 1465 1013 13
1499 980 1540 1014 et
1570 988 1685 1028 seqq.

206 1033 402 1072 Socrates
434 1032 501 1072 lib.
519 1030 544 1071 2
575 1045 666 1114 cap.
698 1031 762 1082 10,
801 1031 1057 1071 sozomenus
1088 1030 1158 1071 lib.
1186 1029 1215 1069 4
1243 1044 1333 1084 cap.
1364 1028 1403 1070 6.

320 1103 485 1155 67,13.
546 1100 646 1156 περὶ
686 1102 922 1156 Μοῦρσαν]
967 1103 1018 1144 de
1063 1104 1203 1143 Mursa
1244 1102 1487 1143 Pannoniae
1527 1101 1688 1158 oppido

204 1161 400 1215 legendus
428 1159 616 1215 Scaliger
649 1160 691 1199 in
724 1160 950 1201 Eusebium
982 1174 1074 1215 pag.
1099 1158 1193 1200 232.

315 1239 429 1282 Ibid.
463 1239 527 1280 15.
583 1239 643 1295 τῶ
674 1239 882 1295 Σελευκῷ]
921 1246 1107 1280 montem
1148 1239 1364 1279 Seleucam
1397 1238 1520 1289 verti,
1553 1238 1685 1277 histo..

211 1298 314 1336 riam
341 1297 601 1350 tripartitam
631 1302 672 1336 et
693 1296 916 1336 miscellam
945 1302 1155 1351 sequutus.
1183 1293 1529 1336 ΙΙνΙΟντισέλευκον
1559 1294 1687 1335 habet

203 1354 474 1394 Sozomenus.
508 1368 546 1392 v.
578 1353 786 1393 variantes
816 1353 1028 1394 lectiones.

321 1419 465 1471 68,1.
522 1418 661 1460 ὲλθων
709 1418 755 1461 δὲ
787 1419 832 1460 ἐν
834 1416 1001 1486 ..Ῥώμῃ
1029 1416 1352 1484 Κωνστοέντιος]
1391 1415 1688 1465 Κωνστιὶντιος

203 1469 458 1528 Αυγουστος
489 1476 550 1525 εἷς
587 1474 664 1529 τὴν
694 1472 854 1517 ἑαυτοῦ
894 1463 1220 1529 εἰκοσαετηρίδα
1248 1471 1356 1526 μετὰ
1391 1475 1548 1528 πολλῆς
1576 1489 1689 1528 φαν-

203 1531 400 1598 ιασίαςζ
423 1547 496 1573 και
537 1531 819 1585 παρατάξεως
862 1532 1061 1585 εισῆλθεν
1102 1533 1146 1573 ἐν
1186 1529 1350 1587 Ῥώμῃ·
1409 1530 1689 1583 συνεισῆλθεν

204 1588 251 1629 δὲ
283 1589 400 1644 αυτιῦ
426 1589 502 1630 καί
526 1586 551 1642 ἧ
585 1587 689 1643 γυνὴ
720 1587 855 1629 αὐτοῦ
874 1587 1087 1641 Εὖσέβεια
1116 1587 1141 1641 ἦ
1168 1587 1415 1641 βασίλισσα,
1446 1602 1517 1628 και
1540 1587 1687 1640 ἐποιη-

203 1660 282 1684 σαν
312 1642 474 1699 ἡμέρας
519 1641 572 1685 ιδ’
613 1645 659 1684 ἐν
703 1645 756 1701 τῇ
782 1643 938 1701 Ῥώμῃ.
1012 1646 1068 1684 ita
1101 1644 1335 1685 chronicon
1362 1644 1687 1685 Alexandlinum

203 1701 411 1754 germanis
440 1702 577 1741 verbis
620 1716 728 1742 anno
757 1688 989 1741 Constantii
1019 1701 1086 1751 20,
1127 1701 1242 1756 quod
1274 1701 1409 1741 evicto
1441 1700 1686 1755 Magnentio

204 1755 410 1797 ἐπινίκιον
448 1757 653 1797 ἐπιτελεῖν
697 1753 870 1809 πομπὴν
912 1733 1175 1813 triumplium,
1222 1763 1263 1798 et
1305 1758 1535 1797 vicennalia
1566 1757 1685 1796 simul

202 1828 319 1867 agere
377 1814 566 1869 contigit.
652 1813 852 1855 describit
906 1813 1170 1869 triumphum
1226 1814 1491 1854 Marcellinus
1549 1823 1686 1854 comes

204 1870 275 1910 lib.
309 1869 373 1910 16.

314 1948 419 1988 Ibzd.
446 1947 485 1988 5.
543 1943 728 1997 ἐξελθών
759 1947 806 1989 δὲ
832 1947 877 1989 ἐν
906 1946 965 2003 τεῦ
986 1946 1265 2004 τριβουναλίῳ
1295 1946 1463 2004 κάμπω]
1493 1948 1543 1988 ad
1575 1948 1684 1988 mili-

205 2010 263 2045 tes
295 2019 597 2058 nonnunquam
637 2005 765 2045 verba
809 2004 948 2045 fecisse
983 2005 1284 2058 imperatoreS,
1330 2012 1371 2045 et
1407 2006 1449 2045 in
1487 2019 1634 2060 campo
1664 2021 1687 2045 e

203 2061 408 2101 tribunali
448 2061 653 2101 allocutos
693 2061 886 2115 produnt
924 2059 1151 2111 historiae,
1198 2069 1239 2102 et
1290 2061 1441 2116 quibus
1490 2061 1684 2116 alloquu-

205 2118 339 2158 tiones
379 2117 616 2158 huiusmodi
665 2116 887 2171 impressae
918 2125 1033 2167 sunt,
1076 2118 1319 2157 numismata
1348 2124 1683 2172 repraesentant.

201 2174 467 2215 Marcellinus
512 2175 580 2214 lib.
603 2172 665 2214 15.
736 2187 828 2214 cum
863 2175 1044 2214 venisset
1089 2175 1242 2214 accitus
1275 2175 1516 2227 (lulianus)
1553 2189 1683 2228 prae-

203 2231 310 2271 dicto
339 2231 437 2281 die,
469 2231 674 2271 advocato
705 2232 848 2280 omni,
887 2231 1001 2284 qnod
1038 2231 1186 2271 aderat
1213 2233 1460 2281 commiliffzo,
1490 2231 1688 2271 tribunali

204 2289 267 2327 ad
295 2288 482 2327 altiorem
523 2294 742 2341 suggestum
783 2296 935 2336 erecto,
964 2287 1077 2343 quod
1114 2289 1288 2344 aquzlae
1317 2286 1683 2338 circumdederunt,

204 2353 244 2383 ec
278 2345 399 2397 signa
427 2344 640 2395 Augustus
682 2342 933 2386 inscendens.
965 2350 1006 2384 et
1038 2342 1103 2383 27.
1150 2359 1387 2398 progressus
1415 2345 1473 2383 ἰη
1488 2357 1683 2398 campum

203 2399 383 2440 tribunal
420 2399 630 2449 ascendit,
670 2400 865 2439 oratione
890 2400 988 2454 imp.
1037 2399 1345 2440 destinatuxus.
1379 2406 1420 2440 et
1449 2399 1516 2439 21.
1544 2413 1685 2439 omnes

205 2459 420 2506 centur-tas,
447 2456 691 2511 manipulos,
719 2457 894 2496 cohortes
922 2457 966 2496 in
1001 2458 1231 2496 concionem
1258 2456 1442 2507 vocavit,
1468 2458 1683 2496 concinen-

202 2513 306 2552 tibus
333 2514 458 2552 tubis.-
486 2513 722 2568 oppletoque
752 2512 1023 2552 multitudinis
1048 2527 1211 2568 campo,
1240 2522 1283 2552 ut
1300 2527 1389 2553 eam
1420 2513 1483 2554 ad
1497 2512 1679 2567 firman-

203 2568 260 2608 da
282 2570 513 2623 promptius
538 2569 724 2621 adigeret
749 2570 966 2623 imperata,
994 2570 1193 2609 tribunali
1229 2570 1337 2610 celso
1363 2569 1514 2618 sistens,
1544 2569 1680 2623 stipa-

204 2634 320 2679 toqcoe
346 2626 467 2665 solito
492 2625 665 2676 densim,
688 2626 790 2664 llaec
813 2634 1079 2690 prosequutus
1117 2626 1350 2666 est.l1aee
1378 2625 1538 2697 itaqpe
1547 2625 1662 2664 verb·
1665 2642 1676 2664 ι

205 2678 387 2727 ἐξελθών
417 2680 464 2721 δὲ
493 2680 539 2722 ἐν
566 2680 623 2737 wi
650 2681 932 2745 τριβουναλίῳ
964 2677 1141 2737 κάμπῳ,
1172 2696 1242 2722 και
1272 2678 1377 2729 στὰς
1405 2680 1477 2735 ἐφ’
1509 2674 1675 2732 ν’ψους·

208 2736 249 2775 id
276 2737 375 2776 mibi
406 2743 571 2788 sonant,
601 2751 843 2792 proglessus
879 2737 919 2777 in
950 2752 1157 2791 campum,
1189 2752 1272 2793 quo
1300 2753 1322 2778 e
1348 2743 1539 2793 suggestu
1569 2737 1680 2776 mili..

206 2798 266 2832 tes
298 2792 638 2848 alloqueretur,
627 2808 793 2850 iamque
822 2794 976 2835 excelso
1006 2794 1206 2836 tribunali
1238 2801 1346 2836 stans
1377 2801 1456 2836 etc.
1514 2800 1679 2834 motum
