1728 3184
191 196 289 247 348
679 201 736 245 ιΝ
776 203 1150 246 ΤΗΕΟΡΗΑΝΕΜ

190 309 397 363 tiusquam
423 307 601 348 Mcmcus
632 313 686 359 te,
715 307 863 359 lector,
898 307 1047 359 iudice,
1077 305 1369 348 reddendum⁷
1442 321 1542 346 num
1571 321 1660 347 me..

189 364 266 405 lius
300 378 349 406 ac
379 371 534 405 ceruus
577 365 828 405 vocabulum
863 362 1021 418 μάγκος
1066 377 1300 428 mangonem
1332 363 1660 417 intelpietahor,

190 422 422 462 obscoenae
450 419 631 461 libidinis
650 428 940 475 proxenetam,
974 426 1016 462 et
1046 419 1299 476 impuritatis
1329 419 1662 473 nunditntorem,

189 485 267 519 etc.
296 477 360 519 ἐπ’
391 477 717 531 αισχρουργιάις
747 477 1025 531 πρυαγωγέας

298 549 367 602 80,
403 549 467 591 19.
525 546 621 591 τότε
648 549 722 590 καί
746 547 913 603 γράψαι
952 545 1057 590 κατὰ
1093 550 1166 601 τῆς
1203 547 1425 604 οἶληθειὶας]
1455 550 1662 590 Constan-

186 607 279 659 tini,
306 607 555 658 Constantii,
585 614 626 647 et
642 606 791 648 Iuliani
822 607 1084 661 temporibus
1103 606 1392 661 Porphyrium
1421 606 1566 647 vixisse
1596 612 1662 646 te-

186 670 321 705 statur
349 670 496 719 aperte
522 664 715 704 Socrates
747 664 816 703 lib.
846 662 872 703 3
903 678 993 718 cap.
1015 662 1079 714 19,
1111 663 1231 703 facile
1261 662 1403 718 itaque
1433 663 1544 703 circa
1577 662 1662 703 eius

187 727 366 761 aetatem
409 720 570 761 delusus
609 727 668 762 est
711 721 937 770 Baronius‚
978 720 1050 775 qui
1081 719 1339 759 Constantini
1381 719 1662 760 vicennalibus

186 777 270 818 iam
301 791 456 818 annum
487 776 537 818 91
570 777 750 832 attigisse
783 777 951 831 scripsit
981 777 1033 817 ad
1066 776 1218 817 Christi
1252 791 1404 816 annum
1434 775 1515 816 325
1546 791 1660 816 num.

186 833 254 884 90,
289 849 337 875 ex
377 834 463 875 eius
501 834 671 899 quippe
697 835 859 874 ratione
901 848 1030 873 annus
1068 833 1146 873 iste
1189 833 1333 873 luliani
1371 833 1519 874 tertius
1553 833 1663 874 vitae

186 890 430 932 centesimus
463 897 504 932 et
533 890 765 932 tricesimus
792 889 1036 946 Porphyrio
1081 890 1285 930 exista-‚et

295 974 364 1072 8118,
399 975 463 1016 15.
519 974 595 1016 νῦν
637 969 788 1022 πάντες
816 970 1112 1029 ωρμίσθημεν]
1144 988 1191 1015 ex
1229 972 1503 1015 Theodoreto
1531 972 1601 1014 lib.
1632 972 1660 1014 3

186 1046 277 1086 cap.
368 1062 377 1071 .

296 1104 368 1154 82,
403 1104 444 1145 8.
501 1099 765 1159 θεόκταντος]
796 1110 967 1144 eventus
1027 1117 1122 1142 uam
1167 1101 1338 1143 obscuri
1368 1102 1661 1143 dilucidissima

184 1162 402 1215 expositio.
462 1161 665 1201 Baronius
700 1161 752 1200 ad
783 1175 940 1200 annum
969 1157 994 1199 3
1026 1158 1052 1199 3
1082 1174 1194 1198 num.
1229 1157 1295 1199 54.
1327 1166 1479 1200 auctor
1508 1159 1661 1199 disser-

184 1218 392 1259 tationum
416 1217 456 1257 in
476 1217 823 1286 Philostorgium
852 1231 948 1272 pag.
980 1215 1076 1266 308,
1107 1214 1399 1256 Theodoretus
1430 1216 1500 1257 lib.
1513 1214 1538 1256 3
1569 1230 1660 1270 cap.

185 1274 252 1315 20.
313 1274 441 1340 δῆλον
469 1288 539 1314 οτι
568 1269 617 1322 ὃς
644 1275 772 1314 τοῦτο
801 1273 979 1327 δέδρακε
1006 1287 1077 1312 του
1111 1269 1233 1312 θείου
1262 1269 1469 1324 νεύματος
1494 1285 1662 1325 υπουρ-

180 1329 253 1383 γὸς
281 1327 478 1384 ἐγεγόνει.
545 1339 698 1371 constat
737 1345 845 1385 eum,
873 1330 1130 1388 quifacinzcs
1144 1330 1359 1381 commisit,
1388 1329 1562 1370 divinae
1582 1343 1662 1370 vo-

180 1389 342 1429 luntatis
371 1388 658 1428 administrum
680 1385 826 1442 flasse.

292 1473 402 1514 Ibid.
461 1473 506 1513 ἑν
534 1473 584 1528 τῇ
614 1469 669 1520 κς’
702 1470 779 1513 τοῦ
809 1468 1071 1523 Ἰανουαριόυ
1097 1467 1252 1526 μηνός]
1283 1470 1482 1512 mendum
1511 1484 1535 1511 a
1566 1471 1661 1540 pri-

181 1543 250 1568 mo
281 1529 500 1583 scriptoris
534 1544 685 1570 errore
714 1530 755 1568 in
800 1535 951 1569 cuncta
990 1529 1162 1582 exempl
1155 1543 1242 1568 iria
1283 1528 1544 1577 derivatum,
1572 1525 1662 1569 Ἰα-

179 1585 410 1637 νουαριόυ,
449 1586 503 1626 ob
540 1586 760 1652 quandam
797 1584 1138 1636 similitudinem,
1171 1583 1347 1626 Ἰουνίου
1387 1585 1478 1624 vice
1505 1583 1660 1637 posuit.

183 1656 375 1681 eriorem
404 1643 569 1696 scriptis
593 1644 672 1683 suis
704 1642 961 1683 convincunt
991 1641 1228 1681 Ammianus
1260 1641 1333 1681 lib.
1369 1641 1436 1695 25,
1466 1643 1661 1682 Socxates

180 1697 250 1737 lib.
282 1697 309 1738 3
342 1713 431 1753 cap.
469 1698 715 1740 18.1datius
744 1699 775 1739 si
810 1698 936 1738 modo
982 1713 1120 1749 verus,
1150 1698 1383 1738 chronicon
1415 1675 1661 1738 Alexandii..

183 1770 295 1808 num,
326 1755 610 1807 Cassiodorus,
638 1763 680 1796 et
706 1755 774 1795 alii
805 1754 916 1810 apud
945 1755 1165 1795 Pet1v1um
1195 1754 1265 1795 lib.
1283 1754 1330 1794 11
1362 1769 1452 1808 cap.
1474 1753 1542 1795 43.
1575 1754 1662 1808 ipse

181 1817 331 1852 auctor
370 1827 498 1852 annos
553 1812 721 1867 imperii
770 1811 873 1852 duos
918 1816 960 1852 et
988 1825 1144 1851 menses
1187 1809 1211 1850 9
1257 1810 1418 1850 Iuliano
1463 1824 1659 1864 asserens,

182 1868 345 1909 nonnisi
375 1870 493 1908 lunio
532 1869 737 1909 interiisse
763 1867 931 1919 credat,
972 1882 1096 1922 quem
1128 1867 1307 1907 Octobri
1352 1867 1492 1921 primo
1524 1866 1662 1922 impe-

181 1940 290 1966 rasse
317 1925 483 1979 scrIpsit
510 1926 700 1981 superius
731 1940 841 1965 anno
875 1924 1138 1965 Constantini
1172 1923 1332 1963 ultimo.

294 2009 405 2049 Ibzd.
437 2008 476 2053 9.
544 2008 648 2050 ἐτῶν
677 2005 883 2062 ὑπάρχων
929 2005 1022 2061 λα’]
1067 2007 1124 2049 ita
1171 2007 1374 2076 quaedam
1414 2006 1662 2064 Hieronymi

181 2065 432 2119 exemplaria
476 2066 587 2120 apud
624 2066 884 2117 Pontacum,
916 2067 1108 2107 Socrates
1149 2065 1218 2105 lib.
1238 2063 1264 2105 3
1297 2080 1388 2121 cap
1424 2065 1474 2106 18
1507 2065 1662 2105 ultimis

180 2122 334 2174 verbis,
364 2122 602 2163 Ammianus
631 2122 703 2163 lib.
735 2121 800 2163 23.

301 2195 406 2292 {lii-d.
444 2193 508 2236 16.
577 2193 624 2237 ἐν
667 2191 870 2249 Κάρραις
910 2194 959 2236 δὲ
991 2194 1168 2251 εΰρέθη]
1210 2195 1503 2236 Theodoretus
1532 2193 1602 2235 lib.
1634 2193 1661 2234 3

182 2266 275 2307 cap.

294 2323 362 2375 83,
393 2325 432 2365 2
487 2323 731 2379 χιλίαρχος]
778 2323 851 2379 qui
893 2338 1003 2363 anno
1053 2323 1273 2378 superiore
1301 2324 1524 2378 τριβοῦνος
1552 2323 1663 2366 idem

181 2381 405 2434 χιλίαρχος
436 2396 546 2421 anno
576 2387 776 2436 sequente
804 2379 995 2421 Cedreno
1020 2381 1213 2435 scriptus.

295 2466 402 2506 Ibid.
433 2464 470 2505 3.
529 2461 612 2505 υπὸ
649 2461 807 2512 παντὸς
845 2465 924 2504 τοῦ
963 2466 1165 2519 στρατοῦ]
1207 2466 1447 2505 Ammianus
1490 2464 1561 2504 lib.
1593 2463 1658 2504 25.

179 2522 384 2576 principio
414 2523 514 2562 lucis
539 2531 740 2579 sequutae,
768 2536 874 2577 quae
902 2532 994 2562 erat
1018 2524 1207 2576 quintum
1238 2523 1323 2562 lral.
1353 2523 1498 2572 Iulias,
1529 2521 1659 2560 colle-

181 2581 237 2618 cti
264 2580 384 2619 duces
412 2580 626 2629 exercitm,
655 2579 946 2633 advocatisque
980 2580 1181 2633 legionum
1216 2579 1482 2634 principibus,
1511 2586 1550 2616 et
1573 2585 1659 2616 tur-

184 2649 341 2674 marum
369 2650 493 2690 snper
520 2635 697 2675 creando
722 2636 912 2691 principe
958 2637 1254 2676 consultabant.

297 2713 403 2752 Ibid.
436 2713 474 2755 6.
534 2709 681 2767 ειρὴνη
713 2713 893 2767 γέγονεν]
936 2714 1168 2769 Eutropius
1208 2714 1259 2754 nd
1300 2713 1369 2753 lib.
1406 2710 1455 2751 10
1487 2711 1657 2759 calcem,

183 2770 420 2810 Ammianus
453 2771 528 2810 lib.
564 2771 648 2822 25,
678 2771 873 2810 Socrates
904 2769 974 2813 lib
995 2769 1022 2811 3
1052 2786 1143 2826 cap.
1177 2769 1239 2826 19,
1269 2769 1563 2811 'theodoretus
1588 2767 1655 2807 lib.

182 2824 210 2865 4
241 2841 330 2881 cap
367 2826 402 2880 1,
434 2827 690 2869 Sozomenus
714 2828 785 2868 hb
816 2825 844 2867 6
873 2841 966 2882 cap.
999 2825 1039 2866 3
