1768 3268
574 217 647 259 nx
683 206 1034 261 Tnssornms.
1437 209 1530 260 147

62 337 135 372 tor
160 331 224 372 bis
253 336 299 373 et
323 330 412 372 aliis
441 331 761 387 quamplurimis
798 333 1199 375 commonitionibus
1226 335 1432 391 populum
1460 349 1532 376 ex-

61 386 256 428 hortatus
282 395 419 438 esset,
467 388 687 443 roepondit
724 388 763 430 ei
793 404 899 430 unus
942 404 1024 444 pro
1055 391 1249 432 omnibus
1277 390 1534 446 “expandisti

64 444 294 499 angustiam
333 443 476 486 cordis
520 446 676 496 nostri,
715 444 912 496 domine,
942 460 988 486 os
1025 451 1143 487 tuum
1176 447 1218 487 in
1247 448 1535 489 admonitione

62 501 252 541 dilatans.
277 507 484 542 acuerunt
514 515 727 543 sermones
759 502 819 542 tui
853 501 1009 557 gladios
1039 510 1229 554 nostros,
1261 509 1305 545 et
1331 504 1407 545 hos
1440 504 1536 544 ani-

62 562 197 598 matos
251 557 419 612 operati
456 562 569 598 sunt.
639 558 854 613 expeditos
898 573 972 599 nos
1014 561 1094 599 tuis
1121 561 1259 600 verbis
1302 561 1536 602 exhibuisti.

66 613 348 655 erubescimus
374 619 418 654 te
443 613 686 668 aspicientes
717 628 791 656 nos
828 615 871 654 in
901 616 1051 670 pugnis
1082 615 1351 670 praecedere,
1381 623 1423 657 et
1452 619 1539 657 ius-

64 670 200 711 siones
229 675 320 712 tuas
361 669 404 710 in
444 670 637 712 omnihus
677 674 940 726 sequemur.''
998 673 1231 727 imperator
1258 679 1398 714 autem
1424 688 1539 714 sum..

68 727 151 780 ptis
179 725 339 768 militiis
366 741 463 767 mox
491 726 544 766 ad
571 727 784 768 Persidem
804 727 1050 769 interiorem
1073 729 1266 780 accessit,
1294 730 1391 784 igne
1421 743 1541 769 com-—

69 784 226 824 burens
253 783 378 824 urbes
406 789 450 823 et
479 789 627 824 castra.
684 783 732 823 fit
762 784 887 824 etiam
915 784 984 825 hic
1012 785 1203 826 terribile
1232 786 1446 841 quoddam
1464 787 1541 825 mi-

67 839 289 880 raculum:
321 840 363 879 in
393 839 574 880 aestivali
609 840 768 895 quippe
799 840 978 881 solstitio
1023 849 1096 882 aer
1134 842 1290 882 sudore
1320 843 1452 882 factus
1482 848 1543 882 est

69 895 271 947 madidus,
301 896 464 936 animos
507 898 798 937 Romanorum
843 897 1047 938 exercitus
1089 911 1306 949 recreans,
1351 899 1457 939 adeo
1497 905 1544 938 ut

69 952 170 993 hinc
199 967 317 1007 spem
351 952 554 1007 optimam
581 959 810 994 sumerent.
882 954 1052 994 audiens
1080 959 1300 1009 praeterea
1329 955 1545 995 Heraclius

72 1007 189 1064 quod
217 1009 423 1049 Chosroes
453 1009 566 1063 apud
594 1013 759 1050 Gazaco
790 1010 1004 1050 civitatem
1031 1024 1126 1050 cum
1158 1011 1437 1066 quadraginta
1463 1011 1547 1050 mi-

69 1066 180 1106 libus
206 1065 506 1106 bellicosorum
532 1071 637 1106 esset
663 1066 870 1118 virorum,
895 1067 1057 1121 impetu
1078 1066 1274 1108 adversus
1302 1067 1421 1108 illum
1448 1082 1549 1122 per-

73 1121 207 1170 rexit;·
247 1128 291 1163 et
316 1122 531 1176 praemissi
562 1122 733 1178 quidam
777 1123 828 1163 ab
862 1136 913 1163 eo
954 1124 1264 1164 Saracenorum
1292 1123 1370 1165 sibi
1399 1125 1547 1166 subin..

72 1185 268 1231 gatorum
298 1179 495 1220 Chosrois
525 1185 761 1220 occurrunt
787 1179 966 1234 vigiliae,
994 1186 1036 1220 et
1056 1179 1210 1220 horum
1237 1180 1441 1236 quosdam
1468 1194 1549 1220 oc·-

72 1234 292 1287 ciderunt,
333 1235 535 1290 quosdam
570 1249 674 1276 vero
712 1236 985 1290 compedibus
1029 1235 1193 1276 vinctos
1222 1250 1318 1276 cum
1345 1243 1548 1292 praetore

72 1290 262 1345 ipsorum
311 1290 561 1345 imperatori
598 1297 990 1346 praesentaverunt.
1053 1290 1138 1332 hoc
1165 1299 1387 1347 comperto
1416 1293 1547 1334 Chos-

74 1362 183 1399 roes,
218 1347 419 1388 derelicta
449 1354 536 1388 tam
562 1348 732 1389 civitate
758 1363 883 1403 quam
912 1347 1075 1395 militia.
1109 1349 1206 1405 fuga
1238 1336 1332 1389 usfls
1365 1356 1439 1394 est.
1487 1339 1676 1391 &tp-474

74 1417 178 1444 vero
197 1403 411 1444 Heraclius
436 1404 642 1444 insecutus
662 1405 864 1460 quosdam
875 1412 1207 1460 praeoccupatos
1220 1405 1396 1446 occidit:
1415 1405 1547 1446 ceteri

76 1466 216 1501 autem
245 1459 325 1500 hac
355 1459 534 1516 illacque
570 1461 758 1515 palantes
797 1460 980 1516 dissipati
1006 1467 1116 1503 sunt.
1183 1476 1365 1517 cumque
1392 1476 1549 1517 perve-

74 1517 200 1558 nisset
231 1516 471 1571 imperator
511 1515 564 1557 ad
596 1517 896 1558 Gazacensium
941 1517 1180 1571 civitatem,
1223 1517 1266 1557 in
1297 1518 1548 1559 suburbanis

73 1571 197 1614 huius
228 1572 449 1614 reficiebat
491 1573 720 1614 exercitum
748 1588 886 1614 suum.
959 1574 1111 1614 Persae
1142 1588 1258 1624 vero,
1291 1575 1365 1630 qui
1394 1576 1551 1615 confu-

74 1635 225 1684 gerant
253 1629 306 1670 ad
333 1645 444 1680 eum,
460 1629 744 1685 perhibebant
761 1629 877 1685 quod
897 1629 1104 1670 Cliosroes
1132 1630 1291 1684 fugiens
1323 1631 1419 1685 igne
1448 1644 1550 1672 con-

75 1687 300 1741 sumpserit
331 1687 473 1728 omnia
504 1693 590 1727 sata
620 1687 662 1726 in
697 1687 798 1727 locis
828 1686 929 1736 illis,
974 1693 1016 1727 et
1044 1687 1291 1741 pervenerit
1320 1686 1373 1726 ad
1402 1686 1550 1727 civita-

48 1783 52 1787 ,
75 1749 163 1783 tem
175 1743 443 1783 Thebarman
465 1743 505 1783 in
522 1743 700 1783 Oriente
727 1742 865 1792 sitam,
898 1742 937 1782 in
975 1758 1058 1798 qua
1085 1749 1178 1784 erat
1210 1742 1414 1797 templum
1445 1743 1549 1798 ignis

75 1805 206 1854 atque
245 1800 450 1854 pecuniae
490 1799 636 1840 Croesi
673 1798 892 1854 Lydorum
925 1799 1033 1854 regis
1075 1805 1118 1840 et
1145 1812 1272 1840 error
1299 1814 1551 1854 prunarum.

74 1854 137 1895 his
164 1856 344 1911 acceptis
375 1855 428 1896 ad
456 1861 595 1910 partes
614 1855 847 1911 Dastagerd
877 1855 960 1896 iter
989 1855 1150 1911 agebat.
1207 1856 1443 1909 imperator
1470 1870 1552 1896 au-

77 1916 163 1952 tem
190 1913 407 1966 profectus
437 1928 460 1952 a
488 1912 785 1953 Gazacensium
832 1911 1005 1953 civitate
1032 1911 1226 1967 pervenit
1248 1912 1551 1962 Thebarmeso,

76 1973 120 2008 et
146 1968 351 2023 ingressus
379 1969 422 2009 in
449 1984 541 2009 cam
579 1969 674 2025 igne
700 1968 959 2023 consumpsit
997 1968 1200 2022 templum
1229 1968 1352 2023 ignis,
1386 1974 1430 2008 et
1458 1974 1549 2007 tota

77 2023 249 2066 civitate
278 2025 372 2080 igne
400 2025 617 2066 combusta
656 2031 901 2080 persecutus
943 2031 1005 2066 est
1031 2031 1128 2080 post
1157 2024 1374 2077 Chosroen
1403 2025 1447 2064 in
1472 2040 1551 2064 an-

76 2081 220 2135 gustiis
260 2082 442 2136 regionis
484 2081 727 2123 Medorum.
797 2081 1004 2122 Chosroes
1045 2087 1185 2122 autem
1226 2081 1268 2121 in
1301 2081 1363 2121 his
1390 2079 1548 2120 duabus

75 2137 316 2191 regionibus
353 2138 405 2178 de
442 2137 539 2179 loco
582 2138 625 2178 in
665 2139 806 2179 locum
834 2152 1064 2192 peragrans
1105 2137 1312 2187 latitabat,
1345 2143 1388 2178 et
1412 2137 1550 2176 Hera-

75 2193 178 2233 clius
207 2194 321 2234 hunc
350 2208 606 2250 persequens
632 2195 783 2236 multas
802 2194 989 2235 civitates
1017 2193 1247 2235 devastavit
1274 2199 1317 2234 et
1346 2193 1548 2247 regiones.

72 2250 211 2291 hieme
244 2265 344 2291 vero
385 2251 609 2292 accedente
654 2250 875 2292 consilium
916 2250 1095 2291 faciebat
1141 2251 1314 2291 ubinam
1343 2248 1549 2289 hiemaret

74 2321 172 2347 cum
200 2307 386 2362 populo;
429 2313 473 2348 et
513 2306 683 2362 quidam
713 2307 756 2347 in
785 2307 1005 2348 Albaniam
1041 2307 1349 2363 perhibebant,
1378 2304 1549 2360 quidam

72 2378 175 2403 vero
202 2371 352 2404 contra
381 2363 517 2418 ipsum
546 2378 782 2419 properare
811 2364 1046 2404 Cbosroen.
1104 2369 1169 2403 ast
1195 2363 1429 2416 imperator
1460 2360 1548 2400 ius-

74 2421 129 2460 sit
159 2421 363 2474 populum
395 2420 531 2460 tribus
572 2419 716 2460 diebus
744 2419 932 2461 divinum
972 2421 1194 2460 oraculum
1222 2416 1549 2472 praestolantem

72 2483 185 2516 caste
215 2491 264 2516 ac
282 2477 450 2530 puriter
486 2477 757 2526 conversari,
788 2476 931 2531 sicque
970 2490 1171 2531 responso
1200 2479 1374 2527 accepto
1401 2472 1443 2511 in
1472 2472 1549 2512 Al·-

74 2532 198 2573 bania
226 2533 363 2574 hieme
393 2532 664 2573 commorari.
721 2531 822 2572 dum
853 2546 959 2573 vero
990 2532 1089 2573 illuc
1108 2531 1247 2571 abiens
1279 2532 1361 2570 iter
1388 2534 1546 2583 ageret,

74 2588 229 2630 habens
260 2604 401 2631 secum
427 2589 641 2644 copiosam
657 2589 880 2630 Persarum
908 2588 1125 2644 praedam,
1153 2585 1266 2627 haud
1293 2599 1451 2640 paucos
1477 2583 1547 2624 in..

73 2659 223 2687 cursus
250 2661 275 2687 a
314 2645 490 2687 Persicis
533 2645 674 2687 cuneis
703 2646 893 2700 pertulit.
964 2646 1050 2700 ipse
1076 2657 1179 2684 vero
1211 2641 1352 2682 divina
1384 2636 1675 2695 coope-P·475

74 2702 243 2742 ratione
272 2702 535 2757 triumphum
560 2701 614 2742 de
642 2702 832 2742 omnibus
870 2701 980 2741 tulit.
1040 2706 1263 2755 praeterea
1291 2707 1389 2737 cum
1413 2697 1543 2737 vehe-

76 2773 190 2798 mens
221 2763 442 2813 tempestas
489 2772 616 2813 super
650 2772 746 2811 eum
785 2758 998 2799 cecidisset
1036 2757 1078 2796 in
1106 2756 1198 2806 via,
1229 2759 1271 2794 et
1309 2753 1423 2794 hunc
1451 2755 1545 2809 gelu

77 2823 428 2871 praeoccupasset
471 2815 511 2854 in
542 2814 740 2865 Albania,
786 2813 1045 2868 haberetque
1086 2811 1388 2867 quinquaginta
1436 2810 1549 2850 milia
