1794 3250
276 187 376 236 304
759 197 816 238 IN
854 194 1226 238 THEOPHANEM

273 315 361 362 pta,
391 308 472 349 iter
501 307 542 349 in
564 308 729 362 Gallias,
758 325 854 352 cum
883 311 1083 367 Bagandis
1111 325 1287 367 pugnae,
1347 310 1507 352 Galliae
1537 311 1746 352 reforma-

274 366 347 415 tio,
381 365 422 405 in
453 367 698 408 carausium
727 368 859 408 excita
891 369 1119 409 rebellione
1160 375 1347 422 conatus,
1377 383 1486 424 quae
1514 368 1605 424 quis
1635 384 1747 413 anno

274 422 399 461 unico
429 429 633 464 asseveret
653 424 875 465 confecta?
934 425 1147 466 concludit
1165 425 1434 466 Gordonius:
1462 424 1591 480 aliqui
1621 426 1748 465 etiam

273 493 384 519 nunc
418 479 633 520 Caesarem
663 486 842 534 tantum,
872 488 914 522 et
943 488 1040 537 post
1063 482 1302 533 biennium,
1334 482 1387 522 ab
1421 488 1594 536 accepta
1623 482 1747 521 nimi..

272 550 368 575 rum
399 536 598 578 Caesarea
626 536 840 592 dignitate,
872 542 1102 593 Augustum
1132 544 1348 579 autumant
1375 543 1581 579 creatum.
1640 540 1750 578 favet

272 591 541 647 Theophanis
580 595 808 636 sententiae
855 595 975 636 ldatii
1016 595 1324 646 testimonium,
1357 593 1475 650 quod
1505 599 1643 634 tamen
1675 609 1747 635 ex-

272 647 377 703 cipit
400 650 698 692 eruditissimus
730 651 924 693 Petavius
952 651 1024 693 lib.
1060 652 1107 693 11
1140 652 1191 693 de
1222 650 1334 695 doct.
1366 657 1494 707 temp.
1527 664 1620 707 cap.
1648 648 1715 691 31.

358 751 367 762 =
385 732 426 786 8,
456 732 498 777 6.
559 731 862 789 Διοκλητιανὸς
886 736 961 776 καί
979 733 1274 790 Μαξιμιανός]
1311 751 1396 778 non
1428 734 1544 792 quod
1566 735 1749 776 coniun-

267 790 350 831 -ctis
383 791 521 843 armis,
551 792 623 832 sed
656 792 774 848 quod
807 791 1026 848 utriusque
1056 807 1258 834 consensu
1286 792 1388 835 haec
1417 799 1543 848 gesta,
1575 791 1628 834 de
1660 806 1746 848 quo

272 853 372 888 nota
403 848 581 888 inferior
608 849 749 890 tertia.

382 920 490 960 Ibid.
521 920 560 962 7.
613 914 856 974 Ὀβούσιριν
886 922 961 962 καί
988 919 1188 977 Κόπτων]
1234 922 1306 977 qui
1334 921 1636 976 Theophanem
1667 935 1749 962 no-

269 983 402 1017 strum
431 977 613 1031 plurima
645 993 690 1018 ex
721 985 843 1032 parte
863 978 1128 1032 transcripsit
1171 979 1408 1031 Cedrenus,
1438 976 1648 1033 Βούσιριν
1677 975 1752 1020 καί

271 1030 444 1074 Κόπτον
468 1034 590 1089 legit:
622 1033 732 1075 idem
759 1037 958 1076 Zonaras.
1018 1034 1113 1077 vide
1145 1042 1291 1076 notam
1318 1050 1402 1091 seq.

379 1117 490 1158 Ibid.
525 1118 588 1159 10.
646 1117 945 1173 Διοκλητιανὸς
986 1115 1061 1160 καὶ
1087 1114 1390 1175 Μαξιμιανός]
1419 1119 1460 1159 in
1490 1118 1746 1160 Diocletiani

268 1189 421 1215 annum
452 1182 650 1215 octavum
681 1177 924 1217 conciliatus
948 1175 1186 1216 huiusmodi
1220 1177 1383 1231 nuptias
1414 1176 1594 1216 coniecit
1618 1176 1747 1216 Peta-

266 1230 354 1271 vius
379 1230 449 1271 lib.
485 1230 535 1271 13
565 1232 606 1271 in
638 1246 795 1273 nonum
815 1233 1063 1274 chronicum
1087 1232 1281 1273 Alexand.
1299 1238 1342 1273 et
1365 1231 1623 1288 Pomponius
1641 1233 1748 1273 Lae-

268 1294 345 1330 tus.
405 1288 617 1329 undecimo
657 1302 769 1330 anno
816 1304 874 1331 ex
910 1304 992 1347 quo
1026 1290 1284 1329 Constantius
1319 1291 1475 1330 Caesar
1510 1298 1569 1329 est
1576 1290 1747 1342 sactus,

265 1343 456 1384 occubuit.
531 1343 630 1385 hinc
671 1353 813 1387 autem
853 1346 907 1387 ad
936 1345 1203 1386 Constantini
1247 1361 1401 1386 annum
1432 1346 1616 1400 primum
1648 1346 1746 1386 anni

266 1407 544 1441 numerantur
586 1400 796 1445 undecim.
844 1402 1094 1444 chronicum
1135 1402 1455 1443 Alexandrinum
1496 1401 1746 1456 Theophani

266 1458 400 1498 lucem
429 1459 617 1512 praefert
647 1459 701 1500 ad
730 1459 980 1500 Diocletiani
1014 1474 1169 1500 annum
1199 1458 1224 1499 9
1259 1467 1300 1500 et
1331 1467 1421 1500 tum
1451 1459 1746 1500 Maximianum

267 1514 441 1565 lovium,
471 1521 561 1555 tum
591 1516 882 1557 Constantium
908 1518 988 1557 XII
1017 1516 1097 1556 kal.
1129 1516 1281 1556 lunias.
1338 1515 1607 1557 Nicomediae
1637 1515 1745 1556 Cae-

264 1584 375 1611 sares
421 1569 604 1612 elevatos
651 1578 840 1614 testatur.
912 1573 1167 1614 Diocletiani
1211 1573 1336 1613 filiam
1366 1581 1491 1615 vocat
1534 1571 1746 1615 Valeriam

266 1641 364 1682 pag.
396 1626 436 1668 8.

375 1699 483 1740 Ibid.
522 1700 586 1741 18.
640 1698 965 1753 Ἀλεξανδρείας
993 1701 1235 1756 ἐπίσκοπος]
1262 1703 1391 1743 Petro
1428 1703 1604 1758 martyri
1635 1702 1746 1743 inter

262 1755 525 1810 patriarchas
560 1756 639 1808 17,
668 1758 940 1812 pontificatus
983 1772 1112 1799 annos
1134 1759 1346 1799 Abraham
1363 1759 1636 1800 Ecchellensis
1667 1775 1745 1800 nu·

263 1819 402 1853 merat
431 1813 589 1864 decem,
620 1819 662 1854 et
692 1814 776 1854 dies
804 1813 899 1855 333.

376 1886 487 1927 Ibid.
522 1884 605 1930 19.'
657 1885 953 1938 Ἀλεξανδρειῖι
998 1884 1080 1928 otha
1123 1888 1178 1943 τῇ
1214 1882 1440 1943 Αἰγύπτῳ]
1487 1888 1744 1943 Pomponius

262 1944 430 1983 Laetus.
489 1953 578 1983 erat
603 1943 777 1994 Iovius,
820 1944 1133 1995 Diocletianus,
1167 1945 1211 1984 in
1243 1945 1457 2000 Aegypto:
1488 1944 1561 2000 qui
1589 1946 1746 1986 eversis

262 1999 417 2039 duabus
447 2000 618 2050 urbibus,
649 2009 836 2055 superato
861 2001 1066 2054 Achilleo,
1088 2011 1322 2057 pacaverat
1348 2002 1599 2057 Aegyptum.
1628 2002 1744 2041 urbes

259 2070 388 2111 prope
416 2065 567 2097 veteres
602 2057 758 2096 Thebas
782 2058 941 2112 positae
969 2066 1090 2098 erant
1103 2088 1114 2106 ‚
1145 2056 1249 2097 dites
1276 2072 1324 2097 ac
1345 2059 1584 2114 populosae,
1613 2057 1746 2098 Basia

263 2113 317 2150 ris
348 2121 385 2152 et
406 2112 560 2168 Coptos.
590 2127 701 2168 spem
727 2114 954 2153 rebellionis
973 2114 1144 2166 augebat
1169 2114 1397 2162 Achilleus,
1431 2116 1543 2154 cuius
1570 2115 1738 2154 consilio

251 2167 346 2221 sere
373 2178 461 2209 tota
490 2170 734 2209 dissenserat
762 2170 989 2225 Aegyptus:
1020 2170 1181 2210 tandem
1201 2173 1328 2210 caesis
1349 2171 1490 2226 ubique
1517 2171 1742 2211 auctoribus

262 2223 503 2276 dejectionis
526 2255 539 2277 ‚
571 2226 678 2265 intra
707 2240 851 2266 novem
884 2240 1034 2266 menses
1061 2227 1216 2283 quievit
1241 2227 1454 2282 provincia
1479 2228 1743 2267 seminarium

262 2282 524 2335 religionum,
555 2282 599 2321 in
625 2296 706 2336 qua
748 2283 1060 2336 archisynagogi
1079 2283 1304 2339 plurimum
1334 2284 1590 2325 auctoritatis
1614 2283 1741 2323 habe-

263 2338 372 2377 bant.
439 2337 707 2378 Alexandria
745 2353 842 2379 vero
881 2340 1060 2390 obsessa,
1096 2349 1135 2379 et
1170 2349 1316 2380 octavo
1355 2354 1485 2380 mense
1513 2349 1641 2395 capta
1670 2348 1738 2381 est.

263 2395 491 2448 imperator
517 2403 718 2435 contentus
747 2396 988 2450 optimatum
1017 2396 1161 2444 caede,
1192 2397 1386 2436 abstinuit
1413 2411 1441 2436 a
1464 2394 1736 2445 multitudine.

264 2451 474 2491 Achilleus
500 2465 597 2491 vero
628 2451 791 2491 meritas
817 2451 891 2491 luit
914 2467 1080 2506 poenas,
1097 2451 1208 2506 feris
1250 2453 1463 2510 opposituS,
1495 2462 1534 2492 et
1559 2452 1741 2492 dilania-

263 2515 350 2547 tus:
384 2515 500 2548 terra
528 2521 627 2547 vero
654 2508 797 2564 ubique
826 2508 1019 2549 caedibus
1049 2511 1267 2564 potentium
1297 2510 1466 2550 maduit.
1524 2515 1740 2549 caeterum

264 2563 450 2617 quamvis
480 2562 678 2604 Busiridis
713 2571 754 2606 et
785 2564 911 2618 Copti
940 2564 1173 2606 vastitatem
1206 2572 1301 2606 ante
1331 2579 1461 2606 annos
1492 2579 1558 2606 sex
1588 2570 1742 2605 auctor

262 2620 483 2672 posuerit:
514 2634 678 2660 causam
708 2621 848 2676 potius
880 2627 1080 2672 exortam,
1111 2622 1384 2663 rebellionem
1399 2622 1597 2662 nimirum
1625 2620 1741 2660 exci-

263 2682 363 2727 tam,
393 2677 445 2717 ab
477 2676 662 2717 Achilleo
711 2678 861 2718 deinde
889 2692 1101 2719 accensam
1145 2679 1390 2720 intellexisse
1431 2692 1544 2719 reor.
1603 2679 1740 2731 Aegy-

262 2737 384 2784 ptum
415 2734 568 2774 etenim
601 2748 766 2775 omnem
798 2734 848 2774 ad
878 2734 1059 2775 officium
1077 2749 1228 2776 novem
1258 2736 1352 2777 solis
1379 2734 1583 2777 mensibus
1614 2746 1740 2773 revo-

263 2794 398 2829 catam
426 2790 595 2845 scripsit
641 2791 930 2847 Pomponius,
961 2799 1003 2833 et
1053 2792 1285 2847 Eutropius
1329 2792 1397 2833 lib.
1427 2789 1453 2832 9
1499 2789 1559 2831 his
1588 2789 1738 2830 verbis.
