1768 3268
563 210 635 251 Ex
673 206 1024 252 THEOPHANE.
1336 237 1338 239 ψ
1477 199 1543 251 43

56 332 123 366 tra
167 324 388 366 restiturus
428 339 524 365 cnm
569 325 766 365 immensa
811 323 1084 365 multitudine
1129 337 1340 378 aggressus
1370 332 1432 365 est
1459 324 1653 377 cosm-21

54 383 149 423 fisus
192 382 520 424 divinationibus
567 382 820 423 daemonum
861 387 904 422 et
930 379 1126 421 maleficis
1162 381 1544 422 adinventionibus.

54 453 238 495 cumque
282 439 448 480 vivifica
488 453 591 479 crux
633 453 831 494 magnum
881 438 1162 492 praecederet
1199 437 1555 490 Constantinum,-

53 503 258 552 tyrannus
285 510 368 536 una
399 510 496 536 cum
535 496 830 551 congressione
870 496 913 534 in
942 496 1083 550 fugam
1114 507 1268 545 versus,
1300 494 1400 534 dum
1430 496 1542 535 mul-

53 553 194 594 titudo
228 552 490 604 caederetur,
521 552 842 607 imperatoriam
871 557 1028 592 vestem
1055 551 1265 605 deposuit,
1295 557 1338 591 et
1366 552 1539 594 militari

52 608 334 650 circumdatus
363 609 526 660 habitu,
558 610 702 664 paucis
722 624 769 649 ex
794 608 1029 649 fautoribus
1058 622 1198 648 secum
1227 608 1539 660 comitantibus,

50 682 74 707 a
105 665 201 707 villa
248 666 292 707 in
321 665 462 706 villam
502 667 598 721 fuga
630 666 886 708 clandestina
921 665 1204 721 properabat,
1233 672 1275 706 et
1302 665 1539 706 sacerdotes

51 723 267 764 idolorum
295 728 338 764 et
365 723 407 763 in
439 724 606 778 magicis
625 723 785 764 artibus
804 722 1052 775 diffamatos,
1083 721 1155 763 sed
1183 727 1226 764 et
1244 729 1357 764 vates
1388 737 1539 766 eorum

57 780 272 831 collectos,
306 785 458 835 utpote
490 781 753 836 deceptoreS‚
787 779 956 821 occidit.

162 853 330 894 Interea
361 854 657 895 Constantinus
687 868 785 894 cum
804 854 852 894 11
885 860 1054 909 gereret
1083 852 1251 908 imperii
1279 867 1433 893 annum
1452 883 1465 906 ,
1495 860 1539 896 et

50 909 193 951 vivum
219 909 436 951 Galerium
466 911 765 952 Maximianum
794 916 898 952 esset
935 924 1214 966 aggressurus,
1244 909 1381 950 divina
1412 925 1537 965 prae-

50 966 217 1007 veniens
254 966 319 1007 ira
349 968 674 1022 comprehendit
720 982 840 1009 eum:
866 967 1031 1009 flamma
1076 967 1189 1008 enim
1218 967 1271 1008 de
1299 966 1440 1007 medio
1470 967 1537 1008 vi-

47 1037 213 1064 scerum
239 1030 282 1064 et
315 1024 592 1066 medullarum
620 1039 814 1066 succensa
845 1024 1111 1065 cumdolore
1141 1023 1398 1065 intolerabili
1427 1039 1535 1079 pro-

47 1095 150 1121 num
177 1095 306 1141 super
324 1088 484 1123 terram
509 1081 772 1124 anhelantem
791 1081 1041 1137 prostravit,
1072 1079 1130 1121 ita
1147 1087 1195 1122 ut
1216 1087 1399 1147 uterque
1427 1096 1534 1123 ocu..

47 1137 110 1177 lus
140 1137 229 1179 eius
261 1138 436 1190 exiliret,
468 1145 510 1180 et
540 1154 710 1191 caecus,
739 1143 787 1180 ut
817 1153 864 1180 re
897 1154 1017 1190 vera,
1047 1137 1237 1180 scelestus
1267 1138 1534 1194 relinquere-

44 1200 130 1235 tur.
187 1208 324 1250 porro
369 1210 465 1236 cum
500 1210 645 1237 carnes
674 1197 761 1238 eius
807 1197 1073 1252 putrefactae
1104 1210 1208 1249 prae
1238 1194 1533 1236 innumerabili

45 1251 199 1317 ossium
241 1251 441 1294 incendio
482 1252 695 1306 caderent,
727 1252 817 1308 ipse
848 1254 1164 1309 impugnantem
1195 1252 1321 1295 deum
1347 1253 1534 1309 proiecit

46 1322 242 1349 ammam.

155 1381 422 1424 Duodecimo
474 1398 584 1424 anno
617 1384 786 1439 imperii
825 1383 888 1423 sui
919 1383 1219 1425 Constantinus
1249 1383 1427 1435 Licinio,
1458 1385 1636 1440 quir-22

42 1453 181 1480 secum
213 1445 382 1482 certare
411 1439 636 1482 videbatur
665 1447 707 1482 et
739 1441 883 1482 dolose
913 1440 1264 1482 christianismum
1292 1441 1531 1493 simulabat,

41 1511 260 1553 segregans
290 1503 456 1552 partem
486 1499 777 1539 Romanorum
818 1504 961 1539 terrae
1009 1498 1182 1552 largitus
1208 1504 1281 1548 est,
1317 1498 1530 1553 appellans

41 1568 138 1594 eum
166 1554 483 1610 imperatorem,
516 1561 559 1596 et
591 1561 844 1611 extorquens
873 1554 926 1594 ab
958 1568 1008 1594 eo
1029 1554 1201 1595 foedera
1228 1555 1284 1595 nil
1307 1570 1350 1596 se
1380 1562 1531 1596 contra

41 1610 302 1653 Christianos
330 1617 541 1653 acturum.
601 1619 644 1654 et
672 1612 772 1653 hinc
804 1618 1086 1669 tyrannorum
1117 1612 1254 1667 gratia
1285 1611 1352 1653 dei
1384 1626 1529 1668 perse-

42 1667 158 1708 cutio
189 1668 447 1725 conquievit.

154 1741 302 1783 Mundi
333 1757 444 1784 anno
463 1741 588 1796 5810,
619 1743 787 1785 divinae
817 1743 1118 1785 incarnationis
1138 1741 1237 1794 310,
1269 1749 1426 1799 quarto
1453 1743 1530 1785 de..

41 1798 148 1839 cimo
188 1798 359 1854 imperii
408 1800 472 1841 sui
508 1816 619 1842 anno
659 1801 957 1842 Constantinus
1010 1801 1142 1842 totius
1183 1801 1365 1841 Romani
1413 1801 1530 1842 orbis

40 1863 319 1898 monocrator
346 1857 517 1899 effectus
547 1872 715 1899 omnem
753 1873 901 1899 curam
930 1858 1145 1899 transtulit
1177 1856 1229 1897 ad
1258 1857 1424 1910 divina,
1455 1873 1528 1898 cc-

39 1913 178 1954 clesias
212 1913 375 1969 erigens
403 1920 445 1956 et
465 1915 786 1956 liberaliterhas
808 1929 856 1956 ex
886 1915 1052 1955 ratione
1071 1915 1242 1969 publica
1272 1914 1421 1956 ditans.
1454 1915 1529 1956 iste

40 1969 223 2023 primam
252 1970 384 2025 legem
411 1972 592 2027 scripsit,
622 1971 837 2012 idolorum
862 1972 1015 2026 templa
1034 1971 1094 2012 his
1127 1971 1238 2012 tradi
1263 1987 1372 2026 quae
1401 1971 1526 2012 Chri-

38 2032 103 2066 sto
120 2033 218 2068 sunt
241 2026 459 2082 deputata.
500 2043 598 2070 cum
614 2043 664 2070 eo
700 2044 794 2070 sanc
815 2029 921 2084 leges
951 2030 1198 2084 proferebat
1216 2029 1387 2083 Crispus
1418 2029 1525 2069 lilius

37 2083 138 2123 eius.
207 2083 432 2126 secundam
461 2100 589 2138 vere,
619 2086 880 2128 Christianos
908 2087 1017 2128 solos
1033 2087 1218 2127 militare
1248 2086 1524 2141 gentibusque

36 2154 85 2179 ac
115 2140 362 2181 exercitibus
393 2143 644 2197 principari,
677 2158 747 2185 eos
769 2149 909 2184 autem
942 2143 1013 2200 qui
1035 2148 1334 2198 permanerent
1350 2142 1392 2182 in
1413 2142 1524 2183 'ido-

34 2195 220 2249 lolatria,
250 2198 473 2252 capitalem
500 2201 643 2241 subire
669 2200 933 2241 sententiam.
992 2200 1177 2252 tertiam,
1209 2199 1310 2240 duas
1341 2199 1522 2254 pascha-

35 2252 90 2294 les
118 2252 416 2306 hebdomadas,
449 2271 574 2297 unam
602 2257 760 2299 scilicet
800 2264 897 2298 ante
925 2263 967 2298 ct
997 2257 1174 2298 alteram
1201 2263 1299 2311 post
1328 2271 1522 2297 resurre-

34 2310 232 2362 ctionem,
261 2312 350 2352 sine
377 2313 525 2355 labore
565 2315 812 2370 cuiusquam
844 2314 985 2369 operis
1015 2313 1295 2355 celebrandas,
1357 2313 1428 2354 llis
1462 2313 1521 2354 ita

33 2367 153 2421 gestis
185 2383 265 2423 pax
295 2369 509 2423 profunda
542 2376 584 2410 et
616 2371 900 2428 tranquillitas
940 2371 1128 2411 obtinuit
1157 2371 1306 2412 orbem
1338 2378 1380 2410 et
1403 2371 1520 2410 exul-

34 2423 138 2464 tatio
170 2425 332 2476 fldeles,
364 2429 720 2468 concurrentibus
761 2427 921 2468 assidue
959 2428 1152 2469 omnibus
1196 2427 1436 2468 nationibus
1465 2427 1517 2467 ad

33 2479 157 2578 fidelm
199 2482 380 2536 Christi,
424 2490 465 2525 et
510 2483 758 2538 baptizatis,
806 2499 854 2525 ac
885 2485 1026 2539 patria
1065 2484 1435 2541 conquassantibus
1463 2483 1569 2533 „si-11·
1585 2489 1632 2524 23

30 2551 102 2578 mu
120 2553 234 2584 acra.

146 2611 311 2663 Quinto
352 2613 515 2654 decimo
554 2614 722 2668 imperii
760 2615 1028 2655 Constantini
1059 2629 1169 2655 anno
1203 2612 1387 2654 Licinius
1417 2628 1518 2654 coe-

30 2667 95 2720 pit
129 2675 277 2709 contra
295 2669 555 2712 Christianos
585 2672 920 2725 persecutionem
947 2687 1146 2719 movere3
1178 2677 1220 2710 et
1250 2671 1390 2723 primo
1421 2671 1521 2725 qui-

33 2723 127 2763 dem
160 2725 420 2767 Christianos
453 2728 523 2783 qui
556 2729 738 2768 erantin
757 2729 914 2783 palatio
946 2735 1188 2784 persecutus
1211 2733 1284 2779 est,
1317 2727 1520 2768 oblivioni

32 2781 200 2822 tradens
233 2782 562 2825 destructionem
603 2785 945 2839 praecedentium
985 2792 1268 2839 tyrannorum
1295 2790 1337 2824 et
1368 2790 1519 2838 pacto-

32 2850 127 2877 rum
156 2853 308 2896 magno
326 2842 603 2883 Constantino
634 2843 856 2884 sactorum.
920 2843 961 2883 in
994 2842 1165 2883 seminas
1195 2848 1335 2884 autem
1359 2841 1519 2883 surien-
