1728 3184
484 168 668 211 NOTAE
707 169 1088 215 POSTERIORES.
1395 170 1490 216 615

39 287 281 327 Pom-nus:
313 297 449 324 rer-um
478 295 648 338 εεαηιηις
675 287 722 326 Ρ.
741 289 867 328 Goar.
897 290 1002 330 disce
1030 291 1204 332 modeste
1232 306 1365 346 agere.
1397 308 1489 347 ego,

41 340 271 383 memineris
292 342 582 396 promotionis;
623 342 664 382 id
711 350 796 393 est,
830 350 876 382 ut
903 345 1059 386 Phocas
1107 350 1255 388 uostris
1293 350 1479 402 auspiciis

45 413 95 438 ac
122 397 268 437 favore
295 395 422 436 modo
454 397 676 451 imperium
719 398 886 452 adeptus
914 401 978 450 sit,
1019 408 1216 468 uutetque
1253 405 1338 445 eius
1368 383 1494 458 pote:

42 460 138 500 stas,
169 451 375 493 Mauricio
404 451 540 492 adhue
567 456 801 508 superstite.
827 455 886 495 sic
914 455 1058 511 Polyb.
1093 459 1252 510 Φαβιος
1278 459 1382 510 μετὰ
1415 456 1491 512 τήν

42 505 302 551 κατάστασιν
338 505 480 562 &joag-
520 513 604 557 τοῖς
647 511 777 557 θεοῖς.
820 520 912 565 post
938 513 1081 552 initum
1113 517 1381 568 magistratum
1410 515 1490 556 diis

43 562 301 622 sacn‘fieans.

151 629 249 683 448,
281 630 345 671 12.
399 628 614 685 κλεψάσης
641 631 714 672 ἕνα
746 631 845 682 τῶν]
873 634 970 688 Reg.
1001 640 1078 673 etc.
1106 635 1178 674 καί
1201 632 1303 686 πρός
1336 635 1489 690 φυγὴνε

41 687 202 731 emend.
232 687 403 728 omnino
433 702 478 727 ex
510 689 630 727 Cedr.
673 686 746 728 καί
784 686 889 740 πρὸς
922 687 1092 742 σφαγήν
1133 688 1177 730 τὸ
1220 687 1370 744 ἑαυτῆς
1398 692 1491 732 ἐπι..

43 742 223 798 δούσηςε
261 757 454 799 mumque
499 745 574 783 illa
596 745 743 799 filium
789 749 870 784 eius
883 745 986 798 filii
1015 747 1099 786 loco
1127 748 1380 800 iugulandum
1401 749 1491 788 sub-

36 802 233 843 scimisset.
305 799 364 840 sic
406 806 450 841 et
485 800 719 856 Theophyi.
760 815 849 855 cap.
884 803 948 850 11,
980 803 1053 857 qui
1102 816 1191 842 rem
1239 802 1385 842 clarius
1421 818 1492 844 ex-

41 857 176 914 ponit.

148 923 259 965 Ibid.
278 921 342 964 18.
398 916 650 962 ὕπαλλὰττει
679 919 752 962 τὸν
773 923 880 976 βίον]
912 924 966 964 ita
988 924 1110 964 Cedr.
1131 927 1231 980 Reg.
1262 925 1384 980 Peyr.
1413 931 1490 966 etc.

147 986 247 1039 450,
273 990 312 1031 2.
369 989 578 1041 πολέμους
622 989 876 1045 αἱφνίδώυς]
917 992 1140 1032 Theodosii
1171 999 1349 1032 mortem
1377 1007 1491 1032 com..

39 1046 197 1103 probat
213 1045 448 1102 Theophyl.
479 1059 572 1099 cap.
597 1044 659 1085 13.

149 1113 259 1158 Ibt'd.
287 1113 326 1154 7.
395 1113 595 1166 λεγομένη
636 1111 719 1152 τῶν
748 1111 946 1162 Λέοντος]
986 1115 1084 1168 Reg.
1116 1121 1195 1154 etc.
1239 1110 1292 1152 ‘ta'
1323 1113 1368 1154 ἐν
1398 1115 1491 1154 Βυ-

37 1169 188 1226 ζαντίῳ
234 1167 481 1222 πραχθέντα
523 1165 831 1219 συμπτώματα.
916 1170 1092 1222 explicat
1136 1170 1283 1209 citatus
1331 1173 1489 1222 auctor,

36 1225 248 1281 quodnam
278 1224 544 1281 pervigilium
587 1225 694 1264 istud
734 1225 887 1276 fuerit3
932 1226 1052 1279 plane
1096 1241 1179 1266 non
1211 1240 1388 1273 sacrum,
1419 1227 1489 1266 sed

36 1283 262 1337 profanum
291 1297 371 1336 pro
394 1281 568 1336 septima
591 1282 676 1320 nati
707 1281 841 1335 pueri,
871 1283 1036 1336 quando
1065 1281 1327 1322 Alexandrini
1357 1288 1490 1322 totam

36 1345 203 1379 noctem
227 1338 342 1390 luxu,
374 1353 422 1378 ac
451 1337 582 1392 epulis
614 1337 834 1377 traducere
868 1338 1065 1377 solebant.
1125 1337 1231 1377 istud
1263 1352 1379 1386 vero,
1412 1352 1489 1378 no-

34 1402 209 1436 etur-nae
234 1395 402 1435 visionis
433 1401 603 1448 spectro
634 1395 786 1432 factum
818 1394 1100 1447 accipiendum
1130 1401 1216 1442 est,
1248 1407 1330 1432 non
1365 1400 1411 1433 ut
1441 1407 1488 1433 re

34 1466 132 1492 vera
158 1451 364 1492 similacra
394 1451 451 1491 ita
479 1450 559 1490 suis
579 1450 740 1489 basibus
760 1449 911 1488 dimota
933 1451 1026 1500 sint,
1058 1451 1096 1489 in
1122 1449 1268 1504 quibus
1299 1463 1374 1488 nec
1393 1455 1482 1489 tum

30 1508 331 1559 consistebant,
373 1507 530 1547 abolita
575 1505 837 1546 Alexandriae
881 1507 977 1545 olim
1019 1505 1267 1546 idololatria.
1354 1504 1483 1559 liquet

30 1565 140 1604 enim
168 1578 216 1606 ex
241 1579 314 1619 seq
377 1578 460 1603 nou
508 1563 560 1603 de
601 1563 687 1601 aliis
715 1561 855 1601 statuis
886 1576 1114 1602 sermonem
1144 1575 1226 1601 esse
1253 1575 1378 1616 quam
1404 1560 1483 1599 fa!-

28 1635 175 1662 sorum
216 1622 456 1671 numinum,
510 1634 688 1675 quarum
732 1624 898 1673 spectro
948 1619 1021 1658 ista
1053 1617 1269 1658 daemonas
1311 1615 1481 1671 praedi·

30 1678 178 1718 xerint.

140 1743 252 1786 Ibid-
284 1741 348 1784 15.
404 1739 557 1797 μηδενὶ
598 1741 754 1790 ταῦτα]
787 1743 886 1795 Reg.
924 1746 1003 1780 etc.
1047 1737 1223 1792 Ναρσῆς
1251 1737 1297 1778 δὲ
1326 1732 1349 1776 ὅ
1382 1737 1480 1778 τῶν.

28 1800 188 1842 Nar-ses
213 1801 312 1840 olim
343 1800 523 1840 Romani
553 1798 643 1839 dux
670 1799 877 1838 exercitus.

134 1863 282 1917 451,8.
339 1866 553 1920 προῆλθεν
584 1865 752 1913 Φωκᾶς]
782 1864 903 1918 Peyr.
936 1869 1011 1902 etc.
1033 1875 1108 1900 nec
1137 1860 1212 1900 nisi
1245 1874 1392 1901 errore
1418 1855 1481 1912 τό,

26 1922 281 1976 προσῆλθεν,
307 1923 423 1978 quod
451 1928 512 1962 est
541 1936 587 1962 ex
617 1923 716 1976 Reg.
758 1919 1026 1972 exscriptum,
1066 1917 1117 1957 de
1147 1916 1215 1956 ina
1245 1917 1479 1971 principum

27 1994 197 2034 pompa,
229 1993 278 2019 ac
306 1978 467 2019 soienni
493 1992 705 2032 processu.

135 2046 241 2087 [bid.
275 2045 339 2087 19.
395 2042 504 2086 κατὰ
532 2045 728 2096 Ναρσοῦ]
761 2042 882 2084 foedo
922 2055 1071 2081 errore
1103 2039 1213 2092 apud
1243 2038 1366 2079 Cedr.
1396 2035 1478 2076 ὑπὸ

34 2103 188 2157 Ναρσῇ
218 2102 452 2158 στρατηγῷ.
515 2103 684 2141 immisit
709 2104 752 2140 in
788 2099 935 2140 Persas
965 2097 1095 2136 Nar-se
1122 2095 1236 2135 duce.
1294 2095 1378 2133 imo
1404 2093 1479 2132 ad-

28 2173 168 2199 versus
191 2158 381 2210 Narsem,
412 2172 536 2213 quem
571 2159 656 2212 ipse
683 2163 779 2212 post
808 2168 956 2209 paucas
976 2153 1099 2191 lineas
1128 2158 1274 2191 contra
1303 2150 1427 2189 fidem
1456 2163 1478 2187 a

25 2215 166 2256 Phoca
197 2215 462 2255 combustum
491 2215 571 2264 ait,
602 2213 777 2267 perinde
819 2225 867 2250 ac
894 2208 1178 2262 Theophanes.
1246 2206 1315 2246 sed
1352 2204 1480 2244 moris

26 2272 114 2312 fere
144 2271 452 2324 interpretum,
495 2278 542 2311 ut
584 2271 788 2310 devorent
826 2266 988 2315 omnia,
1019 2279 1065 2302 ac
1097 2277 1229 2316 neque
1256 2262 1481 2301 subnotent

24 2328 84 2368 sie
111 2327 220 2367 male
256 2326 538 2368 cohaerentia.
615 2323 697 2366 α’πὸ
738 2320 974 2377 ἐλεφάντων
1003 2317 1324 2371 συστησάμενος.
1379 2317 1480 2369 Reg.

25 2384 113 2428 Pal.
142 2385 223 2424 et'c.

137 2450 235 2502 452,
265 2449 328 2491 17.
387 2449 434 2491 ἐν
463 2446 572 2506 λύπῃ
601 2443 678 2489 οὖν
722 2442 896 2502 μεγάλῃ.
951 2444 1009 2489 εἰς
1036 2438 1134 2487 τούς
1162 2440 1352 2491 Πέρσας]
1381 2439 1483 2491 Reg.

136 2521 238 2576 453,
268 2522 307 2564 7.
363 2523 420 2578 τῷ
447 2520 658 2578 Διμιίρχῳ
698 2520 781 2562 τῶν
818 2513 1068 2571 Πρασίνων]
1102 2512 1372 2562 ,Ρναείηοηιηι
1403 2509 1484 2550 tri-

24 2582 157 2622 buno.-
189 2594 266 2620 uee
300 2579 412 2620 enim
442 2579 470 2618 ii
499 2579 652 2633 plures.

136 2647 247 2688 Ibid.
285 2647 348 2687 12.
404 2645 482 2686 τοῦ
511 2644 615 2685 ναοῦ
642 2636 887 2683 ἀποσπάσαι
914 2634 965 2680 τὰ
994 2634 1157 2688 γύιέια]
1185 2635 1286 2687 Reg.
1314 2639 1394 2673 etc.
1416 2630 1484 2680 »εἷς

22 2700 71 2744 τὸ
103 2700 260 2754 στόμα.
292 2704 392 2757 Reg.
421 2702 543 2741 Barb.
575 2702 698 2746 Peyr.
719 2704 797 2738 etc.
825 2706 995 2736 statuens
1021 2692 1147 2732 nudos
1176 2691 1236 2730 ad
1265 2689 1376 2728 Cir-ci
1402 2702 1484 2727 me-

25 2768 145 2811 ωας
177 2766 225 2800 ut
253 2760 307 2801 sit
338 2758 448 2799 idem
475 2773 522 2798 ae
553 2748 775 2810 σφῶνδόνη,
806 2766 889 2807 quo
929 2752 1019 2791 loeo
1050 2748 1172 2788 toties
1200 2745 1370 2800 legimus
1403 2745 1484 2783 im-
