1728 3184
226 146 323 198 574
732 156 808 199 AD
850 155 1224 201 THEOPHANEM

222 273 267 312 in
295 270 539 322 sacerdotes,
583 273 655 328 qui
685 286 818 330 prope
863 273 1128 326 habitabant,
1174 273 1454 327 inquirendum
1481 275 1693 327 decrevit,-

225 343 325 383 quos
352 342 433 382 par
463 328 681 370 videretur
710 331 830 371 fuisse
861 330 1039 370 incendii
1069 331 1133 370 vel
1163 337 1368 383 auctores,
1396 328 1458 372 vel
1489 334 1688 373 conscios.

221 386 280 424 sic
309 391 351 425 et
379 384 582 425 Buccard.
628 387 834 441 interpres
879 401 964 427 non
1012 387 1166 441 reddit,
1197 387 1272 427 nisi
1303 402 1384 428 una
1416 389 1554 444 aliqua
1583 390 1690 430 linea

221 443 334 482 inter
363 454 591 496 operarum
619 458 761 484 manus
792 444 955 484 excidit.

332 512 401 566 77,
430 511 497 555 20.
554 511 821 570 ὑπηρετεῖτο]
851 516 976 556 Barb.
1007 523 1086 559 etc.

331 586 400 636 79,
433 590 498 633 10.
555 586 599 628 ἕν
631 585 899 644 δωροστόλῳ]
930 589 1115 643 Scaliger
1145 589 1195 629 ad
1228 589 1415 630 chronic.
1445 590 1692 647 Hieronymi

219 657 313 700 pag.
345 643 429 688 235
459 643 538 699 leg.
570 644 790 685 contendit
818 644 1096 700 δουροστόρῳ,
1129 647 1193 686 vel
1225 646 1474 703 δοροστόρῳ.

326 716 395 772 80,
423 717 463 758 5.
523 715 589 757 ἐπ’
618 715 837 772 α’νατροπῇ
862 717 933 770 τῆς
965 718 1089 765 &stag
1119 713 1395 773 ἀποφάσεως]
1427 721 1486 760 ad
1509 721 1690 761 divinam

222 773 370 814 Chr-isti
393 771 687 827 confutandam
713 775 974 823 sententiam·
1002 775 1115 828 quod
1148 776 1343 815 nimirum
1376 776 1428 816 ab
1461 791 1511 816 eo
1534 777 1691 818 dictum

218 830 374 871 habent
399 845 516 870 sacra
540 829 764 883 evangelia,
794 829 889 870 fore
923 831 1068 883 templi
1099 831 1397 872 desolationem
1430 841 1692 887 perpetuam.

219 883 291 927 διὰ
320 884 393 928 τὸν
421 881 672 938 ἑκχωϊσμόν.
731 886 791 926 ad
817 895 973 926 terr-am
1009 897 1231 940 aggestum,
1264 898 1387 944 atque
1415 891 1570 930 rudera
1602 905 1696 943 ege-

218 944 367 992 renda,
399 950 448 984 ut
477 943 582 982 solet
610 943 650 981 in
678 948 870 982 veterum
901 942 1143 983 dirutorum
1174 946 1279 996 solo,
1312 946 1428 986 novis
1457 947 1693 999 excitandis,

219 1000 389 1040 maioris
419 999 668 1054 praesertim
695 999 828 1051 molis,
858 998 1069 1039 aedificiis.

330 1078 441 1120 Ihid.
466 1076 532 1121 14.
588 1076 633 1117 ἐν
651 1076 852 1133 ἐξαιρέτῳ
870 1076 1139 1134 πραγματείᾳ
1168 1079 1391 1135 λαμπραῖς]
1425 1080 1547 1122 Barb.
1570 1082 1695 1139 Peyr.

218 1140 297 1175 etc.
320 1135 527 1191 peculiari
555 1136 843 1174 commentario
864 1135 1087 1174 luculenter
1121 1135 1345 1186 refietaw't..

330 1216 404 1266 81,
436 1217 500 1257 15.
560 1213 635 1253 νῦν
663 1208 819 1260 πάντες
849 1206 1144 1265 ὡρμίσθημεν]
1177 1214 1396 1255 oraculum
1431 1215 1513 1257 hoc
1540 1217 1698 1259 factum

218 1269 395 1322 Iuliano,
428 1270 487 1311 sic
501 1272 661 1324 Langus
693 1269 1129 1324 exprimitNicephori
1150 1270 1372 1326 interpres,
1404 1287 1556 1328 urgens
1584 1275 1700 1328 illud,

215 1322 334 1382 παρὰ
363 1325 472 1382 θηρὶ
497 1325 688 1382 ποταμῷ.
1210 1337 1213 1339 ·

387 1421 500 1447 nunc
531 1405 588 1446 dii
618 1404 805 1459 deaeque
833 1418 975 1445 omnes
1013 1406 1265 1459 consurgite,
1296 1406 1447 1447 sumite
1474 1406 1641 1462 bellum,

384 1470 512 1518 atque
542 1464 632 1503 fero
666 1467 830 1502 certum
872 1461 925 1502 de
956 1460 1129 1502 flumine
1158 1464 1266 1502 ferte
1297 1463 1564 1518 trophaeum.

387 1520 470 1561 dux
498 1533 576 1574 ego
610 1525 750 1560 vester
781 1532 856 1559 ero
886 1519 999 1559 Mars
1041 1533 1183 1560 saevus
1215 1519 1503 1574 belligerator.

216 1598 328 1655 apud
357 1599 587 1640 Baronium
617 1604 721 1639 tom.
750 1594 778 1637 4
807 1612 901 1653 pag.
934 1601 1027 1641 122.

387 1678 535 1719 ibimus
567 1678 607 1718 in
639 1676 814 1718 Therim
842 1676 1007 1732 superi3
1039 1676 1219 1717 victoria
1250 1684 1367 1718 certa
1395 1684 1475 1718 est:

386 1737 499 1776 Mars
533 1749 610 1790 ego
642 1734 799 1775 ductor
828 1749 920 1787 ero,
953 1735 1094 1775 divum
1126 1733 1373 1774 fortissimus
1403 1733 1540 1774 armis.

220 1810 314 1868 Θήρ
344 1809 548 1864 ποταμός,
580 1813 693 1854 haud
713 1812 841 1854 dubie
862 1812 1014 1868 Tigris,
1034 1812 1149 1853 velut
1166 1806 1453 1867 θηριώνυμος,
1482 1813 1698 1867 seramque

218 1871 389 1913 nomine
417 1871 674 1925 praeferens.

328 1942 397 1995 83,
416 1943 456 1983 4.
514 1940 588 1983 καί
613 1939 699 1982 τῶν
726 1937 916 1996 ὑπάτων]
947 1950 987 1981 et
995 1942 1246 1997 proceribu5‚
1274 1939 1358 1981 τῶν
1382 1940 1426 1981 ἑν
1455 1940 1579 1981 τέλει·
1614 1955 1697 1981 non

220 2001 330 2043 enim
359 2001 402 2041 in
434 2000 618 2040 exercitu
646 2004 737 2040 erat
766 1998 890 2052 copia
921 1999 1153 2047 consulum,
1186 2012 1369 2053 quorum
1398 1997 1595 2049 suffragio
1629 2000 1699 2037 Io..

219 2059 364 2099 vianus
395 2056 646 2111 eligeretur;
689 2055 851 2095 tametsi
882 2055 1005 2094 etiam
1042 2058 1180 2095 Anast.
1214 2055 1269 2093 ita
1300 2053 1498 2094 reddidit.
1527 2052 1702 2107 ὕπατος,

221 2114 407 2163 eximius,
428 2112 703 2169 praecipuus:
736 2111 952 2166 quomodo
976 2111 1132 2152 Psellus
1161 2106 1321 2158 ὕπατος
1338 2106 1585 2165 φιλοσόφων
1609 2125 1702 2165 pas-

220 2173 296 2211 sim
326 2170 594 2225 indigetatur.
654 2169 738 2209 eius
762 2183 940 2222 operum
977 2169 1249 2222 spicissimum
1275 2168 1471 2207 volumen
1501 2168 1611 2208 haud
1642 2168 1700 2207 ita

221 2228 387 2283 pridem
431 2226 592 2281 recepit
631 2225 850 2266 cardinalis
880 2226 1142 2278 Mazaflnus,
1173 2224 1244 2265 sed
1274 2225 1387 2265 carie
1421 2231 1464 2264 et
1495 2229 1698 2265 vetustate

222 2284 450 2326 foedatum.
692 2282 694 2285 ’

341 2357 456 2400 Ibid.
484 2358 548 2399 11.
606 2352 794 2408 σωτηρία
824 2353 902 2394 τοῦ
927 2352 1275 2407 περιλειφθὲντος
1303 2353 1437 2404 λαοῦ]
1469 2352 1595 2408 Peyr.
1626 2366 1700 2391 πε-

224 2413 525 2468 ριληφθέντος,
565 2426 672 2468 quae
708 2410 833 2451 lectio
864 2408 982 2449 valde
1019 2410 1172 2463 placet.
1246 2415 1293 2448 ut
1332 2409 1455 2449 saluti
1495 2409 1699 2450 exercitus

224 2470 460 2511 consuleret
493 2470 604 2510 inter
627 2467 829 2523 angustias
860 2466 1031 2506 aPersis
1066 2465 1265 2516 conclusi,
1296 2480 1344 2506 ac
1374 2466 1483 2507 fame
1513 2480 1702 2519 pereun-

224 2527 287 2578 tis,
321 2534 368 2568 ut
397 2527 569 2580 tripart.
603 2524 733 2565 verba
763 2529 927 2574 sonant,
959 2529 1002 2562 et
1028 2522 1159 2563 tradit
1174 2522 1427 2562 Ammianus.
1487 2536 1564 2562 vox
1595 2520 1698 2569 λαὸς

223 2599 304 2637 pro
335 2584 518 2623 exercitu
550 2580 799 2635 Theophani
826 2579 1184 2635 frequentissima⁷
1233 2579 1296 2620 uti
1325 2578 1449 2620 etiam
1481 2578 1699 2619 annotavit

223 2641 268 2680 P.
301 2641 417 2680 Goar
448 2653 556 2679 anno
589 2636 813 2693 superiori.
1355 2635 1364 2640 ’
1475 2636 1479 2640 “

333 2714 494 2768 84,12.
552 2712 713 2765 ὕπατος
749 2714 980 2768 προῆλθει]
1034 2715 1178 2756 melius
1221 2713 1345 2768 plane
1374 2714 1557 2754 Zonaras
1599 2727 1700 2752 στα-

224 2770 337 2826 θμὸν
365 2775 593 2829 προῆλθεν.
623 2776 745 2814 unius
785 2772 874 2813 diei
901 2773 978 2812 iter
998 2786 1228 2826 progressus
1271 2780 1352 2822 θείς
1381 2784 1467 2811 una
1500 2770 1697 2819 statione,-
