1768 3268
262 214 353 263 194
463 221 743 263 ANASTAsn
786 219 1044 260 ins'rom
1095 215 1507 260 ECC1,ESIAST1CA

257 341 362 374 sunt.
431 340 472 374 at
513 334 569 373 illi
610 333 770 374 sarcina
816 347 964 374 eorum
1012 337 1052 372 et
1093 331 1193 371 escis
1237 327 1420 381 abreptis
1450 325 1716 378 obsederunt,

258 405 474 445 quousque
503 391 711 430 civitatem
742 395 971 443 ceperunt:
1003 387 1239 427 defecerant
1269 385 1379 423 enim
1406 383 1481 423 illis
1509 398 1637 433 escae,
1668 399 1717 423 ac

258 461 334 500 per
363 446 445 486 hoc
472 446 672 487 recessuri
702 452 832 486 erant.
890 458 1023 499 porro
1053 443 1130 482 viri
1163 443 1394 496 Tyanenses
1426 440 1486 480 his
1517 441 1610 480 visis
1641 440 1716 481 de..

257 504 410 556 sperati
436 509 689 556 acceperunt
721 503 891 542 verbum
924 498 1198 540 indemnitatis
1228 510 1337 546 suae,
1372 502 1414 536 et
1445 498 1633 536 exierunt
1663 496 1714 536 ad

258 573 340 609 eost,
371 565 413 599 et
439 558 634 599 derelicta
654 565 714 598 est
738 558 879 597 civitas
902 557 1061 596 deserta
1085 566 1212 607 usque
1239 553 1279 591 in
1304 558 1563 606 praesentem
1589 553 1715 595 diem.

257 628 402 654 verum
434 614 490 654 illi
512 629 592 654 non
611 621 819 654 servantes
840 613 1013 652 verbum
1044 611 1116 650 hos
1146 610 1186 647 in
1207 623 1392 649 eremum
1413 610 1548 650 exules
1578 616 1717 650 trans..

258 671 471 722 miserunt,
501 678 543 712 et
562 670 713 710 multos
744 684 789 709 ex
822 669 880 708 his
907 682 1046 708 servos
1076 665 1354 705 retinuerunt.

367 749 512 789 Mundi
544 762 650 788 anno
672 746 793 797 6200,
824 747 985 787 divinae
1012 743 1305 784 incarnationis
1335 757 1445 783 anno
1472 742 1571 794 700,
1604 758 1715 784 anno

256 818 359 845 vero
392 804 800 859 imperii'lustiniani
831 803 978 857 quinto
1011 800 1142 841 movit
1174 800 1401 840 exercitum
1432 799 1538 840 Abas
1568 806 1716 840 contra

257 861 510 912 Romaniam,
542 867 582 901 et
612 861 749 901 multis
780 860 820 899 in
852 858 1134 912 captivitatem
1162 855 1294 897 ductis
1325 856 1474 908 rediit,
1504 863 1546 898 et
1578 858 1718 912 coepit

258 917 476 957 aedificare
507 916 626 957 Garis
660 917 699 956 in
732 916 902 970 regione
922 914 1144 968 Eupoleos.

370 999 488 1034 Anno
522 994 683 1049 imperii
726 993 933 1034 Iustiniani
963 998 1075 1033 sexto
1092 991 1249 1059 ‘movit
1277 990 1503 1032 exercitum
1531 990 1717 1031 Uthman

257 1057 403 1091 eontra
438 1051 647 1102 Ciliciam,
690 1057 730 1091 et
755 1050 886 1089 fnulta
932 1055 1064 1089 castra
1097 1048 1226 1088 verbo
1266 1048 1440 1102 accepit.
1498 1047 1718 1101 proditum

115 1122 149 1156 p.
171 1111 241 1146 578
257 1114 393 1146 autem
424 1113 483 1146 est
514 1107 548 1146 ei
581 1113 621 1147 et
653 1107 900 1147 camachum
933 1121 1025 1145 cum
1056 1103 1335 1145 adiacentibus
1361 1103 1439 1145 sihi
1470 1103 1588 1144 locis.
1647 1105 1715 1144 in-

257 1170 369 1203 terea
413 1163 652 1202 Iustinianus
684 1164 791 1203 stolo
838 1163 1011 1215 copioso
1055 1167 1216 1202 armato
1259 1163 1454 1201 Maurum
1491 1160 1718 1214 patricium

255 1219 365 1259 misit
410 1218 661 1258 Chen-sonem
706 1234 785 1259 una
828 1233 923 1258 cum
965 1217 1178 1272 Stephano
1220 1218 1400 1272 patriciu
1436 1223 1716 1272 cognomento

253 1276 443 1323 Asmicto,
476 1274 679 1314 malorum
721 1275 921 1315 memoria
961 1289 1174 1315 succensus
1218 1273 1543 1328 insidiarumque
1567 1287 1717 1313 recor-

255 1330 371 1370 datus
402 1337 548 1369 contra
596 1345 636 1370 se
674 1347 694 1370 a
726 1331 1111 1372 chersonitensibus
1149 1337 1190 1372 et
1237 1346 1258 1370 a
1289 1329 1717 1385 Bosphorianensibus

254 1400 301 1425 ac
332 1386 500 1440 reliquis
527 1385 757 1427 climatibus
780 1388 1035 1439 effectarum,
1065 1402 1205 1428 omnes
1236 1401 1370 1438 naves,
1402 1386 1625 1427 dromones
1655 1386 1717 1425 vi-

254 1442 415 1493 delicet,
446 1442 592 1482 trieres
622 1449 663 1483 et
688 1443 869 1498 scaphas,
901 1443 1100 1484 chimeras
1130 1458 1178 1483 ac
1208 1444 1352 1483 lintres
1375 1457 1507 1498 usque
1535 1442 1588 1482 ad
1618 1441 1718 1481 che·-

254 1496 408 1549 landia,
436 1512 514 1552 per
556 1499 822 1540 collationem
854 1500 903 1540 ab
939 1514 1197 1555 unoquoque
1242 1499 1520 1540 habitantium
1551 1498 1717 1548 urbem,

254 1561 492 1594 senatorum
523 1554 676 1596 scilicet
702 1563 742 1596 et
761 1557 1134 1611 ergasteriacorum
1154 1563 1195 1596 ct
1214 1556 1477 1611 plebeiorum
1510 1570 1557 1595 ac
1587 1555 1719 1594 omnis

256 1609 392 1660 officii,
422 1610 603 1665 collegit.
662 1613 810 1667 quibus
839 1613 964 1653 missis
994 1613 1209 1667 praecepit
1241 1627 1382 1652 omnes
1412 1612 1643 1651 habitantes
1673 1612 1716 1651 in

257 1665 396 1705 castris
430 1666 503 1706 illis
536 1667 671 1720 gladio
703 1669 937 1710 interlicere
979 1677 1020 1710 et
1060 1670 1267 1709 neminem
1297 1669 1522 1718 vivificare,
1552 1667 1721 1708 tradens

257 1722 312 1761 eis
343 1729 384 1760 et
421 1721 578 1762 Heliam
614 1725 898 1778 spatharium,
929 1727 1000 1780 qui
1050 1725 1223 1766 deberet
1260 1725 1456 1780 princeps
1499 1724 1721 1764 Chersonis

258 1778 466 1817 constitui.
536 1780 607 1834 qui
649 1780 898 1821 Chersonem
943 1783 1256 1836 perveniente8‚
1303 1783 1464 1821 nemine
1506 1780 1583 1819 sihi
1615 1781 1720 1820 resi-

257 1839 400 1883 stente,
430 1841 561 1875 castra
589 1845 788 1888 ceperunt
810 1844 850 1878 et
878 1853 1017 1879 omnes
1039 1838 1174 1892 gladio
1199 1839 1513 1889 interfecerunt,
1543 1838 1722 1891 exceptis

259 1889 493 1953 infantibus,
530 1898 676 1945 utpote
704 1894 887 1946 parvulis
918 1895 976 1935 his
1004 1901 1221 1949 parcentes
1254 1901 1295 1935 et
1313 1895 1390 1934 sibi
1419 1894 1494 1934 hos
1524 1893 1565 1932 in
1587 1894 1720 1933 servi-

258 1951 362 1985 tium
392 1956 653 1988 reservantes,
711 1949 932 1991 Tudunum
962 1959 1099 1992 autem
1120 1950 1357 2005 principem
1379 1949 1615 1998 Chersonis,
1649 1949 1722 2004 qui

258 2007 307 2040 ut
335 2015 381 2041 ex
402 2016 576 2055 persona
600 2004 767 2058 chagani
790 2014 892 2058 erat,
921 2015 963 2048 et
976 2003 1161 2059 Zoelum,
1194 2008 1266 2062 qui
1295 2022 1342 2047 ex
1371 2008 1477 2048 linea
1498 2012 1540 2046 et
1569 2019 1722 2060 genere

258 2057 417 2121 primus
438 2058 589 2098 civium
608 2059 850 2115 habebatur,
880 2069 1005 2118 atque
1035 2064 1133 2104 alios
1153 2063 1429 2118 quadraginta
1451 2062 1628 2103 illustres
1651 2076 1722 2103 seu

259 2126 464 2165 primores
481 2114 696 2160 Chersonis
717 2133 795 2157 una
825 2134 916 2159 cum
939 2120 1090 2160 familia
1113 2121 1299 2174 ipsorum
1330 2121 1490 2160 vinctos
1513 2119 1562 2158 ad
1587 2118 1723 2172 impe-

264 2174 450 2232 ratorem
474 2171 687 2212 miserunt.
719 2175 816 2214 alios
843 2190 944 2216 vero
976 2184 1133 2230 septem
1153 2191 1199 2217 ex
1227 2176 1486 2230 primoribus
1500 2174 1721 2215 Chersonis

128 2247 162 2282 p,
184 2235 304 2290 579113
341 2226 519 2289 Yerubus
550 2227 689 2281 ligneis
710 2229 792 2284 igni
813 2233 1063 2286 applicantes
1095 2240 1353 2281 assaverunt3
1385 2233 1484 2272 alios
1505 2232 1629 2272 etiam
1662 2231 1723 2270 vi-

264 2288 366 2344 ginti
396 2289 491 2336 post
519 2288 682 2338 tergum
715 2285 864 2327 horum
900 2289 1079 2330 brachiis
1114 2289 1260 2330 vinctis
1290 2288 1341 2329 ad
1370 2288 1461 2328 lora
1492 2288 1603 2328 navis
1633 2287 1724 2327 alli-

265 2343 418 2402 gantes,
446 2345 487 2379 et
518 2339 718 2394 lapidibus
746 2341 853 2383 hanc
883 2345 1113 2399 implentes,
1145 2347 1184 2385 in
1221 2345 1480 2400 profundum
1509 2344 1722 2384 miserunt.

266 2393 326 2457 lus
357 2401 495 2459 autem
535 2396 776 2437 Iustinianus
816 2402 1053 2454 compertis,
1102 2416 1183 2456 pro
1213 2403 1345 2442 salute
1371 2416 1605 2456 puerorum
1632 2414 1726 2439 sae-

265 2464 390 2501 viens,
421 2451 533 2492 iussit
560 2465 628 2492 eos
658 2452 709 2492 ad
737 2468 777 2494 se
807 2458 1050 2510 quantocius
1078 2458 1287 2499 advenire.
1345 2473 1441 2498 cum
1472 2463 1610 2498 autem
1637 2463 1726 2496 sto-

266 2504 325 2570 lus
356 2521 494 2548 mense
524 2507 729 2550 Octobrio
764 2519 899 2552 motus
945 2520 985 2553 et
1015 2514 1054 2553 in
1086 2515 1230 2569 pelago
1260 2519 1592 2570 praeoccupatus
1622 2518 1725 2553 esset

267 2575 307 2600 m
339 2564 436 2602 astri
467 2570 566 2604 ortu
594 2565 708 2619 quod
734 2568 891 2607 Artura
916 2567 1096 2620 dicitur,
1130 2586 1237 2624 pene
1268 2578 1380 2612 totus
1411 2571 1619 2611 demersus
1651 2575 1723 2609 est.

266 2632 363 2658 sane
396 2627 609 2683 numerata
644 2629 737 2662 sunt
774 2637 922 2663 eorum
964 2626 1034 2680 qui
1066 2627 1280 2682 naufragio
1315 2627 1482 2681 periere
1515 2625 1629 2666 milia
1659 2638 1725 2664 se-

265 2679 483 2728 ptuaginta
513 2677 609 2717 tria.
671 2684 712 2717 at
739 2693 842 2718 vero
884 2682 1125 2722 lastinianus
1157 2683 1216 2723 his
1263 2684 1409 2738 agnitis
1440 2697 1524 2723 non
1556 2688 1616 2722 est
1643 2681 1724 2721 tri-

266 2735 410 2793 status,
443 2732 541 2786 quin
567 2733 706 2787 potius
736 2734 887 2789 gaudio
922 2737 1114 2790 repletus.
1146 2746 1187 2780 et
1213 2733 1452 2780 huiusmodi
1482 2737 1618 2779 adhuc
1651 2751 1729 2776 ve-

263 2798 399 2826 saniae
430 2787 603 2842 deditus,
637 2790 819 2832 clamore
849 2807 997 2848 magno
1019 2794 1209 2836 minitans
1238 2796 1392 2839 iterum
1421 2795 1547 2836 alium
1574 2793 1725 2834 stolum
