1728 3184
212 195 309 242 362
708 203 763 241 ΙΝ
812 200 1184 242 ΤΗΙΞΟΡΗΑΝΕΜ

212 331 408 380 tempore
439 325 682 368 includitur.
745 327 941 378 attende,
972 328 1137 378 amabo,
1167 325 1389 366 canoniam
1425 326 1521 366 anni
1559 340 1687 381 prae-

209 382 348 424 sentis.

323 470 419 517 115,
453 470 517 512 13.
582 466 791 523 περιελών
818 469 891 509 καί
923 466 977 516 τά
1008 463 1228 521 γενόμενα]
1281 467 1455 509 maxima
1487 467 1572 508 duo
1606 467 1683 508 ssa-

209 524 311 580 gitia
345 540 368 565 a
395 522 633 565 Theodosio
669 525 828 566 Romae
855 524 1014 566 sublata
1049 526 1134 564 fuse
1162 531 1308 564 narrat
1335 523 1530 566 Socrates
1561 523 1628 565 lib.
1656 525 1682 564 5

209 597 302 636 cap.
339 580 403 621 18.
471 595 602 621 unum
644 580 726 622 hoc
755 582 848 622 fuit.
918 581 970 622 ad
1008 581 1184 636 pistrina
1226 581 1397 635 publica
1436 582 1684 636 (μανκιπεῖα

209 638 433 688 vocabant,
467 637 729 693 quaeSuidas
763 638 932 692 exponit
954 631 1237 694 ἆρτοπωλεῑα)
1271 636 1417 678 domus
1448 643 1568 678 erant
1596 652 1685 677 mc·-

210 694 433 736 retricibus
464 700 744 746 constructae,
764 694 815 735 ad
839 710 939 750 quas
959 694 1157 744 extranei,
1190 694 1254 735 vel
1284 694 1364 734 cibi
1388 693 1591 749 capiendi,
1623 695 1686 734 vel

210 750 391 792 libidinis
423 749 646 805 explendae
675 766 797 792 causa
825 751 1026 805 profecti,
1061 751 1253 791 insidiosa
1285 750 1466 806 quadam
1494 749 1685 790 machina

208 822 255 849 ex
294 807 542 849 meretriciis
585 809 786 862 cauponis
830 809 872 848 in
911 807 1135 862 pistrinum
1178 807 1457 863 praecipitati,
1492 805 1543 848 ad
1572 822 1684 847 sum·-

207 879 317 905 mam
349 879 480 920 usque
509 869 763 905 senectutem
794 864 966 916 molere,
1001 864 1119 904 etita
1145 863 1298 905 iniurie
1326 863 1498 919 publico
1528 864 1685 904 servire

208 921 479 976 cogebantur.
537 922 731 963 alterum.
761 920 954 962 mulieres
999 921 1040 960 in
1072 921 1280 961 adulterio
1314 920 1602 975 deprehensas,
1633 919 1685 959 ad

208 979 389 1032 lupanar
420 977 561 1017 ductas
601 977 870 1032 impudenter
901 991 1043 1018 rursus
1083 977 1264 1018 scortari
1296 977 1510 1030 iubebant,
1545 992 1592 1017 ae
1623 976 1687 1016 in-

207 1035 334 1076 terim
368 1034 469 1075 dum
495 1032 701 1089 flagitiosa
733 1033 884 1088 copula
900 1034 1252 1086 committeretur,
1281 1034 1450 1090 pulsatis
1480 1033 1686 1073 tintinna-

207 1092 332 1146 bulis,
365 1091 406 1130 in
427 1105 576 1130 novam
609 1091 882 1147 ignominiam
910 1090 1105 1131 lubenter
1125 1090 1275 1145 lapsae,
1307 1096 1348 1132 et
1369 1105 1449 1145 per
1475 1090 1558 1131 vim
1585 1090 1686 1131 sub-

206 1155 326 1189 actae
356 1147 596 1188 inurebant.
669 1162 716 1188 ex
762 1147 821 1189 bis
864 1146 1098 1203 corrigitur
1140 1147 1320 1188 Cedreni
1350 1147 1491 1196 locus,
1523 1161 1608 1202 quo
1637 1146 1688 1186 dc

208 1205 392 1260 pistrinis
418 1204 504 1245 sive
532 1205 753 1261 mancipiis
785 1219 906 1260 agens
929 1204 1076 1246 scribit
1105 1200 1374 1257 ἑμπήητοντα
1404 1203 1493 1255 ζῶα
1520 1204 1687 1244 anima-

206 1263 280 1313 lia,
315 1267 489 1317 praeter
519 1261 576 1301 fas
619 1261 661 1302 in
691 1262 746 1302 eis
778 1261 973 1315 detenta,
1015 1276 1110 1302 eum
1140 1261 1280 1316 potius
1309 1259 1594 1312 ἐμπίπτοντας
1621 1258 1686 1308 ξέ-

207 1331 308 1367 νους
339 1318 526 1359 scribere
565 1316 775 1359 debuerit.
848 1319 900 1360 de
930 1317 1148 1372 mancipiis
1190 1325 1232 1358 et
1261 1317 1521 1373 mancipibus
1556 1315 1687 1357 codex

205 1375 416 1416 Theodos.
450 1374 521 1415 lib.
553 1377 603 1418 12
634 1375 698 1416 tit.
723 1378 786 1428 16,
817 1375 868 1417 dc
896 1376 1040 1417 iisdem
1069 1376 1145 1415 sub
1174 1374 1382 1429 pistorum
1414 1374 1584 1415 nomine
1612 1372 1682 1414 lib.

212 1432 263 1475 14
293 1432 357 1472 tit.
389 1431 414 1472 3
446 1437 487 1472 et
507 1431 547 1474 5.
608 1431 683 1471 ista
713 1447 830 1482 vero,
866 1433 1031 1473 devicto
1063 1433 1256 1482 Maximo,
1287 1430 1359 1472 diu
1389 1431 1468 1472 iam
1492 1445 1514 1471 a
1541 1429 1687 1471 Theo-

214 1489 331 1530 dosio
365 1494 613 1544 perpetrata
642 1488 904 1530 demonstrat
936 1491 1143 1531 socrates.

327 1575 418 1627 116,
454 1575 518 1617 16.
589 1567 785 1626 ἔκβολον]
834 1573 1122 1614 ambulacrum
1154 1574 1206 1614 ab
1246 1573 1382 1613 imbre
1413 1578 1455 1613 et
1483 1572 1686 1626 temporis

211 1629 361 1670 iniuria
381 1637 538 1671 tectum
567 1636 639 1670 est.
699 1627 888 1684 ἔμβολος,
922 1628 1005 1670 α’πὸ
1036 1630 1116 1671 τοῦ
1141 1624 1380 1682 ἐμβάλλειν,
1409 1629 1524 1683 quod
1545 1627 1689 1680 ¹homi-

212 1701 281 1727 nes
310 1686 423 1727 intro
453 1701 495 1728 se
525 1687 711 1728 mittant.
783 1682 806 1726 ὁ
846 1687 1114 1741 πατριάρχης
1153 1686 1371 1738 διέρχεται
1411 1682 1480 1725 διὰ
1512 1684 1588 1725 τοῦ
1621 1683 1690 1724 ὑε-

212 1742 304 1793 ξιοῦ
333 1739 541 1796 ἐμβόλου,
583 1743 641 1783 ait
672 1743 995 1799 euchologium:
1033 1744 1177 1783 transit
1208 1743 1450 1798 palriarclza
1482 1758 1509 1782 a
1538 1740 1689 1781 dextra

205 1801 378 1855 porticu.
438 1799 621 1840 Codinus
660 1800 702 1840 in
735 1800 841 1855 orig.
876 1801 954 1841 CP.
983 1798 1222 1841 ἐσκέπασαν
1251 1794 1393 1839 ἐπάνω
1422 1795 1495 1846 τὰς
1525 1795 1689 1848 α’ψίὸας

211 1854 468 1910 ἀμφοτέρων
507 1857 590 1897 τῶν
635 1855 778 1910 μερῶν
813 1856 895 1897 τῶν
930 1852 1135 1908 ἐμβόλων.
1192 1855 1351 1911 apsides
1374 1856 1601 1911 porticuum
1635 1853 1690 1894 ab

212 1921 382 1969 utraque
403 1922 526 1968 parte
554 1922 775 1953 erectarum
803 1922 990 1953 texerunt
1010 1911 1319 1965 σιγματοειδεΐς
1341 1907 1524 1962 ἔμβολοι.
1581 1923 1688 1964 por-

213 1969 319 2010 ticus
350 1969 538 2010 rotundo
570 1969 734 2010 fornice
765 1969 817 2010 ad
847 1970 975 2025 sigma
1008 1968 1173 2009 lItterae
1203 1969 1399 2009 formam.

325 2047 440 2090 Ibid.
474 2051 538 2093 17.
608 2045 885 2097 Ἀναστὰσιος
921 2044 994 2101 ἔτη
1022 2043 1084 2100 γ’]
1131 2048 1196 2088 cui
1235 2047 1349 2101 apud
1394 2044 1519 2087 codd.
1547 2058 1688 2085 omnes

214 2119 423 2146 annorum
453 2104 654 2146 duntaxat
688 2105 869 2146 duorum
898 2104 1075 2160 spatium
1110 2105 1355 2159 assignatur.

329 2189 437 2232 Ibid.
488 2181 725 2242 Ἀρκάὸιος
755 2185 828 2244 ἔτη
858 2186 938 2239 ιδ’]
967 2189 1153 2230 mendosi
1186 2188 1315 2245 igitur
1346 2186 1481 2230 eidem
1510 2185 1691 2228 Arcadio

219 2260 313 2303 pag.
338 2245 620 2302 praecedente
654 2246 753 2286 anni
784 2247 978 2288 concessi.

331 2330 438 2373 Ihid.
462 2332 526 2374 18.
557 2329 814 2379 ’[ννοκέντιος
844 2327 917 2385 ἔτη
943 2327 1019 2382 ιε’]
1051 2331 1102 2372 de
1128 2329 1375 2370 Innocentio
1406 2334 1543 2369 tamen
1575 2327 1690 2382 quasi

217 2388 452 2485 ῃτᾶιοςιιὶεηι
466 2388 702 2429 Romanum
729 2394 940 2443 gerentem
960 2393 1112 2429 auctor
1127 2387 1256 2429 verba
1276 2386 1421 2428 habuit
1449 2399 1542 2442 pag.
1571 2398 1694 2439 prae-

216 2459 264 2485 ce
296 2450 404 2487 ente.

328 2523 518 2566 Ibicl.20.
576 2522 780 2577 μετετέθη
808 2519 861 2563 τὰ
891 2520 1093 2576 λείψανα]
1123 2523 1323 2579 reliquiae
1352 2521 1518 2563 Ioannis
1551 2520 1693 2574 Bapti-

219 2588 303 2619 stae
333 2581 408 2621 sub
437 2582 596 2622 Iuliano
627 2587 813 2634 apostata
843 2580 882 2620 in
916 2581 1054 2636 ignem
1097 2581 1325 2631 coniectae,
1358 2585 1400 2620 et
1429 2594 1451 2618 a
1481 2576 1691 2618 monacbis

218 2637 403 2693 Philippi
433 2638 675 2680 monasterii
709 2643 936 2692 utcumque
977 2643 1159 2692 ereptae,
1189 2644 1230 2678 et
1255 2637 1476 2677 Athanasio
1519 2634 1695 2682 oblatae,

218 2693 364 2734 exinde
399 2710 420 2734 a
450 2695 688 2750 'I'lieophilo
721 2694 761 2733 in
807 2694 1016 2735 ecelesiam
1060 2694 1144 2735 eins
1186 2694 1341 2734 nomini
1375 2693 1577 2742 dicatam,
1617 2691 1691 2729 sub

219 2749 457 2792 Theodosio
484 2752 653 2808 quidem
697 2750 933 2802 fundatam,
976 2758 1017 2791 at
1058 2753 1132 2791 sub
1178 2751 1357 2792 Arcadio
1400 2765 1510 2790 anno
1558 2747 1641 2788 eius
1669 2746 1694 2786 2

220 2814 562 2866 consummatam,
593 2809 899 2853 reconduntur.
959 2809 1016 2850 ita
1048 2809 1251 2850 Bai-onius
1282 2808 1333 2850 ad
1363 2822 1516 2848 annum
1547 2805 1593 2844 C.
1613 2801 1692 2843 389
