1768 3268
590 176 659 219 Ex
701 174 999 217 ‘rfflzoPuAN
1005 177 1053 216 E.
1462 168 1555 216 103

81 295 238 343 gerunt
255 289 383 333 iidem
406 289 546 345 legati,
569 303 668 331 enm
683 289 854 331 curiose
875 289 1159 344 quaesiissent,
1180 289 1505 331 mansionarium
1523 291 1556 338 *)

79 348 127 387 S.
157 347 322 388 loannis
349 361 527 401 magnae
555 345 842 398 Alexandriae,
869 347 1010 388 virum
1042 346 1324 387 venerabilem
1353 351 1397 387 et
1424 345 1559 400 virgi-

81 418 191 454 nem,
217 404 392 445 nomine
424 406 638 456 loannem,
667 404 741 460 qui
762 404 972 459 sexaginta
999 403 1185 444 duorum
1213 411 1305 444 erat
1336 417 1557 444 annorum.

75 476 163 515 quo
193 466 389 516 suseepto
419 461 616 503 abierunt
643 460 685 500 in
702 461 925 515 propriam
942 460 1159 515 regionem
1187 460 1240 501 ad
1256 475 1398 516 regem
1423 474 1559 512 suum,
1607 507 1622 520 ι

79 523 123 559 et
153 517 211 559 ita
239 518 519 560 crediderunt
547 518 733 569 Christo,
762 524 805 560 et
837 518 1059 560 illuminati
1085 522 1199 558 sunt.

190 591 338 633 Mundi
372 606 482 633 anno
508 589 636 644 6036,
669 591 836 633 divinae
869 591 1173 633 incarnationis
1213 604 1327 631 anno
1356 589 1452 642 536,
1481 590 1561 631 im-

76 654 256 703 perante
285 649 516 691 Iustiniana
543 663 658 690 anno
686 648 1035 705 decimoseptimo
1057 649 1190 688 faetus
1220 653 1283 689 est
1304 653 1448 689 terrae
1464 662 1561 688 mo.»

73 711 140 746 tus
169 721 342 762 magnus
371 707 412 747 in
441 705 638 748 universo
679 706 858 748 mundo.
929 705 1163 762 eodemque
1204 719 1316 745 anno
1361 706 1562 759 apparuit

75 762 249 818 qnidam
285 778 334 805 ex
375 763 552 819 regione
588 762 792 804 Italorum
833 777 914 819 per
944 763 1058 803 villas
1102 762 1359 813 discurrens,
1391 763 1561 803 nomine

73 819 286 869 Andreas,
319 819 478 862 habens
517 834 657 862 secum
688 835 833 862 canem
864 820 1007 862 rufum
1034 827 1078 861 et
1107 834 1290 870 caecum,
1315 819 1388 874 qui
1432 819 1559 860 iussus
1573 825 1692 872 p.348

72 876 127 917 ab
157 891 208 918 eo
239 877 420 919 faciebat
461 877 680 919 miracula.
760 892 855 918 cum
884 877 995 918 enim
1037 882 1170 918 staret
1199 876 1286 931 ipse
1315 876 1355 916 in
1386 875 1483 917 foro
1517 882 1560 917 et

71 934 199 975 turba
216 933 261 975 in
277 934 462 977 circuitu
482 934 654 986 adesset,
672 935 780 976 clam
798 934 948 976 eodem
972 949 1075 975 cane
1099 933 1401 976 deferebantur
1417 938 1561 973 astan-

72 990 185 1038 tium,
218 991 364 1033 annuli
406 992 526 1033 aurei
573 998 616 1032 et
644 992 833 1048 argentei
875 999 918 1034 et
946 992 1101 1042 ferrei,
1129 996 1171 1032 et
1211 989 1485 1045 ponebantur
1516 990 1557 1030 in

71 1049 338 1103 pavimento,
409 1063 485 1089 uos
530 1048 599 1090 ille
629 1049 936 1105 cooperiebat,
976 1055 1019 1092 et
1059 1048 1350 1103 praecipiebat
1377 1047 1486 1098 cani,
1517 1052 1560 1087 et

70 1104 274 1158 tollebat,
315 1110 360 1146 et
413 1106 512 1148 abat
541 1106 769 1162 unicuique
797 1121 937 1147 suum.
1004 1105 1196 1147 similiter
1222 1111 1263 1146 et
1297 1103 1559 1144 diversorum

71 1163 382 1217 imperatorum
409 1162 656 1204 nomismata
685 1164 811 1203 mixta
844 1162 1095 1219 porrigebat
1125 1176 1206 1218 per
1242 1161 1430 1202 nomina.
1488 1160 1559 1200 sed

71 1226 241 1273 praesto
271 1219 397 1259 turba
431 1225 617 1272 astante,
655 1220 849 1260 virorum
888 1220 1049 1261 scilicet
1077 1225 1120 1260 et
1153 1219 1392 1268 mulierum,
1422 1219 1558 1258 inter—

70 1281 243 1330 rogatus
273 1275 520 1318 ostendebat
551 1277 593 1317 in
623 1283 748 1317 utero
782 1277 979 1319 habentes
1012 1283 1053 1317 et
1079 1277 1333 1318 fornicarios
1362 1282 1403 1317 et
1435 1274 1557 1315 adul-

68 1339 184 1374 teros
212 1339 256 1375 et
285 1347 435 1374 avaros
465 1339 509 1374 et
540 1335 842 1388 magnanimos.
899 1333 1147 1375 ostendebat
1182 1348 1324 1374 omnes
1354 1346 1450 1373 cum
1483 1347 1557 1374 ve-

66 1390 209 1432 ritate.
264 1388 377 1431 unde
406 1389 603 1431 dicebant
633 1391 732 1447 quia
762 1391 962 1447 spiritum
993 1390 1124 1432 habet
1150 1389 1370 1447 Pythonis.

180 1464 302 1504 Anno
353 1463 523 1518 imperii
580 1463 794 1505 lustiniani
840 1464 1006 1506 decimo
1052 1469 1206 1505 octavo
1255 1463 1449 1504 diffusum
1495 1468 1554 1505 est
1568 1465 1691 1514 p.348
1724 1470 1766 1505 13

67 1534 185 1562 mare
210 1535 292 1576 per
305 1520 500 1562 Thracen
524 1521 713 1563 miliariis
743 1526 963 1577 quattuor,
993 1527 1037 1563 et
1067 1521 1296 1576 cooperuit
1324 1535 1413 1560 eam
1441 1521 1554 1562 circa

68 1583 208 1632 partes
250 1577 425 1633 Odyssei
470 1584 514 1620 et
559 1578 887 1635 Dionysopolis,
934 1585 978 1620 et
1016 1578 1136 1619 multi
1192 1577 1325 1618 necati
1368 1584 1465 1618 sunt
1511 1579 1552 1618 in

63 1634 209 1690 aquis,
240 1640 284 1676 et
313 1635 469 1677 iterum
495 1634 563 1676 dei
596 1642 830 1692 praecepto
862 1637 1105 1677 restitutum
1136 1642 1196 1677 est
1228 1633 1337 1676 idem
1366 1650 1483 1677 mare
1510 1635 1553 1676 in

67 1692 161 1733 loca
188 1706 275 1733 sua.

175 1771 298 1811 Anno
330 1772 495 1826 imperii
528 1771 744 1812 Iustiniani
780 1772 944 1813 decimo
976 1786 1091 1814 nono
1121 1773 1274 1815 Petrus
1303 1774 1551 1831 Hierosoly-

61 1827 263 1868 mitanam
293 1833 337 1869 et
348 1830 540 1869 Domnus
556 1829 860 1871 Antiochenam
884 1830 994 1886 regit
1014 1830 1250 1879 ecclesium
1286 1839 1325 1872 et
1351 1833 1457 1873 faeta
1489 1839 1550 1873 est

62 1885 208 1939 inopia
236 1886 440 1926 frumenti
468 1891 511 1927 et
537 1886 623 1927 vini
654 1901 704 1927 ac
734 1887 879 1943 pluvia
910 1887 1054 1938 multa,
1083 1893 1126 1929 et
1155 1888 1287 1929 sactus
1318 1896 1378 1930 cst
1407 1895 1549 1931 terrae

62 1947 203 1982 motus
232 1943 602 1998 Constantinopoli
633 1958 826 1997 magnus,
854 1949 897 1984 et
939 1945 1102 1986 eversio
1132 1945 1187 1987 de
1213 1953 1358 1987 sancto
1381 1945 1547 2001 pascha,

62 2005 104 2039 et
134 2000 278 2054 coepit
311 1999 454 2055 vulgus
484 2015 507 2040 a
545 2001 742 2043 carnibus
773 2001 985 2042 abstinere
1016 2017 1157 2043 mense
1186 2003 1446 2054 Februario,
1479 2003 1551 2043 die

61 2062 238 2110 quarta:
270 2057 507 2111 imperator
537 2065 681 2099 autem
711 2059 930 2113 praecepit
968 2059 1048 2099 alia
1081 2059 1344 2100 hebdomada
1373 2074 1545 2101 carnem

59 2113 241 2167 apponi,
277 2118 322 2154 et
350 2127 493 2155 omnes
534 2115 726 2156 carnium
757 2115 998 2157 venditores
1027 2115 1300 2168 occiderunt,
1335 2123 1375 2158 et
1404 2131 1545 2171 appo-

58 2177 249 2220 suerunt,
278 2175 322 2211 et
352 2185 476 2211 nemo
508 2172 673 2213 emebat
703 2178 776 2212 aut
802 2173 968 2214 edebat.
1028 2187 1166 2227 porro
1201 2174 1351 2229 pascha
1382 2175 1540 2214 factam

56 2234 118 2267 est
146 2233 193 2268 ut
223 2227 458 2282 imperator
489 2228 615 2281 iussit,
645 2235 689 2271 et
717 2229 911 2272 iuventus
931 2236 994 2272 est
1014 2231 1196 2286 populus
1226 2231 1412 2273 ieiunans
1430 2230 1540 2272 heb-

60 2282 240 2325 domada
268 2283 499 2340 superflua.

168 2358 291 2398 Auno
322 2357 489 2411 imperii
519 2358 737 2399 *Iustiniani
767 2359 963 2400 vicesimo
990 2366 1113 2415 capta
1147 2367 1210 2403 est
1224 2363 1359 2403 Roma
1390 2377 1411 2402 a
1442 2364 1534 2403 Gn·
1549 2378 1668 2424 9349
1691 2379 1715 2414 3

55 2413 151 2464 this,
176 2420 220 2455 et
247 2429 357 2470 papa
378 2414 556 2470 vigilius
585 2417 701 2456 venit
714 2417 1142 2472 Constantinopolim,
1168 2424 1211 2460 et
1237 2424 1449 2473 susceptus
1481 2420 1534 2461 ab

57 2471 314 2525 imperatore
343 2486 442 2512 cum
473 2472 628 2526 ingenti
673 2472 839 2514 bonore
866 2475 1194 2528 repromittebat
1223 2477 1362 2516 facere
1392 2476 1535 2517 unita-

55 2533 142 2568 tem
186 2528 420 2568 catholicae
463 2530 688 2580 ecclesiae,
727 2536 770 2571 et
814 2530 1167 2573 anathematizare
1207 2533 1287 2572 tria
1331 2533 1529 2586 capitula,

54 2585 212 2641 quique
245 2586 719 2628 excommunicationem
751 2594 959 2643 quattuor
991 2589 1194 2631 mensium
1239 2587 1355 2631 dedit
1382 2592 1531 2633 Menae

101 2734 132 2779 *)
158 2733 455 2782 mansionarium}
496 2734 548 2769 sic
582 2736 690 2769 etiam
731 2737 838 2770 vertit
873 2736 1055 2771 Nic-‘ienae
1087 2748 1163 2780 syn.
1196 2738 1218 2770 2
1241 2748 1276 2783 p.
1306 2737 1375 2772 703
1403 2738 1458 2772 ed.
1486 2742 1525 2776 R,

144 2781 228 2814 vide
257 2787 295 2815 et
318 2782 436 2816 can.2
460 2794 536 2827 syn.
554 2783 777 2818 Chalcedon.
800 2785 971 2818 zamram
997 2785 1043 2818 ad
1075 2785 1231 2829 concilia
1259 2798 1293 2832 p.
1321 2789 1389 2825 (397
1406 2799 1439 2829 a,
1456 2791 1526 2827 698

142 2840 162 2863 a
189 2835 226 2864 et
253 2833 322 2868 720
346 2830 382 2865 b.
412 2836 450 2867 et
473 2832 603 2867 concil.
636 2832 770 2880 Cpolit.
795 2833 861 2867 sub
886 2833 994 2868 Meua
1020 2844 1056 2879 p.
1076 2833 1154 2869 737.
1200 2832 1310 2869 Fun.
