1728 3184
199 180 876 190 —-....-————-.-ub.———.-..--.m-
883 186 942 190 -..θ
949 186 1020 192 ........,
1027 187 1071 191 .,,,.
1082 186 1142 191 ...ιφ
1153 187 1237 191 .-.-.-.
1245 187 1266 191 -.

523 729 766 780 RERUM
807 729 892 779 ET
933 730 1323 782 VERBORUM

891 864 940 898 IN

249 978 797 1044 THEOPHANIS
839 960 1598 1049 CHRONOGRAPHIA

459 1138 824 1183 PRAECIPUE
852 1140 1374 1190 MEMORABILIUM

751 1269 1086 1320 INDEX.

177 1529 295 1562 Aaron
330 1528 445 1562 Madis
472 1529 568 1563 filius
604 1540 685 1578 pag.
724 1529 805 1572 700,
845 1530 880 1564 7.

226 1582 380 1610 castrum
415 1578 619 1612 Semalvum
664 1579 761 1624 capit
799 1577 881 1619 702,

223 1625 259 1658 2.
311 1637 456 1658 suorum
481 1626 615 1660 multos
643 1627 781 1661 amittit
798 1625 882 1668 706,

221 1672 257 1707 6.
305 1684 429 1718 pacem
458 1686 538 1707 cum
565 1675 669 1708 Irene
694 1675 883 1721 componit

224 1720 274 1752 ib.
303 1721 357 1754 18.
389 1721 474 1762 707,
502 1722 536 1755 3.
600 1723 756 1756 Arabum
794 1722 880 1763 dux,

223 1767 435 1803 Christianis
453 1769 620 1803 infensus
636 1770 716 1812 714,
732 1770 784 1803 13.
812 1771 884 1803 Ro-

224 1827 349 1849 manos
382 1818 520 1862 praelio
559 1817 682 1852 fundit
717 1818 797 1860 717,
822 1818 881 1852 21.

225 1863 472 1909 Theophilum
539 1865 882 1911 Cibyrrhaeotarum

226 1909 353 1945 ducem
389 1918 583 1957 martyrem
619 1915 708 1949 facit
743 1914 823 1956 721,
848 1913 881 1948 5.

226 1959 272 1992 ad
300 1965 441 2004 turpem
478 1973 603 2006 pacem
635 1962 882 2009 Nicephorum

227 2008 325 2052 cogit
353 2007 433 2048 748,
461 2007 495 2041 9.
524 2009 630 2055 Cypri
656 2011 806 2044 vastatis
820 2021 881 2044 ec·-

226 2056 358 2096 clesiis,
386 2056 559 2091 transfert
579 2057 727 2102 Cyprios
754 2056 834 2099 749,
845 2057 880 2091 3.

225 2103 381 2137 Chumid
403 2104 494 2137 duce
523 2104 688 2139 Rhodum
722 2106 881 2152 popula-

225 2156 285 2185 tur
311 2151 390 2185 ibid
431 2152 487 2188 18.
538 2153 576 2186 in
602 2153 776 2188 interiore
794 2154 881 2188 Per-

227 2199 305 2233 side
331 2199 425 2233 diem
453 2200 532 2234 obit
560 2200 640 2243 751,
666 2201 700 2236 9.

178 2247 390 2289 Abachum,
425 2254 463 2281 et
489 2248 676 2284 Michaeae
711 2261 792 2284 ossa
819 2250 881 2284 in-

223 2302 333 2329 venta
363 2296 443 2338 115,
468 2296 500 2330 3.

177 2343 388 2378 Abandazes
427 2344 598 2380 Chosrois
638 2343 683 2378 ad
725 2345 880 2380 Belissa-

226 2393 318 2425 rium
344 2393 484 2437 legatus
512 2393 594 2434 342,
620 2393 655 2429 2.
682 2392 880 2427 Chosroem

225 2439 271 2472 ad
297 2452 421 2485 pacem
447 2441 594 2475 delusus
631 2443 709 2488 ipse
738 2441 883 2476 inducit

179 2534 314 2569 Abares
351 2548 394 2570 ex
421 2536 624 2582 Gepidibus
662 2536 771 2570 divisi
799 2536 877 2578 145,

229 2582 282 2616 19.
331 2585 484 2628 primum
511 2596 591 2618 cum
611 2584 784 2620 miraculo
812 2585 881 2619 visi

226 2631 292 2665 (ΣΡ.
324 2631 406 2671 359,
446 2632 479 2666 5.
547 2633 736 2666 Tiberium
772 2644 881 2677 supe-

228 2684 306 2712 rant
331 2680 412 2721 380,
436 2679 490 2714 16.
520 2681 583 2714 CP.
616 2681 787 2716 obsident
800 2680 881 2724 487,

226 2725 260 2758 2.
315 2727 395 2760 vide
427 2727 628 2772 Chaganus.

180 2773 317 2807 Aban-us
343 2776 573 2810 Alamandari
600 2776 698 2811 fliius
724 2777 806 2816 371,
828 2780 882 2813 11-

180 2820 311 2868 Abasgi
357 2823 524 2859 Heraclio
572 2825 661 2860 socii
699 2825 738 2861 in
783 2824 882 2860 bello

998 1530 1153 1571 Persico,
1188 1530 1296 1565 fidem
1333 1531 1474 1566 violant
1508 1532 1590 1575 476,
1615 1533 1650 1567 8.

995 1576 1080 1620 478,
1109 1582 1165 1615 11.
1195 1579 1241 1612 ab
1271 1580 1393 1614 Alanis
1423 1581 1567 1626 fatigati
1591 1593 1649 1614 ar·-

996 1626 1101 1708 gibtlig
1111 1628 1244 1662 Leonis
1263 1629 1376 1663 Isauri
1390 1628 1471 1671 600,
1499 1628 1553 1663 18.
1567 1629 1651 1671 603,

947 1722 1070 1756 Abbas
1095 1723 1256 1768 Tyanam
1282 1725 1378 1769 capit
1399 1724 1478 1764 576,
1503 1723 1556 1757 18.
1588 1735 1650 1757 ca-

995 1770 1114 1815 ptivos
1158 1770 1280 1815 plures
1317 1770 1434 1814 abigit
1465 1769 1548 1808 577,
1594 1770 1649 1804 16.

959 1825 961 1828 ’
995 1817 1120 1850 urbem
1148 1818 1251 1851 Garis
1279 1819 1414 1852 extruit
1434 1817 1484 1850 ib.
1504 1818 1556 1851 18.
1579 1818 1653 1852 An-

994 1865 1164 1899 tiochiam
1181 1865 1334 1899 Pisidiae
1360 1865 1497 1910 subigit
1519 1865 1600 1908 587,
1615 1867 1649 1900 5.

995 1913 1215 1948 necisValid
1225 1925 1338 1954 reum,
1352 1914 1530 1960 effusique
1542 1915 1649 1948 multi

996 1960 1190 1995 Christiani
1210 1963 1394 2008 sanguinis
1409 1962 1571 1996 Man-uam
1589 1974 1653 1997 oc-

996 2008 1086 2043 cidit
1110 2008 1190 2050 649,
1221 2009 1276 2044 16.

946 2056 1090 2092 Abdaas
1141 2057 1392 2104 Ctesiphontis
1433 2058 1653 2105 episcopus,

995 2116 1169 2139 succenso
1195 2107 1286 2151 ignis
1318 2105 1455 2153 templo
1480 2118 1652 2153 perseeu-

994 2154 1106 2188 tionis
1134 2166 1242 2188 causa
1259 2156 1299 2189 in
1320 2154 1542 2190 Christianos
1569 2154 1649 2196 128,

947 2248 1104 2283 Abdelas
1138 2250 1253 2285 Zuber
1292 2249 1447 2284 Arabum
1493 2249 1566 2283 dux
1602 2248 1650 2284 ab

996 2298 1207 2332 Abimelech
1234 2298 1372 2332 occisus
1399 2298 1482 2339 551,
1511 2298 1565 2331 15.

948 2345 1105 2380 Abdelas
1128 2348 1167 2382 in
1192 2347 1400 2381 Romaniam
1425 2345 1549 2380 educit
1565 2345 1648 2387 569,

997 2394 1052 2427 15.

949 2441 1105 2475 Abdelas
1137 2442 1197 2475 Ali
1225 2442 1358 2484 frater,
1396 2453 1437 2475 ac
1465 2441 1521 2475 Ali
1551 2441 1648 2475 filius

995 2490 1120 2534 Syriae
1147 2490 1351 2536 praefectus
1384 2489 1562 2523 Persidem
1588 2489 1647 2522 iu-

993 2538 1128 2572 vadens
1144 2538 1323 2573 occiditur
1336 2537 1418 2579 656,
1429 2538 1463 2572 5.
1494 2537 1574 2580 660,
1593 2536 1647 2571 16.

947 2633 1105 2668 Abdeias
1131 2633 1242 2668 turris
1270 2632 1424 2667 Ibinulis
1450 2633 1555 2667 ruina
1581 2644 1649 2679 op-

994 2694 1136 2727 pressus
1160 2681 1242 2722 678,
1269 2679 1303 2713 4.

948 2729 1105 2763 Abdelas
1142 2729 1333 2763 Ahulabae
1373 2728 1497 2769 frater,
1522 2728 1585 2774 qui
1613 2734 1650 2762 et

997 2776 1190 2817 Muamed,
1223 2777 1508 2822 Mesopotamiae
1543 2786 1649 2822 prae-

997 2826 1114 2861 sectus
1137 2825 1220 2868 656,
1235 2824 1268 2860 3.
1303 2825 1458 2859 Arabum
1477 2823 1551 2858 dux
1576 2823 1652 2858 fra-
