1768 3268
544 205 625 246 Ex‘
656 201 1003 250 THEOPHANE.
1453 196 1518 243 83

51 316 345 362 Macedonium
370 323 617 373 satagentes.
676 332 812 374 porro
842 316 992 359 deiferi
1022 317 1231 368 monachi,
1260 317 1334 373 qni
1364 316 1407 357 in
1437 315 1522 355 Pa-

50 374 221 416 lae-'tina
253 381 405 427 erant,
449 375 592 417 divina
629 377 733 416 moti
776 375 1055 416 aemulatione
1093 389 1249 415 venere
1276 373 1524 429 Byzantium

51 436 204 479 contra
228 431 433 472 Severum
462 439 506 474 et
533 432 759 473 monachos
792 432 867 488 qui
895 447 991 472 cum
1018 445 1070 472 eo
1089 436 1222 472 erant.
1278 430 1523 471 Dorotheus

51 495 195 529 autem
232 489 463 530 monachus
502 489 804 530 Alexandrinus
837 490 1074 530 multorum
1121 502 1318 528 versuum
1368 487 1525 527 librum

42 544 184 596 redidit
212 559 296 599 pro
327 545 652 589 Chalcedonensi
683 545 879 597 concilio,
910 559 1038 601 quem
1059 543 1176 586 dedit
1195 545 1370 599 Magnae
1401 542 1524 583 uxori

54 601 194 643 fratr'u
225 602 439 655 Anastasfi,
473 617 568 644 cnm
594 608 700 644 esset
727 602 1005 644 orthodoxus.
1064 601 1151 656 ipsa
1176 614 1279 642 vero
1308 599 1523 641 Anastasio

53 659 209 699 librum
237 659 406 711 obtulit,
431 673 603 715 sperans
621 674 700 714 per
728 659 842 701 hune
859 674 955 701 eum
979 659 1073 700 fore
1091 657 1368 705 mutandum3
1399 671 1525 712 quem

52 730 150 757 cum
176 715 337 770 legisset
377 721 422 765 et
449 722 622 771 praeter
661 723 806 758 votum
845 731 967 756 suum
996 729 1080 757 esse
1111 714 1347 770 reperisset,
1376 715 1525 754 Doro..

52 772 197 821 theum
225 771 473 828 apudOasin
505 773 628 814 exilio
658 773 840 814 destinat
869 779 913 814 et
933 773 1092 814 librum
1116 786 1199 827 pro
1232 770 1363 812 nihilo
1392 769 1526 821 ducit,

52 844 104 871 eo
131 829 249 884 quod
275 830 584 884 superscriptus
623 837 725 872 esset
751 829 1011 885 Tragoedia,
1038 828 1084 870 id
1110 836 1172 870 est
1201 827 1429 883 prophetia
1458 827 1526 867 in-

50 886 195 928 stantis
230 887 569 938 constitutionis,
609 887 963 942 quemadmodum
994 901 1016 926 a
1048 899 1200 942 magno
1229 884 1381 925 Basilio
1409 883 1528 924 aiunt

52 943 175 986 fuisse
215 943 386 990 dietum.
417 950 571 984 contra
603 944 822 985 lulianum.
890 942 1159 984 Macedonius
1190 948 1330 983 autem
1358 939 1526 981 Flavia-

51 1014 152 1041 num
190 1000 500 1043 Antiochenam
538 1007 581 1041 et
625 1015 769 1042 omnes
804 1000 877 1057 qui
908 1004 1226 1055 praesumerent
1253 998 1396 1040 dicere
1425 995 1527 1061 quid

51 1056 248 1106 adversus
276 1057 482 1113 synodum
510 1056 901 1108 anathematizavit,
932 1062 975 1098 et
1013 1055 1309 1111 apocrisiarios
1338 1052 1525 1095 Flaviani

49 1113 262 1157 venientes
290 1113 345 1157 ad
386 1129 429 1156 se
458 1119 642 1169 propter
683 1115 882 1170 quasdam
913 1114 1170 1156 necessitates
1197 1110 1526 1153 anathematiza.-

50 1171 112 1212 vit
141 1179 183 1212 et
215 1171 421 1218 insecutus
449 1178 522 1215 est.
598 1171 795 1212 vicesimo
840 1185 938 1212 sane
975 1170 1143 1225 imperii
1180 1168 1382 1210 Anastasii
1411 1180 1524 1208 anno

51 1227 236 1282 synodus
278 1228 391 1282 apud
420 1227 621 1271 Sidonem
661 1235 962 1282 praeparatur.
1020 1226 1265 1268 Soterichus
1293 1225 1404 1266 enim
1432 1224 1656 1279 epi-p.236

51 1297 199 1338 scopus
229 1284 455 1331 Caesareae
485 1284 778 1341 Cappadociae
821 1300 847 1326 a
873 1282 1124 1324 Macedonio
1151 1280 1455 1324 consecrandus
1482 1295 1525 1322 se

52 1340 94 1380 in
123 1340 290 1394 scriptis
318 1341 528 1395 professus
567 1349 628 1383 est
660 1341 855 1396 dogmata
883 1339 1228 1381 Chalcedonensis
1274 1338 1423 1395 synodi
1453 1343 1525 1377 ut-

50 1403 154 1452 pote
182 1396 475 1439 diffinitionem
510 1398 606 1440 fidei
635 1403 922 1451 recepturum.
990 1403 1086 1452 post
1115 1396 1217 1437 haec
1247 1401 1387 1436 tamen
1417 1394 1523 1434 adeo

52 1454 184 1494 factus
226 1460 288 1495 est
314 1453 443 1494 hostis
487 1461 536 1496 ut
563 1455 674 1495 mori
716 1453 823 1495 velle
860 1459 1110 1495 cerneretur
1153 1453 1193 1492 in
1226 1452 1400 1493 Oriente
1429 1466 1525 1491 cum

51 1510 214 1551 Xenaia
243 1510 423 1560 locutus,
453 1517 497 1552 et
523 1512 647 1552 ambo
678 1525 761 1565 pro
791 1511 953 1566 synodo
987 1510 1100 1564 apud
1115 1508 1313 1550 Sidonem
1342 1507 1525 1550 efficien-

53 1567 105 1607 da
134 1566 438 1621 imperatorem
478 1568 691 1623 petiissent
719 1567 762 1607 in
802 1566 1086 1608 omnimodam
1115 1565 1363 1607 eiectionem
1392 1564 1523 1605 sancti

54 1623 402 1665 Chalcedonensis
427 1625 616 1673 concilii;
647 1638 757 1680 quae
794 1629 948 1665 statuta
989 1623 1193 1664 maturius
1223 1621 1419 1663 dissoluta
1449 1627 1524 1670 est,

51 1679 310 1735 imperatore
343 1680 398 1721 ad
437 1681 520 1723 hoc
554 1681 811 1736 Eutropium
853 1682 1074 1722 tribunum
1110 1679 1333 1729 mittente,
1381 1678 1454 1734 qui
1483 1684 1525 1718 ct

52 1737 250 1779 dissoluta
276 1751 324 1778 ea
348 1736 433 1792 egit
461 1745 508 1780 ut
524 1738 746 1779 Flavianus
761 1737 1043 1778 Antiochenus
1064 1741 1107 1777 et
1122 1735 1257 1777 Helias
1274 1734 1522 1789 Hierosoly-

49 1794 230 1836 mitanus
258 1808 339 1834 una
369 1809 465 1835 cum
489 1795 692 1850 episcopis
719 1795 801 1835 suis
830 1793 1092 1849 imperatori,
1124 1807 1233 1848 quae
1259 1791 1373 1846 apud
1401 1790 1524 1832 Sido-

50 1851 162 1891 niam
190 1855 303 1906 gesta
330 1851 515 1904 fuerant,
541 1852 789 1892 scriberent.
847 1851 1069 1891 Flavianus
1097 1863 1201 1890 vero
1224 1855 1308 1890 tres
1335 1854 1521 1890 tantum.

50 1905 179 1948 modo
219 1907 400 1963 synodos
454 1915 496 1950 et
537 1909 713 1949 Zenonis
752 1908 950 1949 enoticon
1002 1921 1045 1948 se
1089 1906 1300 1961 suscipere
1338 1905 1519 1958 scripsit,

48 1963 396 2005 Chalcedonensis
422 1965 680 2006 mentionem
704 1978 788 2005 non
819 1964 983 2005 faciens.
1050 1962 1186 2003 Helias
1219 1976 1391 2017 quoque
1419 1961 1522 2001 Hie-

48 2019 371 2074 rosolymitanus
396 2022 524 2063 etiam
544 2022 920 2063 chalcedonensem
947 2035 989 2061 se
1016 2019 1182 2074 scripsit
1211 2019 1407 2059 abiicere.
1438 2018 1521 2057 So-

49 2077 235 2117 terichus
265 2084 407 2119 autem
436 2078 706 2120 Caesariensis
746 2085 789 2119 et
816 2077 994 2119 xenaias
1026 2083 1178 2117 contra
1203 2075 1450 2117 Flavianum
1479 2080 1522 2114 et

46 2133 209 2175 Heliam
235 2143 525 2188 suggesserunt
570 2135 842 2190 imperatori,
875 2133 990 2190 quod
1018 2148 1101 2188 pro
1136 2146 1185 2174 eo
1217 2132 1335 2188 quod
1360 2131 1521 2171 nollent

48 2204 238 2244 expresse
266 2198 418 2232 contra
452 2191 661 2257 synodum
701 2190 1077 2232 Chalcedonensem
1116 2189 1364 2231 sententiam
1392 2188 1519 2236 serre,

47 2253 338 2288 convenerunt
378 2247 431 2288 ad
471 2250 664 2290 invicem.
732 2248 961 2288 Anastasius
1006 2252 1144 2287 autem
1170 2246 1303 2286 iratus
1325 2242 1519 2285 incitavit

48 2303 277 2344 monachos
308 2304 509 2359 quosdam
536 2306 657 2346 falsos
689 2305 916 2346 convenire
945 2304 1057 2358 apud
1085 2301 1350 2344 Antiochiam
1380 2306 1421 2341 et
1442 2299 1518 2339 ad-

46 2374 188 2400 versus
238 2359 485 2401 Flavianum
534 2362 773 2417 insurgere,
819 2367 1007 2416 petentes
1049 2375 1145 2400 eum
1183 2358 1519 2399 Chalcedonense

47 2417 399 2459 anathematizare
414 2418 639 2459 concilium
660 2424 703 2460 et
724 2418 964 2460 Diodorum
994 2423 1036 2457 ct
1051 2416 1326 2458 Theodorum
1345 2420 1386 2453 et
1415 2412 1516 2452 lban

46 2479 91 2513 et
116 2473 456 2522 Theodoretum;
500 2475 615 2529 quod
663 2481 705 2515 et
733 2475 832 2516 fecit
869 2475 1151 2529 pusillanimus
1190 2473 1319 2512 factus
1351 2468 1515 2510 Flavia-

47 2542 150 2581 nuS,
191 2537 235 2572 et
263 2537 413 2572 contra
445 2531 656 2572 ecclesiam
686 2545 754 2573 eos
797 2530 1159 2571 anathematizavit
1187 2543 1269 2569 una
1300 2541 1396 2566 cum
1417 2540 1514 2581 syn-

47 2585 145 2626 odo.
203 2587 354 2629 eodem
381 2602 490 2628 anno
513 2595 663 2628 contra
683 2587 977 2629 Macedonium
1004 2587 1240 2642 imperator
1269 2583 1437 2638 agebat3
1470 2588 1561 2637 etp.
1581 2589 1701 2626 237'6

45 2642 292 2684 schismatici
322 2659 417 2685 cum
442 2644 659 2684 conductis
687 2644 834 2695 turbis,
866 2645 907 2683 in
936 2643 1196 2697 Archangelo
1227 2639 1371 2694 palatii
1399 2644 1442 2679 et
1468 2638 1512 2679 in

46 2714 192 2754 magna
226 2701 394 2742 ecclesia
429 2701 644 2755 psallentes
668 2702 707 2741 in
739 2700 946 2741 dominica
969 2700 1034 2742 die
1057 2697 1271 2752 trisagion,
1303 2695 1514 2736 addebant

49 2755 91 2794 in
121 2770 172 2796 eo
202 2758 303 2812 “qui
333 2759 550 2799 crucifixus
588 2773 627 2798 es
654 2763 836 2813 propter
878 2760 992 2808 nos,”
1039 2757 1095 2796 ita
1126 2760 1173 2793 ut
1206 2751 1431 2793 orthodoxi
1463 2766 1512 2792 ex

48 2813 285 2855 necessitate
335 2830 429 2856 cum
476 2814 604 2870 plagis
635 2829 704 2857 eos
741 2815 1077 2869 insequerentur.
1149 2811 1383 2866 imperator
1409 2823 1510 2849 vero
