1728 3184
217 173 311 217 518
715 179 770 218 ΙΝ
810 179 844 217 Τ
847 176 1104 218 ΗΕΟΡΗΑΝ
1110 177 1182 216 ΕΜ

210 302 456 344 numerandi
497 303 548 344 ab
578 303 781 344 Arthcmii
821 318 928 343 auno
971 303 1130 358 primo,
1175 301 1411 341 indictionis
1458 297 1529 352 13,
1573 302 1674 342 cha..

211 365 376 399 ractere
427 359 708 414 dignoscendo
759 360 1014 415 principium
1044 359 1268 400 deducunt.
1354 372 1479 398 error
1534 358 1676 424 itaque

218 415 484 470 Theophanis
535 423 608 457 aut
646 416 809 456 librarii
862 431 1015 456 annum
1058 414 1234 455 Artemii
1280 414 1508 454 secundum
1551 415 1677 470 primi

211 471 302 512 vice
346 472 545 527 reposuit.
617 473 655 514 Ω.
701 471 1186 527 Constantinopolitanae
1223 470 1326 512 sedis
1383 471 1559 526 dignitas
1610 472 1678 511 in-

210 528 395 569 dictione
425 529 583 570 decima
629 530 755 570 tertia
785 532 1030 579 Germano,
1067 529 1099 569 si
1132 529 1237 568 bene
1276 534 1494 577 numeret,
1539 527 1674 568 delata

208 585 300 635 luit,
332 585 481 626 circuli
513 586 723 641 sequentis
750 585 910 625 decima
942 585 1065 625 tentia
1105 585 1268 640 pariter
1297 585 1522 639 abrogata:
1550 585 1675 639 prior

210 646 347 681 autem
379 642 443 681 illa
472 641 512 682 in
550 642 723 683 Artemii
765 657 917 681 annum
943 642 1126 695 primum
1157 641 1351 681 incurrit.
1410 640 1518 680 ratio
1549 641 1675 681 tertia

211 698 296 752 ipsa
322 697 586 752 Theophanis
616 699 869 739 auctoritate
898 698 1118 738 stabilitur.
1177 712 1305 737 annus
1333 698 1531 738 Germani
1565 711 1677 751 pon-

206 756 384 794 uficatus
414 762 575 795 vertens
607 761 650 796 et
680 755 855 810 integer,
886 761 935 794 ut
966 769 1011 794 ex
1046 755 1130 795 eius
1165 754 1366 795 laterculo
1395 753 1563 809 colligo,
1595 757 1674 794 Ar-

204 811 319 850 temii
351 827 458 850 anno
499 811 681 852 secundo
724 811 901 851 vertenti
945 825 1115 865 quoque
1157 816 1198 850 et
1241 810 1406 865 integro
1443 825 1488 851 ex
1536 825 1672 865 aequo

201 873 585 910 commensulatur:
616 874 658 907 at
688 866 834 907 mensis
870 868 1041 921 Augusti
1080 867 1147 906 die
1176 874 1329 922 qualto
1362 866 1486 918 (hunc
1516 867 1675 922 quippe

198 938 422 964 numeium
453 923 550 963 anni
579 923 920 978 quattuordecim
954 922 1096 963 diebus
1121 923 1147 963 7
1182 931 1222 964 et
1249 923 1454 964 mensibus
1487 923 1676 979 quinque

202 980 417 1019 coniuncti
461 979 722 1033 desideiant)
770 994 1009 1019 concessum
1060 979 1191 1019 tradit
1229 979 1517 1032 Theophanes.
1587 980 1672 1019 eius

202 1025 330 1092 igitun
359 1036 539 1090 auspicia
570 1037 620 1076 ab
665 1036 788 1090 ipsius
819 1036 992 1075 Arminii
1023 1050 1131 1075 anno
1167 1036 1322 1090 primo,
1355 1036 1452 1076 licet
1483 1043 1673 1087 exeunte,

203 1091 394 1146 petenda.
466 1091 506 1132 4.
538 1092 745 1133 Artemius
793 1107 948 1132 annum
991 1092 1158 1146 imperii
1194 1091 1420 1133 secundum
1452 1106 1672 1132 numerans

206 1149 476 1188 indictionem
507 1149 710 1189 decimam
742 1155 937 1203 quartam
966 1148 1148 1202 reperit.
1179 1155 1226 1189 ut
1254 1149 1363 1189 enim
1390 1149 1475 1188 Leo
1507 1148 1673 1203 imperii

201 1206 263 1244 sui
294 1220 403 1245 anno
436 1204 597 1245 decimo
634 1206 762 1251 tertio
783 1205 1055 1245 indictionem
1087 1204 1290 1245 decimam
1321 1204 1489 1245 tertiam
1517 1206 1673 1245 sociam

199 1268 345 1301 nactus
375 1267 447 1311 est,
477 1269 519 1302 et
549 1262 727 1316 primam
757 1262 904 1316 primi;
937 1261 995 1301 ita
1036 1261 1183 1301 circuli
1214 1262 1452 1316 praeeuntis
1483 1261 1670 1302 ultimam

195 1318 455 1359 Theodosius
486 1334 594 1358 anno
626 1319 751 1358 unico
781 1318 954 1372 sceptris
984 1319 1157 1372 potitus,
1188 1331 1432 1372 praecessor
1458 1332 1560 1359 vero
1587 1322 1672 1359 Δι’-

196 1374 347 1416 temius
378 1390 488 1414 anno
521 1374 702 1416 secundo
730 1375 912 1415 deiectus
931 1375 1133 1415 decimam
1163 1381 1358 1430 quartam
1380 1389 1491 1415 anno
1523 1375 1671 1416 eodem

194 1432 365 1472 sortitus
399 1438 480 1472 est:
513 1447 602 1472 eam
630 1433 685 1473 ob
717 1447 807 1472 rem
838 1432 1070 1472 Germanus
1110 1431 1269 1472 decima
1300 1431 1428 1472 tertia
1460 1431 1672 1472 institutus

198 1488 249 1527 ab
278 1489 363 1529 eius
394 1503 504 1529 anno
524 1490 664 1543 primo
691 1488 732 1528 in
754 1489 833 1528 CP.
861 1488 1000 1529 sedem
1023 1489 1243 1528 translatus
1262 1489 1471 1529 asseritur.
1501 1487 1539 1528 5.
1563 1488 1674 1528 indi-

199 1546 357 1585 ctiones
385 1559 547 1585 sursum
578 1544 858 1600 deorsumque
891 1550 1147 1595 numeratae,
1179 1551 1220 1585 et
1251 1553 1341 1586 tum
1369 1545 1563 1600 praeviiS,
1581 1551 1672 1585 tum

197 1601 510 1642 succedentibus
541 1603 716 1642 collatae
738 1607 933 1656 quartam
963 1617 1010 1641 ac
1045 1601 1246 1642 decimam
1281 1603 1454 1642 Artemii
1483 1602 1669 1642 secundo

199 1658 434 1712 designant:
467 1673 518 1698 an
549 1674 632 1698 non
655 1659 796 1713 itaque
825 1658 950 1698 tertia
973 1663 1014 1699 et
1033 1657 1191 1699 decima
1205 1659 1403 1699 Germani
1434 1658 1672 1698 translatio-

197 1728 248 1754 ne
278 1721 422 1754 notata
456 1715 629 1755 Artemii
662 1715 748 1756 eius
780 1728 889 1754 anno
920 1715 1060 1769 primo
1090 1714 1383 1755 attribuenda?
1441 1715 1520 1755 hac
1550 1729 1670 1769 ergo,

197 1786 321 1825 quam
354 1771 616 1836 explanamus
649 1772 700 1812 de
719 1771 962 1811 Germano
952 1786 992 1811 m
1022 1771 1102 1811 CP.
1131 1771 1333 1811 thronum
1363 1770 1670 1812 transvehendo

196 1824 372 1867 historia
402 1828 442 1867 in
478 1843 630 1867 aunum
671 1828 862 1882 priorem
892 1833 1113 1877 revocata,
1146 1827 1431 1882 praesentibus
1464 1828 1599 1868 verbis
1630 1828 1672 1868 in

197 1897 345 1923 verum
374 1898 535 1923 sensum
570 1883 831 1925 restituendis
866 1884 1178 1925 correctionem
1213 1884 1449 1925 huiusmodi
1481 1898 1669 1952 appono.

196 1939 256 1994 τῶ
298 1940 336 1979 δ’
376 1938 493 1994 αυτῷ
531 1955 682 1996 πρωτω
721 1936 803 1980 ἐτει
843 1941 919 1993 τῆς
961 1940 1182 1992 βασιλείας
1209 1938 1453 2006 Ἀρτεμιόυ,
1484 1939 1534 2006 ιγ’
1565 1941 1675 1982 ἰνδι-

196 1995 356 2047 κτιῶνι,
384 2011 484 2050 μηνι
502 1981 738 2053 Αὕγούστω
765 1992 802 2036 δ’
831 1998 1038 2050 μετετέθη
1065 1994 1299 2051 Γερμανός,
1328 1997 1401 2037 καί
1422 1994 1475 2038 τὰ
1503 1992 1615 2051 εξῆς.

307 2073 690 2131 589‚17.1pr;<p‹0
720 2072 793 2115 καί
823 2074 1063 2131 δοκιμασία]
1108 2075 1210 2116 haec
1239 2076 1420 2130 propria
1451 2077 1674 2131 episcopo-

196 2145 292 2171 rum
323 2137 364 2171 et
391 2106 450 2171 liis
485 2131 692 2170 maiorum
724 2117 1076 2172 instituendmum
1095 2133 1276 2172 folmula
1304 2133 1434 2174 verbo
1465 2135 1673 2187 μετετέθη

195 2186 239 2227 in
268 2187 582 2240 προχειρίζεται
608 2189 812 2229 formula:
852 2187 902 2228 de
944 2203 1025 2244 qua
1067 2188 1361 2245 euchologium
1404 2189 1672 2230 consecrandi

196 2243 378 2299 episcopi
411 2246 538 2284 ritum
569 2245 804 2299 proferens

306 2321 402 2374 590,
424 2323 462 2363 5.
521 2323 624 2363 κατά
649 2321 903 2375 παρουσίαν]
936 2339 983 2364 ac
1002 2325 1144 2364 forsan
1168 2324 1252 2365 eius
1275 2330 1441 2380 rogatu,
1463 2331 1511 2365 ut
1544 2339 1670 2380 quam

197 2378 316 2418 citius
351 2380 583 2421 haereticus
617 2382 787 2421 loannes
819 2382 1128 2421 exturbaretur.

306 2459 419 2501 Ibid.
451 2458 492 2499 9.
552 2454 659 2510 πρὸς
694 2455 741 2498 τὸ
787 2455 922 2510 κόψαι
950 2456 1079 2512 ξυλὴν
1107 2460 1430 2514 κυπαρισσίνην]
1459 2459 1671 2515 Nicepho-

194 2527 277 2566 rus,
305 2514 638 2570 ναυπηγησίμοις
662 2512 803 2564 ξύλοις
837 2516 1156 2571 κυπαρισσίνοις
1195 2515 1341 2559 ἕνεκεν.

304 2595 415 2637 Ibzd.
450 2591 513 2636 14.
545 2593 798 2662 λογοθέτην
843 2593 1022 2650 γενικόν]
1070 2596 1204 2646 idem,
1233 2594 1314 2636 τῶν
1343 2594 1558 2662 δζημοσίων
1585 2590 1666 2650 ‹pd-

191 2662 276 2703 ρων
306 2647 514 2705 λογιστήν,
542 2647 591 2692 ὃν
620 2652 846 2706 λογοθέτην
874 2651 1036 2705 γενικὸν
1066 2647 1154 2692 οῗὸε
1186 2654 1263 2692 κα)
1268 2655 1328 2692 εἴν
1355 2649 1380 2704 ἦ
1410 2647 1631 2706 συνήθεια.

304 2732 399 2785 591,
427 2734 467 2777 6.
526 2735 760 2788 §ammona
786 2735 868 2776 τῶν
899 2732 1111 2790 δηιιοσιὶυν
1132 2732 1294 2791 φόρων]
1326 2735 1447 2787 idem,
1481 2735 1564 2777 τῶν
1590 2734 1662 2789 δι]-

193 2790 356 2841 μοσίωιι
390 2789 535 2845 φόοωι
561 2788 788 2847 ποάκτορα.
