1768 3268
263 221 325 266 72
479 223 762 266 ANASTAsn
804 223 1066 265 HISTORIA
1105 216 1516 264 ECCLESIASTICA

260 328 490 367 finitionem
516 327 665 382 synodi
710 326 1052 367 Chalcedonensis
1092 323 1401 377 recipientibus,
1434 322 1508 361 iste
1534 320 1723 360 scelestus

261 383 376 424 rabie
409 383 590 438 quadam
610 384 785 423 infectus
815 382 975 422 iniuriis
997 382 1234 435 appetebat,
1266 386 1306 419 ct
1327 378 1608 418 ordinationes
1633 377 1721 430 epi-

258 453 485 493 scoporum
518 441 710 490 faciebat,
739 455 833 480 cum
859 446 962 479 esset
991 438 1077 493 ipse
1106 437 1383 486 inordinatus,
1415 431 1456 474 e‘t
1474 434 1724 487 baptizabat,

259 510 355 535 cum
386 496 607 552 bresbyter
641 510 725 535 non
771 496 975 536 existeret.
1041 495 1185 534 beatus
1213 500 1349 532 autem
1379 491 1601 531 Pretorius
1628 505 1722 530 scn-

260 554 362 592 tiens
379 558 527 593 contra
543 568 585 593 se
604 553 841 592 confectum
867 550 1091 592 concilium
1120 550 1191 590 dat
1221 550 1358 589 locum
1387 548 1487 598 irae,
1517 553 1559 588 et
1588 548 1724 600 primu

260 609 326 649 die
340 609 515 662 paschae
534 609 586 649 ad
607 608 842 649 venerabile
860 607 1150 661 baptisterium
1167 606 1286 660 sugit.
1318 612 1378 645 ast
1395 604 1463 643 ille
1477 603 1726 643 Antichristi

258 680 525 720 praecursor,
557 680 691 719 neque
722 670 901 705 sanctam
922 665 1029 704 diem
1048 678 1182 718 neque
1197 662 1369 702 colenda
1387 660 1477 701 loca
1506 660 1724 710 reveritus,

259 722 388 760 mittit
429 729 469 761 et
497 721 650 762 occidit
679 721 883 761 insontem
912 720 1166 775 pontificem,
1199 734 1279 758 una
1312 733 1407 758 cum
1438 731 1504 757 sex
1533 716 1621 757 aliis
1653 717 1724 771 qui

259 785 377 818 erant
403 792 498 817 cum
527 778 638 832 ipso;
668 783 710 817 et
739 779 903 818 funibus
932 777 1142 817 trahentes
1170 775 1288 815 huius
1321 773 1499 814 cadaver
1529 789 1552 812 a
1580 780 1724 813 sancto

260 834 428 874 lavacro
460 835 696 884 emiserunt,
727 841 769 875 et
802 848 1004 888 pompose
1035 847 1113 887 per
1145 832 1353 872 civitatem
1393 835 1616 884 portatum
1643 844 1726 884 po-

260 898 413 931 stremo
447 891 571 930 etiam
600 890 681 945 igni
712 891 797 931 sinc
814 890 893 930 ulla
924 888 1209 930 misericordia
1230 887 1525 942 prodiderunt,
1558 892 1599 926 et
1614 887 1726 926 cine-

129 950 249 996 p.172
262 962 325 987 res
356 947 441 987 eius
482 947 523 986 in
566 954 704 987 aerem
733 951 1069 1001 consperserunt.
1134 945 1282 986 eodem
1313 958 1422 984 anno
1453 943 1636 983 delatum
1668 948 1729 983 cst

261 1018 413 1057 corpus
447 1004 488 1042 S.
518 1003 753 1043 Anastasiae
797 1019 819 1043 a
852 1002 1033 1058 Syrmio,
1066 1007 1108 1042 et
1137 1002 1367 1056 repositum
1399 1007 1458 1040 est
1493 1000 1532 1039 in
1564 999 1724 1053 templo

262 1059 347 1100 eius
371 1060 410 1098 in
444 1059 674 1113 porticibus
703 1059 914 1102 Domnini.
971 1057 1214 1098 Timotheus
1242 1065 1381 1098 autem
1415 1057 1591 1097 Helurus
1621 1056 1727 1096 scri-

262 1122 335 1170 pta
364 1115 500 1170 magni
530 1115 674 1170 Cyrilli
717 1131 799 1155 non
838 1115 950 1156 edita
981 1115 1193 1168 reperiens
1233 1114 1274 1153 in
1306 1113 1444 1154 multis
1475 1113 1576 1153 locis
1606 1112 1726 1153 adul-

266 1172 446 1220 teravit,
485 1171 606 1211 sicuti
644 1172 791 1212 scribit
837 1172 984 1211 Petrus
1026 1169 1337 1211 Alexandrinus.
1401 1170 1591 1225 sequenti
1623 1184 1725 1210 vero

263 1243 370 1268 anno
403 1230 487 1268 Leo
521 1227 753 1280 imperator
781 1227 922 1282 iniqua
951 1227 1137 1267 Proterii
1166 1232 1304 1267 morte
1334 1232 1375 1267 et
1403 1226 1553 1267 iniusta
1581 1226 1726 1266 Heluri

263 1284 530 1338 promotione
570 1292 818 1338 comperta,
862 1284 1026 1324 mittens
1071 1283 1314 1324 Caesaream
1353 1283 1500 1337 linguis
1529 1282 1728 1323 mutilatis

263 1341 382 1381 exilio
413 1340 611 1394 relegavit
634 1355 703 1380 cos
736 1340 807 1395 qui
836 1340 1023 1380 Proterii
1058 1341 1148 1380 neci
1180 1340 1621 1380 communicaverant:
1651 1339 1727 1379 Ti-

259 1396 430 1436 motheo
461 1411 558 1435 vero
590 1396 758 1436 scelesto
790 1396 949 1436 adversi
979 1396 1034 1437 nil
1061 1396 1215 1448 intulit,
1243 1396 1444 1437 iudicium
1472 1396 1513 1436 in
1532 1411 1628 1436 eum
1662 1395 1729 1435 di-

260 1468 354 1493 cens
383 1453 539 1492 inferre
571 1453 824 1493 antistitibus
854 1453 1097 1494 convenire.
1159 1453 1230 1508 qui
1259 1453 1418 1494 litteras
1449 1451 1498 1493 ad
1533 1452 1729 1492 uniuscu-

262 1511 409 1564 iusque
435 1509 679 1562 provinciae
723 1510 833 1550 misit
866 1510 1110 1564 episcopos,
1145 1516 1193 1549 ut
1221 1511 1370 1564 singuli
1398 1510 1631 1550 scriberent
1651 1510 1728 1549 sibi

262 1566 488 1620 proprium
523 1580 709 1617 sensum,
754 1572 895 1607 utrum
926 1581 1033 1621 quae
1071 1567 1183 1621 apud
1215 1567 1523 1607 Chalcedonem
1553 1566 1729 1606 diffinita

263 1627 360 1661 sunt
387 1621 463 1662 sibi
493 1623 719 1676 placerent,
748 1629 790 1663 et
819 1637 946 1677 super
979 1623 1123 1664 Heluri
1149 1625 1364 1664 creatione
1393 1623 1495 1678 quid
1522 1623 1726 1664 dicerent.

136 1683 252 1729 p.173
267 1680 376 1718 inter
404 1692 507 1732 quos
550 1684 591 1718 ct
620 1679 659 1719 S.
687 1679 870 1719 Simeoni
898 1680 1063 1735 stylitae
1104 1686 1145 1720 et
1175 1679 1335 1720 Bardae
1363 1680 1571 1720 monacho
1603 1687 1730 1734 atque

265 1734 418 1774 Iacobo
442 1735 738 1775 miraculorum
766 1737 974 1790 patratori
1017 1737 1195 1791 scripsit,
1228 1743 1463 1777 contestans
1494 1744 1541 1778 ut
1574 1736 1631 1776 ita
1663 1737 1730 1776 iu·-

265 1790 419 1830 dicium
437 1792 819 1832 controversiarum
851 1793 1163 1847 depromerent,
1194 1800 1241 1834 ut
1260 1801 1392 1834 essent
1417 1794 1626 1834 rationem
1650 1793 1729 1833 deo

265 1852 515 1887 cunctorum
548 1846 716 1887 domino
747 1849 972 1890 reddituri.
1007 1851 1079 1905 qui
1108 1865 1248 1891 omnes
1268 1851 1524 1892 unanimiter
1557 1856 1600 1891 et
1630 1864 1732 1890 con-

264 1908 462 1943 sonanter
486 1911 526 1944 et
542 1904 914 1947 Chalcedonensem
942 1907 1149 1962 synodum
1177 1915 1362 1948 sanctam
1391 1922 1474 1948 esse
1503 1907 1730 1958 affirmant,

266 1964 309 1999 et
339 1960 565 2000 terminum
607 1962 658 2002 ab
702 1963 787 2016 ipsa
823 1962 1122 2018 depromptum
1161 1965 1416 2015 admittunt,
1460 1964 1731 2004 Timotheum

267 2022 408 2055 autem
427 2023 704 2058 consonanter
728 2020 961 2073 reprobant
989 2027 1191 2076 tanquam
1213 2021 1468 2062 homicidam
1496 2021 1659 2075 pariter
1690 2026 1731 2059 ct

266 2071 536 2113 haereticum.
594 2075 803 2129 satagebat
829 2083 967 2116 autem
1010 2084 1051 2118 et
1083 2078 1321 2119 Gennadius
1352 2077 1465 2132 apud
1495 2078 1731 2132 imperato-

266 2142 355 2168 rem
386 2143 470 2183 quo
504 2130 773 2172 ulcisceretur
800 2147 925 2186 super
950 2132 1012 2173 his
1046 2149 1153 2189 quae
1190 2141 1349 2176 temere
1376 2136 1546 2175 fuerant
1574 2148 1729 2189 perpe-

266 2190 410 2237 tratu3
441 2186 507 2225 cui
540 2200 561 2226 e
590 2187 752 2228 diverso
785 2189 1000 2231 resistebat
1030 2191 1163 2245 Asper
1187 2192 1376 2232 Arianus.
1432 2205 1567 2246 porro
1595 2191 1730 2245 impe-

266 2246 387 2281 rator
416 2242 506 2295 pius
539 2243 741 2283 Helurum
782 2246 949 2299 quidem
978 2246 1088 2300 apud
1130 2251 1317 2303 Gangras
1345 2247 1467 2289 exilio
1503 2247 1729 2302 relegavit:

266 2297 354 2350 ipse
383 2312 483 2338 vero
515 2305 555 2338 et
585 2300 667 2339 illic
686 2301 825 2355 coepit
853 2304 1142 2343 conventicula
1172 2320 1430 2360 congregare
1447 2306 1730 2345 turbationes-

267 2368 349 2417 que
378 2360 563 2408 patrare,
594 2371 692 2411 quas
720 2359 977 2411 comperiens
1008 2360 1241 2414 imperator
1271 2377 1414 2403 rursus
1443 2377 1539 2403 eum
1570 2361 1612 2401 in
1643 2361 1729 2401 exi-

267 2410 366 2449 lium
395 2411 506 2450 misit
535 2413 645 2466 apud
676 2413 955 2467 Chersonam,
987 2422 1027 2457 et
1062 2425 1323 2458 consecratus
1354 2426 1414 2460 est
1445 2433 1525 2473 pro
1564 2432 1614 2458 eo
1640 2418 1731 2471 epi-

265 2479 411 2519 scopus
442 2468 712 2509 Alexandriae
740 2471 981 2513 Timotheus
1011 2473 1111 2514 alius
1141 2483 1420 2528 cognomento
1452 2478 1627 2526 Leucos‚
1656 2473 1737 2529 qui⁴

267 2524 647 2586 etoSalophacialus
683 2535 963 2581 nuncupatur,
999 2531 1067 2569 vir
1096 2531 1356 2572 orthodoxus
1390 2538 1432 2572 et
1457 2533 1593 2572 bonus
1626 2546 1732 2571 cun-

87 2580 207 2627 p.174
231 2583 425 2634 4ct1sque
458 2596 630 2633 prorsus
659 2583 857 2624 amabilis.
914 2585 1072 2626 interea
1100 2594 1213 2627 vasto
1262 2589 1455 2630 incendio
1487 2587 1730 2629 Constanti-

267 2635 412 2689 nopoli
442 2638 565 2691 facto,
594 2639 826 2679 Marcianus
871 2655 1122 2683 oeconomus
1159 2646 1382 2687 ascendens
1415 2660 1542 2699 super
1573 2644 1729 2699 tegulas

263 2690 309 2731 S.
339 2694 585 2746 Anastasiae,
614 2701 757 2736 tenens
787 2699 1055 2752 evangelium,
1101 2702 1360 2743 orationibus
1392 2708 1433 2743 et
1464 2702 1642 2742 lacrimis
1676 2700 1730 2740 il-

263 2746 412 2812 laesam
441 2750 609 2790 domum
643 2753 837 2793 servavit.
897 2757 1083 2809 sequenti
1116 2773 1226 2798 anno
1258 2773 1354 2799 cum
1387 2760 1529 2814 pictor
1561 2757 1729 2813 quidam

262 2818 434 2859 pingere
463 2808 712 2850 salvatorem
746 2810 973 2852 secundum
1014 2812 1323 2857 similitudinem
1370 2816 1477 2857 lovis
1507 2830 1728 2871 praesum-
