1728 3184
703 197 908 242 NOTAE.
1438 198 1532 244 331

69 315 166 356 nico
202 328 359 355 anuum
402 313 666 356 Constantini
719 313 771 354 27
816 313 1016 368 assignat,
1068 330 1194 370 quem
1235 315 1428 357 petavius
1473 331 1540 357 se-

98 372 226 411 uitur.

67 387 96 427 q
177 422 246 477 41,
275 426 314 470 1.
371 425 429 482 τῷ
460 425 501 466 δ’
527 426 642 481 αὕτῷ
674 422 841 482 χρόνῳ]
874 427 915 466 in
946 441 1100 466 annum
1125 427 1392 481 superiorem
1420 429 1538 469 Con-

64 483 251 534 stantini,
279 482 479 526 nimirum
506 484 574 537 21,
608 483 874 537 Helenopolis
919 483 1138 524 conditum
1167 485 1299 525 refert
1326 485 1543 541 Hierony-

68 555 187 590 mus,
218 553 266 581 ex
295 554 382 594 quo
411 538 464 579 ad
491 539 667 581 verbum
698 539 802 580 haec
833 539 1050 594 perioche.
1107 545 1151 579 at
1177 540 1210 580 si
1239 541 1380 594 primo
1410 557 1539 595 supra

66 595 305 637 vicesimum
331 602 516 637 sanctam
547 610 715 637 crucem
747 596 1020 652 conquisivit,
1051 602 1094 636 et
1123 602 1305 636 mortem
1334 598 1537 652 oppetiit;

64 652 171 693 filius
198 667 303 693 vero
331 651 638 708 consignandae
661 652 767 694 illius
796 653 910 707 apud
931 659 1123 707 posteros
1144 653 1387 704 memoriae,
1410 660 1539 708 prout

67 709 226 750 indicat
239 710 493 750 sozomenus
526 709 639 749 lib.2
670 710 797 763 cap.1
829 709 881 750 ad
912 710 1080 761 calcem,
1110 709 1403 764 Helenopolim
1433 711 1539 750 illius

67 766 236 806 nomine
264 765 470 817 excitavit,
502 772 599 806 ante
621 772 879 820 praesentem
900 781 1055 805 annum
1086 766 1200 805 urbis
1230 781 1335 820 opus
1367 767 1536 821 aggredi

66 822 238 862 minime
268 822 434 876 potuit:
480 823 655 863 maxime
698 837 795 863 cum
836 822 990 863 Helena
1036 822 1335 876 Hierosolymis
1376 823 1540 863 rediens

65 880 290 932 Drepanae
310 879 484 919 Luciani
511 880 706 935 martyris
725 878 991 934 sepulchrum
1012 894 1169 920 ornare
1197 878 1405 934 coeperit,
1433 894 1541 934 quae

65 949 128 975 res
154 934 285 975 filium
312 934 470 986 movit,
514 942 562 976 ut
592 942 786 977 mortuae
824 937 968 976 matris
996 936 1197 989 pietatem
1226 950 1275 976 ac
1305 950 1457 976 nomen
1488 950 1539 975 eo

63 990 158 1032 loco
190 992 519 1036 commendaret.
548 992 659 1032 favet
689 992 921 1033 chronicon
951 993 1150 1032 Alexand.
1172 992 1225 1032 ad
1255 1008 1409 1032 annum
1426 992 1539 1031 Con-

59 1047 232 1089 stantini
257 1047 324 1088 22.
384 1047 582 1089 videndus
612 1050 813 1090 Baronius
844 1065 910 1089 an.
947 1049 985 1087 d.
1015 1047 1098 1089 396
1127 1064 1242 1088 num.
1275 1048 1328 1088 57
1361 1056 1404 1090 et
1427 1049 1494 1089 58.

169 1119 285 1163 Ibid.
315 1116 359 1162 4.
414 1117 647 1173 ὄκτάγωνον
686 1117 904 1176 κυριακόιν]
973 1116 1020 1161 ἐν
1061 1117 1292 1173 ὀκταέδρου
1325 1117 1539 1167 συνεστώς

60 1170 264 1228 σχήματι,
298 1174 427 1224 οἴκοις
455 1191 499 1217 τε
543 1175 759 1231 πλείοσιν,
793 1177 984 1229 ἐξέδραις
1011 1190 1054 1217 τε
1097 1177 1143 1217 ἐν
1170 1177 1307 1233 κύκλῳ
1331 1175 1540 1230 &nequam

60 1245 107 1271 τε
133 1229 208 1272 καί
232 1234 465 1286 καταγείων
493 1232 760 1287 χωρημάτων
781 1234 1213 1285 περιεστοιχισμένον.
1257 1234 1459 1274 Eusebius
1489 1233 1540 1274 de

66 1288 150 1327 vita
180 1290 325 1330 Const.
356 1305 446 1344 cap.
476 1288 530 1330 49
561 1292 676 1330 cuius
705 1291 924 1344 interpres.
980 1290 1040 1330 ad
1065 1292 1239 1344 speciem
1270 1292 1366 1330 solii
1390 1301 1538 1331 octan-

59 1344 216 1398 gularis
233 1343 514 1398 fabricatum,
547 1348 681 1386 multis
705 1348 930 1395 aediculis,
963 1346 1203 1403 exedris-que
1233 1347 1412 1396 undique
1439 1361 1538 1386 con-

62 1403 239 1452 structis,
269 1403 541 1458 compluribus
569 1404 669 1443 item
697 1404 894 1443 tabulatis
921 1418 1040 1456 supet·
1064 1412 1221 1443 terram
1253 1403 1539 1444 eminentibus.-

61 1455 235 1514 denique
244 1459 486 1510 fhrm'cibus
512 1459 647 1499 subter
682 1460 851 1499 eandem
881 1460 1059 1509 abditis,
1087 1474 1144 1499 ex
1171 1461 1284 1500 omni
1305 1469 1432 1515 parte
1458 1461 1540 1498 cir-

60 1515 425 1570 cumseptumsuit.
502 1515 542 1554 in
572 1531 726 1555 annum
764 1516 954 1570 priorem
988 1515 1069 1555 hoc
1098 1516 1334 1556 aedificium
1367 1521 1540 1556 revocat

63 1570 374 1626 Hieronymus,
414 1571 469 1611 ob
510 1572 719 1612 rationem
762 1579 861 1612 nota
901 1572 1110 1626 superiori
1150 1573 1345 1627 positam.
1422 1571 1539 1627 quod

60 1641 195 1680 porro
237 1627 310 1667 uni
351 1642 494 1668 rerum
524 1630 712 1669 omnium
756 1628 927 1669 domino
961 1628 1183 1669 Christiani
1211 1629 1434 1677 servirent,
1466 1643 1538 1668 sua

60 1683 213 1736 templa
246 1682 446 1736 κυριακοέ,
470 1685 675 1725 dominica
706 1686 757 1726 ab
780 1685 899 1725 initio
930 1699 1099 1727 vocasse
1115 1686 1318 1727 Eusebius
1347 1691 1456 1728 orat.
1487 1683 1539 1726 de

60 1739 253 1781 laudibus
284 1741 504 1782 Constant.
533 1742 609 1783 sub
641 1743 765 1783 finem
796 1747 945 1783 auctor
976 1747 1050 1785 est.

170 1813 284 1854 Ibid.
315 1811 383 1854 16.
456 1810 530 1855 τὸν
563 1815 784 1867 Λανοῦβιν
823 1811 1031 1870 περάσας]
1076 1814 1311 1855 chronicon
1337 1812 1538 1855 Alexand.

58 1867 112 1908 ad
139 1884 295 1910 annum
324 1870 533 1925 priorem.
575 1872 895 1919 Kmvotavri'voc
934 1868 957 1910 ὅ
998 1868 1177 1924 εὐσεβὴς
1216 1867 1290 1912 τὸν
1325 1869 1540 1922 Δανοῦβιν

61 1922 306 1974 πλειστάκις
332 1927 549 1982 ἐπέρασεν.
582 1928 658 1968 καί
685 1927 882 1983 γέφυραν
919 1926 963 1968 ἐν
995 1927 1108 1984 αὐτῷ
1139 1926 1307 1981 λιθίνην
1331 1926 1539 1981 ἐποίησεν.

61 1982 275 2022 absolutus
304 1983 434 2038 igitur
461 1984 544 2024 hoc
576 1999 686 2026 anno
708 1999 830 2040 pons,
862 1984 936 2040 qui
963 1984 1115 2040 priore
1144 1999 1192 2025 ex
1218 1983 1410 2026 chronici
1439 1998 1540 2024 ver-

54 2039 117 2078 his
147 2037 358 2080 aedificari
393 2048 586 2095 coeptus.

169 2111 275 2152 Ibid.
306 2111 374 2153 20.
438 2112 592 2164 κτίζων
617 2115 939 2162 Κωνσταντῖνος
968 2110 992 2154 ὅ
1034 2111 1226 2169 εὐσεβής]
1266 2112 1383 2169 quod
1408 2126 1536 2166 supra

59 2168 308 2219 notavimus,
346 2169 427 2213 CP.
457 2171 573 2211 urbis
612 2172 805 2212 conditus
845 2171 898 2211 ab
922 2172 1009 2211 eius
1039 2170 1305 2211 dedicatione
1336 2169 1537 2209 dirimen-

57 2224 145 2264 dus.
207 2224 275 2265 ille
305 2226 498 2267 confecta
530 2228 693 2282 synodo
723 2228 917 2278 Nicaena,
945 2228 1049 2268 haec
1070 2228 1183 2282 apud
1215 2227 1534 2280 Hieronymum,

53 2281 168 2321 velut
194 2281 261 2322 hic
299 2282 411 2336 apud
454 2290 701 2331 auctorem,
736 2300 845 2325 anno
878 2284 1142 2325 Constantini
1181 2283 1235 2324 25
1278 2283 1530 2331 celebratur,

53 2338 194 2378 verbis
236 2339 415 2379 eundem
453 2340 773 2381 illustrantibus.
847 2340 934 2381 GP.
965 2341 1180 2382 dedicatur
1213 2354 1322 2396 pene
1350 2339 1532 2378 omnium

53 2394 211 2434 urbium
241 2394 445 2438 nuditate.
476 2397 670 2438 conditus
700 2405 741 2438 et
774 2396 1047 2439 dedicationis
1076 2397 1197 2439 simul
1224 2396 1415 2436 chronic.
1433 2393 1541 2441 Ale.

52 2450 174 2494 xand.
206 2452 395 2492 meminit
437 2451 489 2492 ad
516 2462 778 2507 praesentem
807 2469 977 2498 annum.

163 2518 302 2574 424.
375 2523 451 2565 καί
487 2519 719 2579 σύγκλητον
746 2523 878 2579 ἔχειν]
918 2526 1126 2567 Baronius
1159 2524 1211 2564 ad
1252 2539 1318 2563 an.
1362 2520 1405 2562 d.
1450 2520 1534 2562 330

57 2580 129 2633 qni
162 2580 240 2634 ipsi
274 2581 539 2621 Constantini
568 2582 619 2622 25
655 2598 770 2623 num.
802 2583 870 2627 27.
927 2590 1080 2624 auctor
1101 2595 1274 2637 quoque
1302 2578 1464 2620 dissert.
1491 2578 1534 2619 in

55 2635 312 2677 Photianum
341 2637 673 2693 Philostorgium
709 2639 762 2680 ad
789 2654 882 2695 cap.
916 2638 942 2681 9
970 2640 1041 2682 lib.
1070 2639 1108 2678 2.

165 2710 273 2753 Ibid.
290 2710 329 2750 2.
386 2709 546 2764 στήσας
573 2710 650 2752 καί
670 2713 924 2768 πορφυροῦν
954 2712 1091 2764 κίονα]
1126 2710 1177 2750 de
1201 2708 1397 2749 columna
1426 2721 1536 2761 por-

55 2763 277 2818 phyretica
292 2797 305 2818 ,
336 2772 380 2807 et
411 2768 676 2809 Constantini
703 2769 1028 2824 superimposita
1053 2773 1190 2808 statua
1221 2766 1310 2806 fuse
1340 2765 1535 2815 Zonaras,

54 2820 284 2874 Cedrenus,
313 2823 587 2878 Nicephorus,
616 2825 723 2880 orig.
753 2826 835 2870 ΟΡ.
866 2832 908 2867 et
937 2825 1021 2865 alii.
