1728 3184
687 181 889 222 NOTAE.
1417 178 1511 224 321

159 299 240 350 27,
272 300 315 342 1.
383 300 576 340 Petavius
615 299 725 339 notis
772 300 824 340 ad
869 299 1106 341 orationem
1150 301 1298 342 Iuliani
1326 301 1519 356 primam.

49 356 315 408 Constantius,
346 357 496 412 inquit,
530 357 730 396 Helenam
761 357 966 409 coniugem
985 359 1123 410 primo
1147 358 1295 407 habuit,
1322 367 1522 414 natusque

45 429 102 453 ar
126 427 180 454 ea
200 414 488 454 Constantinus.
514 442 517 445 -
538 422 647 467 post,
676 413 892 468 repudiata
925 412 1107 463 Helena,
1143 413 1398 454 Theodoram
1418 415 1521 454 Ma-

47 471 232 510 ximiani
259 469 449 509 Herculii
484 470 723 524 privignam
760 468 909 518 άιικίι,
937 482 995 507 ex
1023 483 1105 523 qua
1131 470 1220 508 nati
1251 470 1522 520 Conslandus,

48 525 335 576 Ηαηιιὶῠαὶὶω,
363 535 404 565 et
430 525 678 565 Constantia.
737 524 963 564 Constantii
1003 524 1127 564 liberi
1151 525 1230 564 duo
1241 527 1383 575 suere,
1417 527 1522 565 Gal-

47 583 108 621 lus
134 590 172 621 et
203 581 420 622 Iulianus:
449 581 702 621 Hannibalii
724 593 822 619 vero
854 580 1111 623 Dalmatius.
1181 580 1418 621 Constantia
1449 581 1522 620 Li.

46 639 158 684 οἰηίο
189 639 339 692 nupsit.
409 637 660 677 Constantini
683 649 741 676 ex
772 636 1010 676 Miner-vina
1044 637 1184 689 prima
1224 639 1391 690 coniuge
1400 637 1524 692 filius

48 695 188 734 extitit
225 695 403 749 Crispus.
428 707 486 733 ex
502 693 652 732 Fausta
684 691 982 742 Constantimcs,
1015 691 1523 745 Constantius,fConsta1zs‚

50 749 289 790 Constantia
314 763 423 805 quae
441 749 604 789 Licinio
631 749 775 803 nupsit,
810 751 932 802 (quae
961 748 1089 788 verba
1108 754 1312 803 quattuor
1340 764 1365 789 a
1395 755 1524 804 typo„

52 805 216 861 grapho
243 820 471 861 perperam
497 804 652 855 addita)
680 814 720 844 et
747 804 910 844 Helena
938 804 1097 844 Iuliani
1126 820 1245 847 uxor.

158 889 269 930 Ibid.
324 889 582 943 Pomponius
600 890 750 929 Laetus
780 895 986 943 quattuor
1016 893 1180 928 tantum
1209 895 1395 929 recenset
1413 889 1526 928 Con·

52 945 192 986 stantii
221 945 356 996 filios,
397 946 740 996 Constantinum,
786 944 1115 996 Anaballianum‚
1146 945 1447 997 Constantium,
1478 959 1526 985 ac

53 1001 361 1043 Constantiam.

165 1073 279 1114 Ibid.
336 1075 540 1129 Etr-opius
569 1072 682 1114 1ib.9
714 1072 961 1114 Constantio
992 1072 1146 1113 liberos
1171 1074 1323 1114 tribuit
1353 1081 1526 1129 septem,

51 1129 263 1186 soliusque
293 1130 559 1171 Constantini
601 1145 753 1170 nomen
780 1130 962 1183 profert.
1035 1130 1301 1181 Constantius,
1334 1131 1406 1182 ait,
1429 1133 1526 1186 pri-

51 1189 221 1240 vignam
253 1186 445 1227 Herculii
476 1187 727 1226 Theodoram
757 1187 925 1242 accepit,
964 1200 1020 1226 ex
1047 1201 1127 1242 qua
1148 1196 1296 1242 postea
1323 1201 1402 1227 sex
1428 1188 1528 1227 libe-

51 1257 120 1283 ros
153 1243 403 1284 Constantini
411 1245 574 1294 fiacr-es
603 1243 754 1283 habuit.

165 1315 279 1356 Ibid.
339 1316 419 1355 Alii
450 1316 709 1355 Dalmatiam
737 1315 939 1355 Dalmatii
973 1314 1149 1354 iunioris
1179 1321 1413 1369 parentem,
1443 1330 1529 1355 non

57 1371 319 1412 Constantini
350 1373 548 1422 fratrem,
591 1387 736 1412 verum
769 1387 815 1412 ex
847 1372 980 1411 fratre
1009 1372 1254 1411 Constantio
1284 1371 1402 1411 simul
1434 1385 1529 1410 cum

55 1428 179 1468 Gallo
209 1433 252 1468 et
283 1429 441 1468 Iuliano
475 1429 692 1468 desertore
722 1434 918 1481 nepotem
949 1428 1121 1478 faciunt,
1153 1429 1301 1482 quihus
1331 1426 1531 1468 Anastasii

57 1484 182 1524 lectio
212 1485 334 1524 favet.
394 1485 461 1524 alii
495 1484 812 1524 Anaballianum
837 1499 932 1523 cum
964 1484 1084 1523 Gallo
1114 1483 1391 1533 confundunt,
1425 1498 1529 1538 quos

52 1545 250 1595 separant
280 1539 365 1589 alii,
401 1546 444 1580 et
474 1541 658 1580 diversos
689 1541 858 1580 faciunt.
890 1539 990 1579 haec
1021 1541 1208 1580 retulisse
1243 1554 1398 1594 operae
1426 1554 1530 1594 pre-

53 1597 161 1638 tium
178 1596 368 1694 gleftorli)
394 1598 580 1638 facturus
617 1596 806 1637 sufficiat.
876 1595 1121 1637 recolendus
1160 1611 1331 1651 quoque
1379 1602 1530 1636 auctor

54 1667 150 1709 pag.
251 1653 299 1693 it.
373 1682 386 1693 .

169 1736 278 1778 Ibid.
298 1735 338 1778 9.
396 1734 615 1792 Κρίσπον]
647 1751 771 1792 quem
803 1735 1106 1777 historicorum
1132 1736 1275 1790 vulgus
1306 1751 1351 1775 ex
1382 1735 1530 1790 pellice

56 1793 294 1834 Minerviua
324 1800 466 1834 natum
499 1794 717 1845 existimat,
745 1793 985 1847 inculpatae
1006 1793 1267 1833 Constantini
1296 1793 1407 1832 vitae
1437 1806 1533 1832 cum

57 1849 227 1890 Graecis
257 1850 566 1890 recentioribus
596 1856 747 1891 auctor
778 1850 1068 1901 consulturus,
1097 1863 1144 1890 ex
1169 1849 1355 1905 legitimo
1383 1847 1532 1889 coniu-

59 1905 128 1962 gio
157 1911 395 1961 susceptum
422 1906 559 1961 ponit.

171 1989 241 2042 28,
274 1991 310 2031 1.
365 1986 475 2043 ὄραῖν
496 1990 821 2038 Κωνσταντΐνος
841 1987 864 2030 ὅ
895 1987 1091 2042 εὕσεβὴς]
1119 2004 1228 2030 anno
1259 1988 1422 2029 decimo
1452 2002 1533 2028 no..

62 2061 116 2087 no
131 2046 339 2086 Licinium
366 2047 641 2102 profligatum
660 2048 848 2088 funditus
879 2047 944 2087 vel
966 2048 1194 2087 extinctum
1215 2046 1368 2086 merito
1390 2044 1534 2085 Theo-

58 2103 217 2157 phanes
246 2104 401 2153 asserit,
430 2110 526 2144 ante
555 2104 817 2144 Constantini
847 2103 1039 2144 videlicet
1067 2109 1248 2143 mortem
1279 2102 1393 2141 annis
1424 2102 1533 2140 inte-

60 2160 144 2213 gris
175 2159 398 2200 tredecim:
430 2160 485 2199 ita
514 2159 747 2200 chronicon
791 2160 1132 2202 Alexandrinum.
1202 2161 1314 2199 favet
1342 2157 1533 2198 Aurelius

61 2216 216 2256 Victor
245 2215 326 2256 suis
366 2216 549 2264 calculis,
579 2230 700 2266 anno,
728 2217 932 2271 inquiens,
967 2218 1137 2270 imperii
1163 2217 1365 2269 trigesimo
1391 2227 1535 2253 secun-

59 2271 216 2328 doque,
258 2272 304 2322 (is
345 2277 405 2312 est
434 2272 545 2327 apud
574 2279 791 2314 auctorem
831 2272 999 2327 imperii
1033 2271 1296 2312 Constantini
1325 2272 1535 2318 numerus)

61 2342 153 2367 cum
179 2337 303 2368 totum
331 2329 466 2368 orbem
498 2327 687 2383 (sublatis
731 2330 924 2370 omnibus
955 2330 1160 2383 tyrannis)
1194 2328 1315 2368 annis
1342 2325 1534 2364 tredecim

62 2385 260 2436 tenuisset,
288 2386 465 2425 excessit.
523 2384 634 2425 haud
663 2385 758 2425 satis
791 2391 949 2426 attenta
964 2385 1149 2426 Victoris
1177 2382 1402 2423 auctoritas
1417 2380 1536 2420 Pon..

65 2446 205 2481 tacum
231 2439 403 2496 reliquit
420 2447 635 2481 errantem
663 2441 715 2481 ad
746 2448 834 2482 not.
863 2442 1033 2483 calcem.

177 2521 244 2574 29,
273 2524 311 2564 2.
370 2522 437 2564 διὸ
468 2524 544 2564 καί
570 2523 770 2576 κυριακά]
805 2524 950 2566 eadem
972 2524 1120 2565 chron.
1149 2519 1341 2562 Alexand.
1372 2518 1424 2559 ad
1452 2532 1537 2574 po..

64 2579 262 2621 sterion-es
297 2595 436 2621 annos*
456 2581 690 2621 remittitur
731 2581 933 2636 perioche
973 2581 1075 2622 haec
1113 2580 1165 2619 ab
1204 2577 1462 2632 Hieronymo
1491 2574 1537 2615 in

30 2687 37 2691 .
66 2635 269 2678 chronico
301 2636 354 2677 ad
384 2637 647 2677 Constantini
677 2652 833 2679 annum
860 2639 930 2679 22.

178 2720 288 2761 [bid.
306 2721 345 2761 5.
406 2722 630 2774 Μαρτῖνος
649 2720 816 2776 ἐσφάγη
833 2716 1113 2775 τυραννήσας]
1146 2716 1197 2757 ad
1218 2715 1440 2770 imperium
1471 2715 1539 2755 ni-

68 2777 222 2817 mirum
258 2792 280 2817 a
309 2778 472 2818 Licinio
500 2778 575 2818 sub
605 2784 830 2819 extremam
864 2778 1024 2819 cladem
1054 2791 1076 2815 a
1107 2773 1268 2814 Licinio
1297 2778 1536 2826 cooptatus.

206 2860 444 2908 Theophanes
468 2863 517 2896 11.
1232 2856 1277 2889 21
