1768 3268
235 219 326 266 188
442 222 722 265 ANASTASH
764 223 1022 266 HlS‘l'ORlA
1063 220 1471 265 ECCLESIASTICA

337 342 455 379 Anno
495 338 661 393 imperii
701 339 910 379 Iustiniani
959 338 1117 378 decimo
1162 337 1289 377 aciem
1320 333 1471 375 direxit
1496 334 1687 374 Muamed

228 395 418 435 adversus
449 400 642 450 quartam
679 397 941 446 Armeniam,
980 402 1022 435 et
1067 392 1284 447 captivatis
1321 391 1459 431 multis
1501 405 1688 431 reversus

226 457 299 490 est.
358 450 505 491 eodem
543 465 712 506 quoque
749 465 857 490 anno
892 451 1132 491 Iustinianus
1170 449 1219 487 ab
1252 448 1429 501 imperio
1459 447 1596 500 pulsus
1627 454 1688 487 est

228 508 306 546 hoc
334 506 475 547 modo.
505 506 619 546 iussit
649 507 859 561 Stephano
889 506 1068 560 patricio
1102 511 1142 545 et
1168 504 1374 558 praetori,
1406 509 1688 556 cognomento

98 569 214 613 p.564
229 563 363 613 Rufio,
397 569 526 603 noctu
556 563 792 604 interficere
836 563 977 617 vulgus
1009 560 1528 613 Constantinopolitanum,
1562 575 1582 599 a
1612 574 1690 613 pa-

227 619 410 659 triarcha
454 619 718 662 inchoaturo.
790 619 984 659 Leontius
1027 632 1129 657 vero
1168 617 1366 670 patricius
1406 622 1446 656 et
1479 615 1689 671 quondam

227 676 423 730 magister
448 675 625 715 militum
655 675 956 724 Orientalium,
988 674 1059 729 qui
1091 673 1131 712 in
1156 672 1271 712 bellis
1298 686 1420 725 saepe
1451 672 1688 726 probabili-

229 738 296 771 ter
326 738 504 786 gesserat
532 737 574 772 et
604 738 687 772 tres
718 732 757 771 in
797 731 981 771 custodia
1013 734 1270 782 transegerat
1303 743 1443 779 annos,
1475 735 1688 768 accusatus

226 788 430 842 extemplo
474 794 690 828 revocatus
736 793 777 827 et
804 793 978 840 praetor
1005 785 1180 826 Helladis
1213 791 1434 839 promotus
1461 791 1534 834 est,
1563 788 1690 824 iussus

227 850 364 884 autem
403 849 462 885 est
500 845 541 883 in
574 851 655 884 tres
695 843 860 884 immitti
890 844 1112 883 dromones
1155 841 1382 897 eademque
1410 840 1477 881 die
1503 841 1553 881 ab
1584 841 1690 882 urbe

225 900 396 940 moveri.
427 906 550 940 nocte
580 914 681 939 vero
707 915 830 953 penes
859 899 1121 939 Iulianesium
1149 905 1325 952 portum
1356 896 1551 952 Sophiae,
1581 898 1693 937 iuxta

226 971 273 996 ea
302 971 407 1010 quae
429 957 624 996 dicuntur
641 956 774 996 Mauri
794 957 929 1008 situm,
957 955 1005 994 ad
1024 956 1104 995 iter
1132 954 1337 1009 agendum
1359 955 1409 994 ab
1429 954 1534 994 urbe
1552 960 1690 993 motus

225 1013 402 1052 statione
427 1013 504 1052 fixa
546 1012 635 1052 vale
665 1012 828 1052 dicebat
859 1012 1014 1063 amicis,
1045 1011 1118 1067 qui
1140 1010 1191 1050 ad
1218 1025 1259 1051 se
1287 1011 1520 1051 veniebant.
1579 1009 1691 1050 inter

226 1082 328 1123 quos
358 1069 409 1108 ad
439 1083 532 1109 eum
550 1083 702 1108 venere
720 1068 904 1122 germani
922 1082 1091 1123 quoque
1111 1066 1268 1107 sodales
1298 1067 1395 1117 eius,
1410 1066 1562 1107 Paulus
1580 1065 1690 1106 scili-

225 1131 290 1164 cet
317 1124 539 1165 monachus
564 1124 796 1175 callistrati,
828 1124 960 1179 quiet
989 1130 1264 1170 astronomus,
1296 1129 1338 1164 et
1357 1123 1562 1178 Georgius
1579 1122 1690 1176 Cap-

224 1180 372 1233 padox,
389 1181 460 1235 qui
485 1187 526 1220 et
560 1180 803 1220 clusiarches
835 1180 1040 1233 extiterat,
1070 1179 1220 1221 deinde
1239 1180 1467 1220 monachus
1487 1181 1619 1219 factus
1652 1184 1694 1219 et

224 1237 471 1290 hegumenus
501 1237 631 1287 Flori,
667 1237 738 1291 qui
766 1237 806 1277 in
837 1237 1026 1277 custodia
1049 1236 1309 1292 frequentius
1340 1236 1455 1276 illum
1483 1235 1694 1276 visitantes

224 1293 481 1333 affirmabant
511 1307 604 1333 eum
634 1292 930 1348 imperatorem
948 1296 1237 1334 Romanorum
1267 1294 1471 1334 futurum.
1516 1298 1559 1332 at
1587 1305 1691 1332 vero

222 1349 415 1388 Leontius
445 1349 546 1389 dixit
572 1348 623 1389 ad
651 1364 718 1390 eos
749 1353 850 1390 “vos
883 1357 1045 1391 certum
1074 1350 1114 1390 iu
1136 1350 1325 1391 custodia
1353 1364 1481 1404 super
1508 1347 1689 1402 imperio

221 1419 286 1445 me
315 1405 476 1457 fecistis,
512 1410 553 1445 et
591 1420 701 1446 nune
745 1406 829 1446 vita
862 1421 955 1446 mea
986 1408 1028 1446 in
1057 1406 1173 1446 malis
1214 1407 1391 1456 finitur,
1423 1404 1693 1460 postmodum

223 1461 378 1516 quippe
410 1476 544 1502 meam
590 1476 664 1502 ero
706 1476 784 1516 per
823 1463 998 1518 singulas
1029 1463 1153 1504 horas
1181 1462 1438 1518 praestolans
1471 1462 1692 1502 mortem.'’

225 1517 294 1571 qui
327 1517 517 1558 dixerunt
546 1517 659 1572 “ipse
691 1533 742 1559 ne
769 1519 994 1574 pigriteris,
1024 1527 1065 1561 et
1084 1518 1169 1560 hoe
1197 1520 1391 1574 protinus
1426 1517 1692 1573 adimpletur.

96 1573 319 1624 p.565audi
347 1588 420 1613 nos
447 1580 633 1625 tantum,
676 1581 718 1616 et
754 1590 926 1631 sequere
969 1578 1087 1616 nos.'’
1160 1582 1203 1617 et
1245 1575 1462 1630 assumptis
1495 1574 1692 1615 Leontius

222 1629 455 1670 hominibus
483 1631 576 1682 suis,
607 1637 649 1671 et
677 1632 799 1671 armis
832 1639 1047 1688 quotquot
1088 1632 1249 1683 habuit,
1282 1631 1464 1673 ascendit
1494 1632 1535 1671 in
1561 1645 1693 1685 prae-

223 1686 380 1727 torium
407 1686 568 1727 silentio
599 1689 752 1736 mult03
784 1694 825 1729 et
849 1690 1058 1743 pulsantes
1087 1696 1259 1743 portam
1288 1689 1588 1744 imperatorem
1619 1701 1694 1727 ve-

226 1742 326 1783 nisse
355 1743 562 1797 fingebant
590 1743 641 1784 ad
670 1743 945 1800 disponendos
967 1746 1183 1801 quosdam,
1215 1745 1289 1802 qui
1320 1746 1403 1786 illic
1434 1759 1519 1786 esse
1547 1757 1694 1784 nosce-

227 1804 386 1838 rentur.
451 1814 630 1854 cumque
665 1800 747 1841 hoc
776 1803 1014 1843 nuntiatum
1057 1803 1198 1843 fuisset
1225 1803 1455 1857 praefectO,
1489 1801 1563 1856 qui
1593 1805 1694 1840 tunc

226 1861 330 1905 crat,
357 1861 399 1895 et
427 1855 494 1896 ille
530 1856 693 1897 concite
738 1858 912 1899 venisset
957 1866 998 1900 et
1025 1865 1170 1914 portas
1200 1859 1441 1913 aperuisset,
1470 1857 1639 1912 capitur
1670 1871 1694 1895 a

226 1912 425 1962 Leontio,
468 1919 509 1953 et
537 1913 660 1968 alapis
691 1929 826 1954 caesus
866 1916 1020 1970 ligatur
1048 1930 1190 1956 manus
1221 1923 1262 1956 et
1291 1916 1430 1970 pedeS.
1489 1915 1694 1968 ingressus

228 1973 363 2020 autem
392 1969 613 2020 Leontius,
657 1976 697 2011 et
728 1973 965 2012 carceribus
1006 1973 1209 2023 reseratis,
1238 1972 1467 2027 solutisque
1494 1971 1593 2011 viris
1623 1984 1697 2010 re-

227 2023 348 2063 trusis
378 2025 514 2065 multis
535 2033 577 2066 et
605 2026 813 2077 fortibus,
859 2028 932 2081 qui
969 2043 1036 2070 sex
1079 2035 1121 2070 et
1163 2034 1262 2070 octo
1306 2030 1420 2069 annis
1449 2029 1491 2068 in
1522 2025 1696 2067 vinculis

227 2080 406 2130 fuerant,
439 2096 619 2135 quorum
648 2083 786 2136 plures
815 2085 962 2126 milites
997 2092 1130 2137 erant,
1160 2085 1237 2125 hos
1268 2085 1459 2136 armavit,
1487 2089 1529 2124 et
1557 2083 1599 2123 in
1629 2083 1697 2122 fo-

229 2150 323 2175 rum
353 2136 478 2177 exivit
508 2153 600 2179 cum
632 2139 686 2179 eis
713 2140 890 2181 clamans
922 2146 1166 2198 “quotquot
1197 2141 1435 2194 Christiani,
1465 2141 1517 2181 ad
1539 2141 1580 2179 S.
1613 2141 1698 2180 So-

228 2191 410 2246 phiam.’'
467 2200 509 2234 et
536 2196 702 2235 mittens
730 2211 808 2251 per
848 2212 1012 2239 omnem
1042 2200 1256 2254 regionem
1283 2213 1390 2238 voce
1418 2213 1489 2237 sua
1518 2197 1698 2236 clamare

228 2249 460 2304 praecepit.
531 2252 754 2293 multitudo
796 2269 897 2294 vero
932 2255 1108 2296 civitatis
1137 2256 1390 2297 tumultuata
1418 2253 1613 2295 celeriter
1644 2250 1698 2292 ad

230 2304 406 2345 luterem
451 2307 643 2348 ecclesiae
683 2317 931 2366 congregata
983 2318 1054 2353 est.
1122 2312 1210 2367 ipse
1250 2325 1352 2353 vero
1397 2325 1492 2351 eum
1533 2309 1696 2349 duobus

230 2362 442 2402 monachis
476 2365 614 2404 amicis
654 2365 732 2405 suis
764 2374 804 2407 et
836 2368 1085 2423 quibusdam
1118 2384 1165 2410 ex
1195 2367 1445 2409 clarioribus
1476 2366 1588 2415 viris,
1624 2364 1698 2420 qui

232 2431 277 2456 ex
307 2418 491 2459 custodia
539 2427 633 2460 sunt
672 2423 844 2476 egressi,
877 2425 1182 2478 patriarchium
1211 2424 1394 2466 ascendit
1426 2423 1478 2464 ad
1510 2422 1697 2477 patriar-

232 2473 360 2538 cham.
420 2476 628 2517 inveniens
650 2485 785 2519 autem
803 2487 845 2521 et
868 2476 1000 2534 ipsum
1030 2490 1212 2536 propter
1231 2482 1298 2521 illa
1329 2495 1437 2537 quae
1466 2481 1574 2519 iussa
1601 2483 1697 2517 sunt

233 2532 409 2581 patricio
440 2533 649 2587 Stephano
689 2537 798 2575 Rufo
839 2534 1082 2589 turbatum,
1122 2539 1346 2593 persuadet
1372 2543 1413 2577 et
1446 2535 1698 2576 descendere

105 2586 301 2648 p.560·21d·
319 2586 489 2628 luterem
507 2620 518 2636 ,
549 2596 590 2630 et
620 2591 799 2632 clamare
828 2595 886 2633 sic
917 2593 1046 2634 “haec
1077 2591 1160 2635 dies
1190 2611 1314 2649 quam
1337 2595 1435 2633 feeit
1465 2592 1696 2633 domiuus.''

233 2656 421 2706 uniuersa
451 2660 552 2685 vero
582 2647 804 2688 multitudo
832 2649 1077 2690 levaverunt
1118 2666 1263 2691 vocem
1297 2650 1580 2690 “effodiantur
1612 2661 1699 2686 ossa

236 2698 484 2751 Iustiniani‚'⁷
515 2709 555 2741 et
581 2703 636 2743 ita
665 2704 704 2742 in
738 2705 1081 2759 hippodromium
1121 2709 1253 2747 omnis
1283 2706 1474 2748 cucurrit
1504 2703 1697 2758 populus.

234 2767 411 2819 cumque
439 2757 521 2797 dies
555 2759 662 2799 facta
690 2761 841 2814 fuisset,
871 2761 1054 2802 educunt
1089 2765 1361 2804 Iustiniauum
1392 2764 1432 2803 in
1465 2760 1700 2815 hippodro-

234 2824 374 2861 mium,
405 2827 584 2868 nasoque
625 2815 747 2870 ipsius
788 2823 830 2857 et
860 2818 996 2872 lingua
1044 2819 1174 2860 recisa
1209 2822 1368 2861 exulem
1397 2819 1557 2859 faciunt
1586 2816 1698 2870 apud
