1768 3268
263 211 354 259 192
458 216 739 260 ANASTAsn
780 215 1040 258 HISTORIA
1080 212 1491 258 ECCLESIASTICA

260 329 442 373 Arabum
484 332 696 387 princeps),
728 337 770 372 et
799 331 934 372 tenuit
973 331 1133 371 Vbaled
1164 330 1266 368 filius
1309 327 1394 369 eius
1424 327 1722 381 principatum·

259 389 405 428 eodem
434 403 603 444 quoque
643 403 751 428 anno
805 402 897 427 cum
941 388 1187 427 lastinianus
1230 384 1281 424 ad
1312 384 1468 438 regiam
1513 385 1723 424 civilatem

259 445 437 485 venisset
464 460 547 485 una
578 460 672 484 cum
696 444 876 484 Terbe-lli
908 451 950 483 et
971 443 1161 483 subiectis
1183 440 1446 494 Vulgaribus,
1475 447 1608 480 castra
1636 456 1726 480 me-

260 507 368 541 tatus
400 506 460 540 est
488 501 538 542 ad
569 507 735 555 portam
757 500 917 540 Cbarsii
949 505 990 539 et
1011 496 1410 554 usqueBlachernas.
1471 502 1513 536 et
1534 511 1612 551 per
1642 503 1725 537 tres

263 557 345 597 dies
378 556 632 611 alloquentes
676 571 744 597 eos
776 557 847 611 qui
879 561 996 595 erant
1024 555 1065 594 in
1099 554 1223 607 urbe,
1252 553 1449 592 conviciis
1478 552 1726 594 dehonesta-

261 614 417 653 bantur
446 613 498 653 ab
530 613 630 663 illis,
662 613 734 668 qui
767 627 914 653 eorum
955 611 1097 650 saltem
1127 623 1203 649 nec
1230 609 1406 648 verbum
1438 608 1725 649 admittebant.

261 676 304 709 at
335 683 436 709 vero
469 669 713 709 Iustinianus
746 683 838 708 cum
866 667 1006 720 paucis
1038 664 1361 714 contribulibus,
1394 665 1503 705 bello
1535 672 1726 720 excepto,

262 740 340 778 per
360 725 662 780 aquaeductum
689 727 886 779 ingressus
907 730 946 762 et
976 723 1201 762 tumultum
1225 722 1403 762 excitans
1424 722 1620 762 fodiendo
1651 738 1728 762 ur-

260 782 356 822 bem
387 781 583 833 obtinuit,
615 787 657 822 et
693 787 788 834 post
824 779 1038 834 paululum
1077 778 1345 819 tabernacula
1371 778 1411 818 in
1441 779 1600 833 palatio
1631 779 1727 818 Bla-

264 838 512 878 chernarum
542 836 730 878 tetendit.

376 911 559 964 Imperat
601 911 740 963 itaque
784 908 919 948 denuo
960 907 1157 948 Romanis
1200 907 1448 948 lastinianus
1486 908 1601 948 annis
1632 922 1728 948 sex:

265 966 448 1006 Arabum
481 980 580 1006 vero
620 966 813 1020 princeps
855 964 1032 1005 efficitur
1059 962 1208 1004 Vhalid
1249 964 1362 1004 annis
1396 978 1559 1009 novem.
1619 965 1730 1004 Con-

265 1023 653 1075 stantinopolitanus
684 1021 898 1076 episcopus
928 1021 1108 1061 babetur
1141 1020 1286 1075 CyruS,
1326 1021 1398 1076 qui
1427 1035 1495 1062 sex
1521 1021 1732 1077 praesedit

266 1080 377 1118 annis
407 1079 623 1126 ecclesiae3
664 1079 714 1118 de
743 1091 826 1132 quo
859 1077 1025 1119 dicetur
1056 1077 1241 1117 inferius.
1487 1081 1490 1084 ⁴

374 1157 504 1210 Igitur
530 1171 639 1197 anno
660 1155 825 1210 imperii
855 1156 915 1196 sui
938 1156 1075 1209 primo
1106 1155 1227 1204 idem,
1259 1169 1343 1210 quo
1366 1154 1590 1210 imperium
1612 1170 1732 1196 suum

267 1213 426 1267 recepit
455 1213 726 1263 lastinianus,
758 1212 887 1252 multa
927 1212 1037 1251 dona
1066 1211 1250 1252 Terbelli
1292 1212 1493 1267 tribuenS‚
1536 1213 1654 1252 simul
1692 1219 1733 1252 et

266 1269 419 1323 regalia
449 1284 555 1317 vasa,
589 1268 741 1308 dimisit
772 1283 865 1309 eum
895 1269 935 1308 in
963 1282 1079 1323 pace.
1139 1274 1326 1308 ceterum
1355 1268 1592 1309 Absimarus
1623 1270 1733 1309 urbe

265 1326 409 1366 relicta
436 1325 751 1379 Apolloniadem
782 1325 939 1380 fugiens
969 1326 1088 1365 adit:
1135 1325 1435 1365 insecutionem
1463 1332 1601 1366 tamen
1629 1340 1733 1379 per—

262 1396 399 1436 pessus
429 1381 759 1436 apprehenditur
803 1388 845 1421 et
895 1381 946 1422 ad
977 1381 1250 1421 Iustinianum
1295 1375 1530 1423 deducitur.
1595 1396 1731 1436 porro

126 1458 162 1493 p.
183 1437 472 1484 574Heraclius
503 1453 526 1477 a
554 1438 717 1478 Thrace
749 1438 907 1478 vinctus
937 1437 1137 1478 adductus
1159 1445 1218 1479 est
1248 1453 1341 1478 cum
1375 1439 1565 1479 omnibus
1596 1439 1666 1494 qui
1695 1439 1733 1480 ei

264 1494 602 1549 opitulabantur3
636 1509 742 1550 quos
763 1495 804 1534 in
828 1509 950 1535 muro
981 1509 1121 1535 omnes
1138 1495 1361 1549 suspendio
1382 1494 1605 1536 interfecit.
1637 1510 1732 1535 cum

264 1556 400 1591 autem
432 1557 473 1590 et
499 1550 550 1590 ad
578 1552 880 1591 mediterranea
903 1551 1155 1602 destinasset,
1187 1552 1390 1605 plurimos
1422 1566 1468 1591 ex
1497 1552 1554 1592 eis
1584 1551 1733 1591 inven-

265 1613 342 1657 tos,
372 1612 457 1647 tam
489 1614 649 1647 actores
694 1622 817 1662 quam
847 1609 1061 1661 privatos,
1091 1608 1282 1648 similiter
1312 1608 1539 1648 interemit.
1595 1622 1731 1662 porro

264 1662 522 1703 Absimarum
556 1671 681 1719 atque
697 1663 917 1704 Leontium
942 1664 1105 1705 vinctos
1138 1664 1292 1705 catenis
1316 1679 1394 1719 per
1424 1671 1556 1705 totam
1584 1665 1732 1705 urbem

264 1720 429 1773 pompis
453 1720 551 1760 fecit
580 1719 855 1761 dehonestari.
923 1735 1102 1776 cumque
1146 1721 1234 1762 ludi
1265 1728 1478 1776 equestres
1506 1727 1733 1776 agerentur

264 1776 434 1830 ipseque
466 1776 506 1815 in
536 1776 638 1816 solio
668 1776 890 1829 resideret,
926 1778 1039 1819 ducti
1070 1785 1168 1819 sunt
1206 1778 1373 1832 publice
1402 1778 1526 1818 tracti
1559 1784 1601 1818 et
1630 1792 1734 1832 pro-

266 1831 361 1871 iecti
388 1832 514 1885 proni
541 1833 593 1872 ad
621 1831 744 1887 pedes
774 1834 886 1882 eius;
933 1848 1114 1890 quorum
1145 1834 1212 1875 illc
1241 1834 1347 1875 colla
1380 1849 1509 1889 usque
1539 1833 1591 1874 ad
1617 1835 1735 1873 solu-

266 1888 423 1928 tionem
449 1888 575 1942 primi
606 1889 741 1928 bravii
761 1892 793 1942 *)
824 1890 1012 1942 calcavit,
1043 1891 1232 1932 universa
1249 1891 1369 1945 plebe
1403 1891 1606 1932 clamante
1636 1895 1734 1931 “su-

268 1958 346 1998 per
370 1944 549 1998 aspidem
570 1950 611 1985 et
628 1945 858 1987 basiliscum
889 1946 1122 2000 ascendisti,
1144 1955 1186 1989 et
1216 1948 1470 1988 conculcasti
1500 1949 1662 1988 leonem
1692 1954 1736 1988 et

269 2000 531 2041 draconem.''
590 2008 632 2042 et
660 2002 716 2041 ita
744 2002 819 2043 hos
844 2002 1067 2045 destinatos
1098 2005 1139 2045 in
1166 2004 1327 2045 vivario
1363 2005 1638 2044 animantium
1667 2018 1736 2043 ca-

267 2056 365 2110 pitis
414 2056 768 2100 animadversione
794 2060 968 2114 punivit.
1043 2062 1288 2102 Callinicum
1317 2075 1420 2102 vero
1451 2060 1737 2116 patriarcham

269 2112 414 2154 ablatis
453 2113 581 2153 oculis
625 2115 736 2168 apud
767 2116 939 2157 Romam
978 2118 1099 2160 exilio
1128 2118 1350 2172 relegavit,
1381 2123 1422 2158 et
1452 2132 1534 2172 pro
1566 2131 1615 2158 eo
1647 2118 1737 2172 Cy-

270 2183 376 2222 rum,
410 2170 481 2224 qui
510 2170 552 2209 in
586 2170 712 2211 insula
751 2175 887 2214 fuerat
914 2175 1091 2215 inclusus
1121 2174 1376 2225 Amastridis‚
1409 2180 1610 2230 tanquam
1642 2189 1737 2214 cum

269 2226 340 2280 qui
369 2227 736 2279 praenuntiaverat
762 2229 837 2268 sibi
867 2231 1020 2283 prioris
1051 2231 1359 2273 restitutionem
1384 2231 1564 2285 imperii,
1591 2244 1737 2272 surro-

268 2288 408 2335 gatum
441 2283 644 2335 provexit.
705 2284 1047 2328 innumerabilem
1080 2302 1251 2344 quoque
1279 2287 1618 2337 multitudinem,
1652 2293 1737 2326 tam

269 2352 316 2377 cx
346 2338 455 2377 civili
486 2353 612 2393 quam
643 2354 689 2380 ex
717 2341 885 2381 militari
917 2344 1130 2399 catalogo,
1172 2345 1370 2399 perdidit.
1429 2345 1582 2384 multos
1614 2344 1737 2385 etiam

270 2395 309 2433 in
344 2408 480 2434 saccos
513 2395 650 2435 missos
680 2411 818 2436 amara
840 2399 937 2439 fecit
958 2409 1097 2441 morte
1118 2402 1272 2442 necari.
1332 2401 1431 2444 alios
1460 2408 1611 2452 autem,
1644 2414 1739 2440 cum

269 2449 321 2489 ad
361 2450 585 2504 prandium
631 2453 692 2492 vel
728 2468 870 2492 cenam
909 2458 1179 2510 accubitaret,
1213 2472 1308 2497 mox
1337 2458 1548 2513 surgebat,
1581 2457 1739 2512 partim

268 2506 487 2560 suspendio
516 2508 672 2561 partim
713 2510 918 2550 occisione
938 2513 1157 2566 perdebat.
1217 2522 1258 2555 et
1286 2514 1383 2554 hine
1411 2528 1582 2568 magnus
1611 2514 1741 2553 timor

139 2586 176 2622 p,
191 2572 259 2610 575
273 2563 514 2603 obtinuerat
543 2579 695 2605 omnes.
729 2566 837 2605 misit
869 2566 1025 2609 interea
1054 2572 1217 2611 classem
1240 2570 1293 2610 ad
1323 2570 1554 2612 ducendam
1585 2585 1608 2610 a
1631 2570 1741 2610 Cha-

273 2619 384 2660 zaria
412 2633 586 2661 uxorem
617 2635 755 2673 suam,
795 2629 836 2663 et
876 2626 1028 2666 multae
1070 2641 1164 2667 cum
1208 2628 1289 2668 suis
1329 2628 1428 2668 viris
1458 2625 1635 2682 scaphae
1665 2626 1739 2666 de-

322 2771 353 2816 *)
381 2769 508 2819 bravii]
547 2771 668 2818 βαῖὸυ.
702 2773 852 2808 fortasse
887 2776 1022 2821 legerat
1060 2779 1265 2814 Anastasius
1307 2781 1494 2826 βραβείου.
1528 2783 1584 2812 est
1621 2782 1761 2811 autem*

368 2822 544 2865 βραβεῖον
571 2822 699 2867 palma.
757 2823 861 2856 Fan.
