1794 3250
265 189 364 233 309,
770 193 827 234 IN
859 191 1235 235 THEOPHANEM

260 318 469 360 expressas
512 306 555 346 in
597 319 648 347 eo
688 320 887 361 personas
934 323 1030 349 cum
1070 307 1248 349 historia
1285 306 1337 347 ad
1376 307 1598 349 canoniam
1629 308 1737 349 idem

259 363 470 414 subiecta,
514 377 598 403 non
627 364 866 405 consentire
903 365 1150 420 frequenter
1186 364 1404 405 manifesto
1434 365 1475 404 in
1506 367 1736 406 annotatis:

260 425 308 457 ut
337 433 434 459 cum
463 419 515 460 ad
531 419 695 459 Damasi
729 436 883 461 annum
908 422 1105 476 quintum
1130 421 1221 461 Iulii
1248 421 1458 475 pontificis
1489 422 1665 472 obitum,
1696 429 1739 462 et

264 475 402 516 liberii
440 477 756 531 promotionem
800 492 884 518 una
929 477 1100 533 legimus
1128 477 1340 520 connecti.
1413 476 1454 522 8.
1486 479 1584 518 anni
1618 479 1738 518 unius

260 538 372 587 gesta
404 533 446 573 in
489 534 616 573 alium
658 533 915 590 quandoque
956 549 1192 589 reponere,
1224 548 1320 575 cum
1363 535 1569 575 accuratis
1610 536 1735 575 etiam

260 589 467 630 historicis
495 589 762 645 Theophanis
788 591 923 646 lapsus
952 591 1183 631 communis
1212 596 1289 632 est.
1349 589 1388 631 9.
1421 604 1519 631 cum
1547 590 1633 632 aliis
1664 606 1737 645 pa-

261 646 369 687 riter
397 660 632 697 commune,
663 652 711 688 ut
746 661 832 688 uno
863 662 1010 699 more,
1040 662 1211 704 unoque
1242 661 1347 687 sono
1378 646 1571 688 virorum
1600 653 1643 688 et
1671 647 1738 688 lo-

260 716 410 743 corum
437 703 695 757 proferenda
723 703 920 755 nomina,
949 704 1036 759 ipse
1067 704 1258 745 nonnihil
1290 703 1508 744 immutata
1538 718 1736 759 pronun-

259 759 359 807 ciet,
390 764 439 798 ut
468 760 658 811 Artaxer,
686 761 932 801 Artaxerxes
974 762 1077 811 vice,
1107 768 1184 801 etc.
1228 760 1341 801 hune
1370 759 1498 800 modo
1531 762 1736 801 Constan-

261 816 380 865 tium,
410 816 702 864 Maximinum
747 816 877 857 modo
907 817 1241 871 Constantinum,
1270 816 1589 866 Maximianum
1622 817 1738 857 illum

259 871 331 912 hie
350 871 644 926 Euphemium,
675 872 733 912 ibi
751 873 1055 929 Euthymium3
1086 874 1269 914 eundem
1301 873 1447 913 Iudam
1477 880 1518 914 et
1547 873 1737 914 Eaudam

261 935 398 978 vocet,
432 928 483 969 de
514 943 599 983 quo
631 928 830 970 lectiones
854 930 1006 980 variae,
1034 935 1075 970 et
1106 931 1396 971 annotationes
1416 944 1733 986 nonnunquam.

265 984 330 1025 10.
361 985 460 1024 hinc
491 1000 586 1024 cum
619 991 735 1026 textu
749 988 914 1026 Graeco
949 1000 1033 1026 non
1064 987 1270 1027 consentit
1298 987 1340 1026 in
1372 986 1610 1027 nominibus
1643 987 1737 1041 ple-

265 1041 407 1096 risque
440 1041 590 1092 versio,
621 1048 661 1082 et
690 1041 793 1082 haec
833 1043 950 1082 illum
992 1043 1209 1098 corrigere
1237 1057 1321 1082 non
1353 1049 1535 1085 veretur.
1598 1043 1665 1083 11.
1698 1049 1741 1084 et

261 1098 335 1139 ubi
363 1098 521 1138 nullum
566 1097 632 1139 vel
665 1098 965 1152 perturbatum
1008 1104 1142 1140 textus
1186 1099 1352 1140 exhibet
1379 1113 1571 1151 sensum,
1603 1101 1738 1140 versio

263 1156 471 1205 restituat,
505 1159 546 1194 et
573 1155 746 1209 pianum
776 1155 955 1196 reddere
983 1162 1175 1199 conetur.
1209 1155 1273 1200 12.
1307 1170 1354 1195 ex
1383 1155 1555 1196 diversis
1585 1162 1628 1196 et
1662 1157 1741 1196 ad-

262 1212 389 1252 versis
419 1212 661 1251 auctoribus
693 1212 745 1253 de
774 1212 947 1262 eodem,
993 1227 1095 1252 raro
1130 1213 1241 1263 licet,
1270 1211 1395 1266 ponit
1421 1212 1660 1261 contraria3
1694 1219 1741 1253 ut

263 1267 315 1308 de
342 1267 432 1308 Elia
458 1268 735 1324 Hierosolym.
764 1274 805 1309 et
822 1268 902 1311 CP.
919 1269 1171 1309 Macedonio
1200 1268 1472 1323 praesulibus,
1503 1283 1610 1323 quae
1643 1269 1738 1310 loco

259 1325 441 1379 proprio
474 1331 730 1365 revocantur
747 1325 787 1365 in
818 1325 1121 1366 concordiam:
1155 1340 1305 1365 verum
1333 1325 1406 1380 qui
1438 1325 1739 1366 dormitantem

258 1381 422 1436 patitur
453 1381 699 1432 Homerum,
728 1381 1031 1435 Theophanem
1060 1382 1222 1436 lapsum
1257 1396 1341 1422 non
1370 1381 1519 1436 eriget,
1551 1388 1624 1423 aut
1653 1383 1739 1423 eius

259 1451 452 1479 errorem
482 1437 522 1477 in
556 1437 642 1478 aliis
671 1452 756 1478 non
786 1439 999 1494 corriget?
1060 1437 1124 1478 13.
1153 1453 1249 1478 cum
1281 1438 1478 1478 nimirum
1507 1438 1737 1480 succeden—

259 1501 332 1545 tes,
363 1501 405 1534 et
434 1494 486 1534 ad
518 1495 693 1534 invicem
723 1494 995 1535 cohaerentes
1036 1509 1232 1534 numeros
1275 1494 1317 1533 in
1356 1495 1571 1549 sequiores
1602 1501 1740 1535 trans-

258 1551 383 1606 ponit
411 1566 561 1602 annos,
604 1566 673 1591 seu
713 1551 839 1591 etiam
885 1551 1132 1591 coniunctos
1163 1566 1290 1591 annos
1318 1551 1361 1591 in
1393 1550 1531 1592 dissita
1560 1553 1738 1592 canonia

263 1607 492 1647 desultorie
525 1608 752 1657 transfert,
796 1623 902 1662 quae
945 1605 1235 1660 ἅναρίθμησις
1277 1621 1371 1663 pag.
1409 1606 1436 1648 6
1476 1615 1518 1648 et
1547 1607 1571 1648 7
1601 1608 1738 1649 statim

260 1665 437 1704 occurit.
500 1662 564 1707 14.
597 1671 669 1704 aut
698 1663 833 1704 eidem
856 1664 950 1704 viro
971 1678 1083 1703 nunc
1112 1665 1349 1717 pauciores,
1380 1679 1476 1704 mox
1500 1664 1641 1718 plures
1673 1665 1742 1705 di-

262 1720 388 1761 versis
418 1720 602 1760 canoniis
634 1720 812 1775 assignat
841 1734 985 1771 annos,
1019 1720 1135 1775 quod
1160 1721 1200 1759 in
1233 1720 1399 1761 Damasi
1429 1721 1640 1775 pontificis
1669 1736 1742 1762 ae..

261 1782 348 1817 tate
370 1791 453 1817 non
474 1790 560 1816 uno
590 1776 698 1831 loco,
720 1791 796 1817 nec
815 1777 940 1816 unico
971 1791 1030 1816 ms
1046 1791 1129 1816 non
1149 1777 1235 1816 sine
1266 1783 1441 1831 stupore
1473 1777 1739 1818 observatum

260 1838 336 1874 est.
369 1834 437 1873 15.
458 1834 523 1874 vel
562 1848 658 1873 cum
685 1833 767 1873 viri
797 1833 980 1873 eiusdem
1008 1833 1230 1887 pauciores
1253 1835 1347 1872 anni
1379 1833 1502 1887 plura
1532 1842 1745 1889 occupant

259 1890 456 1938 canonia3
501 1904 627 1945 quem
663 1904 853 1930 errorem
908 1889 1114 1929 deductae
1149 1903 1228 1942 per
1271 1890 1552 1930 canoniorum
1581 1890 1741 1932 loculos

261 1947 506 2002 Demophili
548 1961 642 2001 pag.
676 1943 731 1986 49
769 1952 811 1987 et
838 1946 1075 1986 Artaxerxis
1119 1960 1216 2000 pag.
1250 1945 1301 1985 51
1348 1952 1499 1987 aetates
1546 1961 1630 1987 non
1661 1947 1740 1988 ob-

261 2018 384 2043 scure
415 2009 609 2058 arguunt.
670 2001 734 2046 16.
763 2008 836 2043 aut
865 2017 961 2043 cum
981 2010 1138 2042 summa
1161 2002 1383 2057 quaepiam
1413 2004 1555 2043 aetatis
1586 2018 1741 2058 aequa-

261 2060 317 2100 les
337 2060 494 2100 loculos
513 2060 599 2101 sive
617 2060 807 2117 canonia,
837 2059 1085 2115 quibusdam
1106 2059 1275 2109 omissis,
1306 2073 1390 2099 non
1413 2060 1591 2114 accipit:
1623 2061 1739 2115 quod

260 2117 383 2171 piane
414 2123 565 2157 coacto
601 2121 643 2156 et
671 2116 832 2166 invito,
865 2131 911 2156 ex
943 2130 1070 2156 manu
1110 2117 1285 2156 exaratis
1318 2115 1360 2155 in
1388 2116 1610 2156 Athanasio
1640 2131 1738 2171 pag.

263 2172 317 2213 23
347 2180 389 2214 et
416 2187 534 2228 seqq.
579 2172 898 2213 exscribendum
938 2172 1033 2213 fuit.
1113 2171 1177 2212 17.
1226 2172 1291 2212 vel
1334 2171 1515 2228 denique
1559 2187 1737 2213 numero

262 2230 360 2269 anni
388 2229 571 2270 eiusdem
594 2230 793 2283 repetito,
822 2229 864 2268 in
887 2243 1096 2269 annorum
1117 2229 1266 2269 seriem
1296 2234 1432 2269 totam
1463 2228 1594 2284 (quo’d
1607 2229 1740 2268 Atha-

263 2286 379 2336 nasii‚
409 2285 652 2340 Demophili
700 2292 742 2326 et
770 2287 979 2325 Artaxeris
1020 2285 1297 2325 canoniorum
1336 2286 1494 2340 probat
1522 2285 1741 2339 inspectio)

262 2342 452 2383 confusio
483 2343 665 2383 infertur
689 2342 800 2382 haud
830 2342 1066 2382 mediocris.
1117 2342 1179 2382 18.
1204 2342 1538 2382 emendationem
1568 2348 1739 2395 superat

264 2414 430 2440 omnem
445 2400 568 2440 Rom.
587 2398 882 2453 episcoporum
906 2413 1055 2438 nomen
1073 2398 1333 2454 frequentius
1349 2399 1555 2449 omissum,
1576 2403 1618 2438 et
1637 2403 1746 2438 aetas

266 2472 289 2495 a
305 2471 399 2511 pag.
422 2455 504 2496 208
530 2456 697 2495 auctori
729 2455 893 2509 penitus
914 2455 1069 2510 ignota.
1107 2455 1172 2496 19.
1202 2454 1473 2495 Alexandriae
1495 2454 1682 2509 quamvis
1701 2461 1744 2495 et

263 2512 513 2554 Antiochiae
531 2512 782 2567 pontificum
811 2526 977 2562 nomen,
990 2517 1253 2567 aetatemque
1281 2512 1322 2551 in
1347 2511 1563 2552 haereseos
1584 2511 1744 2551 admis-

262 2583 331 2609 sae
360 2570 507 2610 odium
523 2574 566 2610 et
580 2568 820 2619 horrorem,
850 2576 945 2622 post
964 2567 1166 2609 historiae
1183 2568 1427 2609 umbilicum
1458 2568 1510 2608 ab
1528 2582 1578 2608 eo
1610 2581 1740 2621 prae-

263 2625 390 2666 terita
412 2625 651 2667 existimem.
731 2623 799 2666 20.
846 2639 1043 2665 errorum
1084 2640 1182 2666 sane
1208 2624 1475 2675 huiusmodi,
1510 2623 1543 2663 si
1573 2637 1738 2663 causam

266 2681 438 2733 diceret,
470 2697 555 2723 non
573 2682 709 2733 aliam,
738 2696 804 2722 me
834 2682 1092 2735 coniectore,
1125 2696 1250 2736 quam
1264 2681 1484 2721 variorum
1515 2685 1739 2720 auctorum

265 2740 525 2789 sententiam,
553 2753 836 2793 numerosque
854 2737 991 2778 varios
1017 2744 1252 2792 sequutum,
1285 2751 1474 2792 opusque
1507 2735 1747 2791 proprium,

267 2802 443 2849 urgente
460 2795 761 2850 persecutionis
793 2794 1034 2835 necessitate
1054 2809 1138 2835 non
1159 2794 1423 2846 recensuisse,
1454 2794 1687 2848 proferret.
