1794 3250
710 196 913 240 NOTAE.
1439 194 1536 241 303

137 334 139 336 ·
178 316 220 367 7,
250 314 294 358 7.
326 334 329 336 ’
362 310 524 366 κόσμου
564 309 638 367 ἔζη
681 309 823 372 ,εψοζἹ
855 311 1027 366 Georgii
1055 312 1235 368 syncelli
1264 315 1537 356 continuator

67 374 342 428 Theophane·
370 373 457 412 eius
486 384 683 412 numeros
713 385 737 409 a
765 369 911 409 mundi
936 369 1111 410 conditu
1133 370 1183 409 ad
1212 370 1366 411 Christi
1394 376 1538 411 ortum

68 432 284 472 observat:
316 434 359 468 et
387 443 411 467 a
444 427 604 468 Christi
637 440 807 468 rursum
855 425 923 466 die
952 426 1078 466 natali
1108 426 1160 466 ad
1190 427 1439 468 Diocletiani
1466 433 1538 476 tv-

70 486 313 537 rannidem,
362 492 470 540 quot
509 497 638 524 annos
679 482 749 524 ille
792 482 955 538 posuit,
986 481 1068 526 200
1099 483 1299 524 nimirum
1327 490 1370 526 et
1398 483 1450 525 77
1482 475 1539 525 ita

66 559 190 599 pares
219 543 289 584 hic
317 542 524 584 exscribit.

177 615 286 656 ῙΙιὶιΙ.
316 614 359 658 9.
410 611 696 668 ’Λραρευχὴς]
725 611 920 669 syncello
964 610 1100 652 dictus
1136 609 1333 666 Οὕρᾰκης
1375 618 1418 652 et
1462 625 1540 653 an-

69 686 143 738 nus
170 672 284 738 'eins
333 673 492 729 primus
542 685 591 712 ex
635 668 817 712 eiusdem
861 668 1023 710 calculo
1056 668 1110 709 ad
1156 668 1299 709 mundi
1329 667 1440 710 5768
1467 670 1540 710 de-

73 735 270 771 vincitur.

180 802 290 846 [bid.
324 800 389 843 10.
420 800 459 842 Γ
457 798 565 855 αἵός]
588 768 626 841 vis
657 798 771 855 apud
811 797 1053 855 Syncellum
1081 797 1189 839 5771
1221 798 1262 838 in
1295 797 1540 854 pontificem

69 859 360 915 inauguratur.

180 931 292 973 Ibid.
331 931 396 971 11.
452 926 663 984 ὕμειτιῖος]
703 929 819 969 cuius
858 942 988 969 annos
1035 929 1086 969 12
1120 927 1320 969 duntaxat
1348 935 1540 969 numerat

68 988 294 1045 Syncellus,
318 995 363 1029 et
394 1001 543 1028 eorum
572 987 759 1041 primum
789 986 841 1026 ad
874 985 1020 1026 mundi
1048 981 1160 1026 5764
1192 985 1344 1040 alligat.

184 1060 292 1103 Ibid.
317 1062 381 1101 12.
454 1060 636 1112 θεωνιῖς]
682 1059 783 1100 huic
827 1058 1064 1101 octodecim
1109 1058 1308 1114 assignat,
1354 1058 1540 1113 primum

69 1118 122 1159 ad
150 1114 298 1169 mundi
324 1115 448 1163 5767.
506 1114 778 1158 Alexandriae
816 1118 1056 1170 praesulum
1084 1131 1213 1156 annos
1252 1115 1366 1170 apud
1395 1115 1540 1155 Theo·
1595 1164 1600 1168 .

67 1175 250 1240 phanem
279 1180 322 1215 et
353 1172 637 1216 Abrabamum
667 1173 978 1215 Ecchellensem
1007 1171 1288 1213 diversimode
1315 1174 1541 1213 recensitos
1592 1221 1600 1227 .

70 1246 271 1286 reperies.

177 1303 288 1347 [bid.
324 1303 392 1345 13.
449 1299 672 1356 τύραννος]
706 1303 892 1344 nondum
921 1302 1113 1358 Syncello
1145 1301 1394 1342 recensitus:
1427 1299 1540 1355 apud

70 1376 195 1417 quem
237 1361 416 1417 Cyrillus
476 1374 586 1400 anno
630 1357 742 1400 5768
792 1359 980 1414 pontifex
1032 1358 1271 1407 institutus,
1319 1364 1541 1412 praesente

19 1472 21 1474 ι
70 1418 179 1459 5777
211 1433 258 1461 ex
288 1418 404 1459 annis
450 1418 498 1459 15
525 1417 602 1458 sibi
632 1416 846 1458 attributis
889 1414 1096 1457 decimum
1129 1429 1350 1456 numerare
1378 1428 1540 1469 cogno-

69 1475 212 1516 scitur.

179 1547 222 1598 8,
250 1545 291 1590 3.
350 1546 410 1603 τῷ
436 1545 621 1604 τετάρτῳ
666 1543 806 1586 αὐτοῦ
833 1541 990 1601 χρόνῳ]
1030 1550 1127 1586 ante
1168 1559 1325 1585 annum
1366 1543 1540 1585 Diocle-

69 1604 173 1645 tiaui
203 1609 403 1660 quartum
421 1635 434 1655 ,
472 1618 580 1659 quae
610 1602 793 1643 auctoris
832 1607 894 1642 est
920 1601 1138 1653 sententia,
1165 1617 1187 1641 a
1210 1600 1415 1642 chronico
1444 1602 1543 1642 Ale-

70 1661 272 1702 xandrino
304 1675 414 1701 anno
446 1675 530 1700 nno
561 1660 822 1714 discrepans,
853 1659 1146 1698 Maximianum
1177 1658 1420 1698 Herculium
1454 1671 1542 1696 κοι-

69 1714 199 1758 νωνὸν
222 1717 298 1770 τῆς
325 1716 463 1756 αὐτοῦ
489 1716 722 1769 βασιλείας,
762 1716 928 1771 imperii
954 1716 1172 1769 collegam,
1203 1713 1445 1755 renunciari
1475 1713 1543 1753 vix

68 1774 280 1828 potuisse,
322 1788 466 1813 rerum
504 1773 677 1828 utrique
703 1777 927 1827 'gestarum
966 1771 1102 1812 relatu
1143 1771 1245 1812 mihi
1274 1776 1545 1825 compertum

69 1836 141 1870 est.
198 1830 484 1871 Diocletianus
511 1829 681 1870 Persica
728 1827 996 1883 expeditione
1027 1828 1235 1878 confecta,
1266 1827 1542 1879 Chalcedone,

70 1888 128 1926 ita
157 1886 391 1928 chronicon
419 1885 768 1937 Alexandrinum,
806 1885 1014 1925 salutatur
1052 1885 1315 1939 imperator;
1345 1885 1544 1924 Nicome-

70 1943 180 1984 diam
211 1959 306 1984 mox
335 1943 551 1998 digressus,
582 1942 807 1983 Thraciam
849 1940 945 1982 inde
977 1947 1171 1996 occupat,
1200 1947 1244 1982 et
1272 1942 1315 1981 in
1343 1940 1542 1982 Moesiam

69 2014 111 2040 se
133 2002 313 2044 confert,
343 2000 384 2042 in
417 2015 514 2055 qua,
541 2000 686 2040 Flavio
702 1998 889 2053 Vopisco
922 2005 1047 2051 teste,
1077 1998 1216 2039 multis
1245 1997 1417 2053 proeliis
1446 2010 1544 2037 cum

71 2058 227 2096 Carino
275 2056 327 2097 de
368 2062 577 2110 potestate
619 2056 846 2100 dimicans,
877 2055 1022 2095 ultima
1062 2055 1231 2096 tandem
1262 2069 1402 2110 pugna
1432 2052 1543 2107 apud

71 2112 275 2153 Mun-tium
303 2113 531 2163 commissa,
563 2112 702 2153 victor
736 2112 948 2153 remansit.
1006 2112 1207 2152 nunciato
1238 2111 1436 2166 infianiis
1465 2110 1543 2149 Ca-

70 2170 152 2209 rini
183 2169 384 2219 discessu,
429 2169 625 2209 Helianus
662 2174 705 2210 et
732 2168 968 2219 Amandus,
1001 2169 1132 2210 excita
1161 2183 1287 2209 manu
1317 2167 1543 2222 agrestium

69 2233 111 2266 et
141 2227 378 2276 latronum,
410 2241 515 2280 quos
545 2225 756 2281 Bagandas
799 2225 960 2266 incolae
983 2231 1150 2277 vocant,
1173 2224 1281 2280 agris
1310 2225 1391 2264 late
1418 2222 1543 2263 deva-

67 2282 199 2333 statis,
228 2281 451 2337 plerasque
476 2281 601 2323 urbes
629 2289 806 2323 tentant.
861 2282 1160 2334 Diocletianus,
1196 2289 1244 2322 ut
1273 2280 1418 2322 scribit
1448 2280 1543 2319 En-

68 2339 233 2392 tropius
265 2337 379 2379 lih.9
407 2337 460 2379 ad
477 2339 731 2390 subigendos
759 2353 829 2380 eos
855 2338 1150 2380 Maximianum
1173 2337 1415 2379 Herculium
1435 2336 1543 2376 Cae-

69 2410 203 2435 sarem
232 2395 354 2446 misit,
386 2395 460 2451 qui
493 2393 650 2436 levibus
690 2395 862 2450 proeliis
890 2401 1067 2450 agrestes
1100 2395 1276 2445 domuit,
1306 2399 1347 2433 et
1378 2397 1558 2446 partem>

68 2452 231 2492 Galliae
261 2451 521 2492 reformavit.
576 2458 674 2506 post
698 2451 802 2492 haec
834 2458 1044 2507 tempora,
1071 2452 1212 2492 subdit
1243 2450 1353 2490 idem
1378 2450 1542 2488 Eutro-

68 2509 174 2562 pius,
205 2509 424 2549 Cat-ansius
456 2507 723 2563 tyrannidem
750 2509 984 2562 affectavit,
1022 2514 1065 2549 et
1092 2507 1324 2548 Britannias
1357 2518 1542 2557 occupa-

68 2565 142 2604 vit.
170 2565 229 2604 ita
254 2580 349 2605 cum
378 2579 456 2619 per
488 2579 655 2606 omnem
686 2565 835 2606 orbem
867 2580 931 2606 res
961 2565 1156 2605 turbatae
1183 2568 1341 2614 essent,
1367 2560 1542 2600 Diocle..

68 2621 205 2662 tianus
243 2623 541 2662 Maximianum
573 2621 817 2662 Herculium
858 2637 904 2663 ex
942 2622 1119 2662 Caesare
1156 2619 1255 2659 fecit
1298 2620 1542 2672 Augustum.

68 2690 202 2732 qnare
233 2692 330 2718 cum
356 2693 464 2718 αηηο
490 2679 637 2729 minus,
665 2678 794 2719 verba
822 2685 919 2719 sunt
951 2677 1109 2718 Aurelii
1137 2674 1335 2724 Victoris,
1359 2674 1543 2730 potentia

66 2734 190 2777 fuerit
218 2733 445 2775 Herculio:
475 2734 535 2784 iis,
566 2749 652 2775 non
682 2735 760 2774 nisi
791 2734 975 2775 secundo
998 2731 1248 2775 Diocletiani
1279 2745 1404 2782 anno,
1435 2730 1543 2770 Cae·

64 2802 138 2855 sar
165 2791 411 2845 promoveri
439 2791 594 2846 potuit.
647 2791 931 2848 designationi
957 2790 1149 2831 successit
1166 2787 1379 2842 expeditio
1408 2799 1542 2827 susce-
