1794 3250
575 205 654 246 Ex
692 204 1043 249 THEOPHANE.
1454 199 1553 247 269

80 313 121 348 et
138 307 378 372 patricium,
391 307 530 348 virum
546 309 663 364 pium
678 316 720 350 et
739 308 1163 359 rationabilissimum,
1180 309 1408 365 elegerunt.
1438 308 1552 364 quod

78 379 174 405 eum
201 363 469 405 multiformis
488 365 747 420 Nicephorus
767 365 1012 420 agnovisset,
1044 365 1176 419 ipsum
1201 366 1370 421 quidem
1390 380 1602 417 caesump.
1620 371 1686 410 751

77 427 122 462 et
150 428 318 462 tonsum
344 420 597 462 monachum
623 422 723 463 fecit
745 429 787 462 et
792 396 938 463 t’exilio
966 422 1268 476 relegandum'
1258 438 1298 462 in
1316 422 1553 478 Bithyniam

78 478 218 529 misit,
232 477 429 533 reliquos
459 483 596 519 autem
624 478 822 519 caedibus
854 486 899 520 et
927 478 1109 518 tonsuris
1129 484 1172 518 et
1198 478 1553 543 publicationibus

79 535 251 589 insuper
281 539 324 575 et
347 534 474 575 exiliis
496 534 704 586 subdidit,
754 549 840 576 non
867 535 1002 576 solum
1043 534 1264 575 mundialis
1293 536 1401 576 vitae
1430 536 1552 588 prin..

77 592 202 656 cipes,
232 591 303 631 sed
334 597 375 631 et
402 591 621 646 episcopos
650 598 814 633 sanctos
843 599 886 632 et
904 590 1128 632 monachos
1145 621 1156 640 ,
1202 605 1362 632 necnon
1395 598 1437 632 et
1465 607 1555 630 ma..

81 647 182 687 ioris
213 648 407 688 ecclesiae
448 648 674 703 syncellum
721 654 762 688 et
798 647 1056 689 sacellarium
1099 655 1141 689 et
1170 647 1552 703 chartophylacem,

78 703 194 744 viros
225 703 491 744 rationabiles
522 709 564 744 et
592 705 830 746 reverentia
853 700 1024 760 dignos.

193 774 313 812 Anno
356 772 519 826 imperii
562 772 794 837 Nicephori
839 773 1017 827 septimo
1064 774 1204 812 Aaron
1245 771 1429 812 Arabum
1471 771 1553 811 dux

78 833 271 868 mortuus
298 833 359 868 est
386 829 426 868 in
457 829 665 871 interiore
695 829 879 880 Perside,
910 844 1018 884 quae
1041 835 1219 869 vocatur
1250 828 1484 878 Chirsusan,
1512 834 1554 867 et

78 884 259 939 suscepit
302 885 590 939 principatum
630 886 826 927 Maumed
880 885 985 925 lilius
1028 885 1113 926 eius
1166 886 1433 939 scrupulosus
1475 899 1554 938 per

77 941 231 992 omnia,
261 948 411 981 contra
443 957 568 997 quem
598 942 774 983 Abdelas
804 943 936 984 frater
954 942 1039 983 eius
1066 941 1311 983 seditionem
1340 942 1553 981 concitans

79 996 265 1037 intestini
293 997 393 1038 belli
423 999 553 1039 factus
595 1006 657 1040 est
685 1007 854 1040 auctor.
915 1006 958 1040 et
988 999 1087 1039 hinc
1114 999 1156 1039 hi
1186 998 1260 1054 qui
1290 999 1332 1038 in
1362 998 1484 1053 Syria
1512 1004 1554 1038 et

77 1056 268 1109 Aegypto
309 1068 358 1094 ac
377 1054 517 1110 Libya
550 1063 694 1108 erant,
723 1057 765 1096 in
796 1057 981 1096 diversos
1022 1056 1138 1096 incisi
1162 1055 1439 1110 principatus,
1469 1062 1554 1094 tam

76 1109 277 1173 publicas·
293 1125 358 1152 res
400 1127 525 1166 quam
554 1112 780 1154 alterutros
816 1113 1128 1164 subverterunt,
1157 1111 1477 1152 mactationibus
1512 1117 1555 1151 et

78 1167 234 1221 rapinis
263 1182 312 1206 ac
341 1166 511 1209 diversis
536 1169 698 1224 flagitiis
726 1176 878 1210 contra
899 1183 940 1209 se
956 1176 1191 1234 contraque
1219 1167 1405 1209 subditos
1428 1167 1552 1208 Chri..

74 1223 230 1264 stianos
263 1224 438 1264 confusi.
496 1239 546 1265 ac
574 1240 654 1280 per
685 1227 767 1267 hoc
794 1225 1001 1276 ecclesiae,
1029 1241 1136 1281 quae
1165 1225 1207 1264 in
1235 1230 1375 1265 sancta
1396 1224 1551 1264 Christi

74 1279 141 1320 dei
172 1281 307 1321 nostri
334 1287 455 1322 erant
482 1283 674 1335 civitate,
704 1283 891 1324 desertae
928 1284 1063 1323 factae
1088 1288 1196 1333 sunt,
1226 1287 1269 1322 et
1297 1281 1548 1321 monasteria

76 1336 256 1376 duarum
287 1352 530 1392 magnarum
554 1340 787 1380 Laurarnm
808 1343 869 1390 *),
898 1346 1063 1380 sanctae
1092 1339 1287 1380 videlicet
1319 1337 1593 1394 memoriaep.
1611 1347 1679 1382 752

75 1392 316 1434 Charitonis
344 1401 386 1435 et
404 1395 571 1450 Cyriaei
601 1403 728 1450 atque
749 1397 794 1436 S.
813 1397 958 1449 Sabae,
989 1410 1152 1437 necnon
1186 1403 1228 1437 et
1257 1395 1418 1450 reliqua
1447 1409 1547 1435 coe-

76 1450 204 1490 nobia
231 1451 306 1490 SS.
336 1450 553 1507 Euthymii
585 1459 627 1493 et
655 1453 897 1494 Theodosii.
964 1453 1215 1494 Theodorus
1244 1459 1383 1492 autem
1413 1451 1548 1505 hegu-

77 1521 221 1547 menus
240 1507 380 1548 studii
409 1513 451 1548 et
482 1509 629 1562 loseph
661 1511 795 1550 frater
822 1511 925 1563 eins,
958 1509 1296 1564 archiepiscopus
1326 1507 1550 1548 Thessalo-

75 1563 266 1615 nicensis,
296 1578 380 1604 una
415 1579 510 1605 cum
539 1565 718 1607 Platone
761 1566 943 1607 inclauso
977 1573 1020 1608 et
1048 1567 1198 1607 ceteris
1227 1564 1439 1606 monachis
1468 1566 1548 1604 suis

75 1635 98 1659 a
128 1621 425 1661 communione
455 1629 716 1663 recesserunt
744 1623 971 1678 Nicephori
1013 1623 1255 1664 sanctissimi
1282 1621 1551 1676 patriarchae

72 1683 257 1730 propter
286 1677 431 1732 loseph
455 1678 776 1731 vicedominum,
806 1681 877 1736 qui
895 1680 1253 1734 praevaricatorie
1270 1692 1454 1719 coronav
1460 1683 1550 1719 erat

77 1733 398 1774 Constantinum
443 1742 484 1776 et
516 1735 796 1777 Theodotem.
870 1745 970 1778 tunc
1008 1738 1267 1792 Nicephorns
1316 1736 1551 1790 imperator

77 1790 297 1832 occasione
325 1799 539 1846 percepta,
574 1807 669 1834 cum
689 1795 906 1848 episcopos
925 1795 1078 1836 multos
1103 1801 1145 1835 et
1171 1794 1425 1848 hegumenos
1442 1807 1549 1832 con..

76 1854 307 1901 gregasset,
344 1850 551 1904 synodum
589 1850 784 1891 adversus
827 1852 916 1892 illos
951 1852 1158 1892 celebrari
1200 1851 1439 1906 praecepit,
1472 1864 1552 1903 per

77 1917 203 1957 quam
231 1907 488 1946 monasterio
521 1914 563 1948 et
584 1908 690 1948 urbe
722 1908 873 1949 deiecti
901 1909 1024 1950 exilio
1043 1916 1141 1950 sunt
1170 1908 1378 1956 destinati,
1413 1920 1551 1948 mense

77 1961 287 2009 Ianuario,
318 1962 550 2004 indictione
576 1964 769 2006 secunda.

187 2028 349 2070 Eodem
376 2032 503 2072 etiam
530 2047 641 2073 anno
672 2032 771 2073 dum
801 2047 903 2087 roga
934 2047 1059 2087 penes
1086 2034 1359 2074 Stromonem
1388 2046 1549 2071 amnem

76 2086 238 2140 populo
292 2087 645 2140 distribueretur,
690 2090 896 2131 irruentes
923 2090 1127 2145 Vulgares
1155 2090 1261 2130 hanc
1291 2088 1548 2138 ademerunt,

77 2142 170 2182 auri
203 2143 331 2184 libras
359 2151 524 2186 centum
556 2152 598 2187 et
617 2146 742 2196 mille,
771 2148 1034 2203 multumque
1062 2148 1269 2202 populum
1300 2145 1550 2186 occiderunt

76 2213 172 2239 cum
202 2207 402 2254 praetore
435 2209 562 2258 atque
593 2204 866 2258 principibus.
937 2210 1059 2245 erant
1100 2205 1209 2245 enim
1238 2212 1279 2245 et
1309 2210 1549 2243 ceteromm

79 2255 310 2297 thematum
355 2258 508 2299 ibidem
554 2260 680 2301 taxati
719 2262 939 2317 princepes
987 2276 1070 2301 non
1101 2261 1253 2315 pauci,
1293 2260 1366 2315 qui
1407 2273 1548 2299 omnes

76 2312 162 2353 il'lic
171 2314 365 2380 operiere.
425 2323 628 2370 ceperunt
657 2324 794 2358 autem
828 2325 870 2358 et
899 2324 1034 2359 totam
1066 2318 1294 2369 sarcinam,
1322 2322 1364 2356 et
1393 2316 1447 2356 ita
1480 2331 1549 2355 te-

73 2369 184 2411 versi
213 2378 322 2412 sunt.

121 2487 154 2535 ⁶)
178 2486 282 2522 laura
309 2490 576 2523 monasterium.
605 2491 772 2533 Synodus
795 2491 955 2525 Nicaena
988 2498 1055 2526 act.
1084 2493 1114 2526 1.
1144 2504 1185 2525 ex
1214 2491 1310 2525 libro
1344 2490 1378 2523 S.
1406 2488 1546 2523 Sabae.

171 2534 221 2570 δι’
242 2533 499 2573 ’Λνασιασίου
523 2534 587 2573 τοῦ
616 2536 751 2579 demtos·
773 2539 835 2581 τῆς
858 2542 946 2579 νέας
969 2540 1110 2584 λαύρας
1132 2533 1270 2578 αὕτοῦς
1293 2540 1436 2579 ἐξέωσε.
1466 2538 1547 2571 Me-

174 2583 379 2629 taphrastes
406 2587 477 2632 Sep
482 2592 507 2620 t.
536 2587 573 2620 in
598 2587 734 2621 Chai-it.
765 2583 832 2630 τὴν
860 2587 927 2632 ἤδη
961 2592 1295 2635 μνημονευθεῒσαν
1323 2582 1433 2632 ἱερὰν
1458 2585 1550 2620 λαύ-

175 2643 251 2677 ραν
274 2634 479 2715 οἷκοδοῖεἴ
503 2634 598 2668 adde
612 2634 890 2670 Constantinum
916 2636 962 2669 (le
987 2637 1122 2670 admin.
1154 2637 1238 2680 imp
1265 2647 1302 2680 p.
1316 2634 1363 2668 53
1388 2633 1445 2668 ed.
1469 2634 1547 2681 pri-

172 2690 265 2720 mae,
290 2681 405 2729 Nicep
434 2695 536 2717 orum
567 2682 756 2717 Callistum
785 2690 810 2717 t.
824 2685 846 2718 2
870 2697 903 2728 p.
929 2684 999 2719 555
1025 2691 1062 2718 et
1086 2683 1167 2724 564,
1192 2685 1242 2717 Io.
1268 2682 1453 2716 Moschum
1484 2682 1548 2716 Li-

174 2730 327 2763 monarii
358 2742 388 2765 c.
408 2729 443 2765 4
472 2730 681 2774 Anonymus
704 2732 742 2766 in
761 2732 1002 2767 Constantino
1029 2733 1157 2765 leonis
1195 2731 1233 2766 Ρ.
1261 2729 1280 2765 ὃ
1310 2730 1351 2765 δὲ
1377 2727 1550 2775 βασιλεὺς

168 2773 359 2857 Ιξωμοινός
382 2777 609 2818 ἀποστείλας
639 2781 693 2819 εἰς
724 2779 850 2816 πάντα
876 2779 922 2815 πὶ
947 2791 1186 2826 pom-compca
1211 2782 1275 2813 καὶ
1302 2775 1370 2818 τὰς
1395 2777 1548 2824 λαυρας.

202 2835 265 2857 nn
