1728 3184
669 166 869 212 NOTAE.
1386 170 1479 217 561

31 294 131 324 reae
169 279 406 337 cupiditatis
444 279 593 324 ardori
634 296 712 336 per
753 283 837 322 eius
879 283 1053 336 vestigia
1095 285 1407 338 gradiebantur.-
1447 297 1487 329 et

29 338 227 380 uxoribus
261 338 464 392 quondam
503 337 677 392 legitime
714 339 933 379 coniunctis
965 341 1084 380 domo
1114 343 1320 395 expulsis,
1360 345 1488 393 alias,

27 409 128 448 quas
150 395 397 450 ‹tepente-em,
425 393 487 436 ad
499 407 673 449 sponsae
697 395 853 448 prioris
880 396 1085 436 thalamos
1100 397 1357 440 inducebant.
1385 401 1487 440 luem

27 450 257 490 huiusmodi
289 451 336 492 in
377 444 528 493 malias
566 451 654 491 iam
676 451 913 506 provincias
947 462 1199 505 grassantem
1232 456 1371 495 videre
1397 470 1490 496 ma.

26 521 125 559 gnus
157 506 395 551 Theodorus
433 521 518 549 mm
540 507 722 546 sustinuit
739 524 753 546 .-
797 521 926 561 quare
966 510 1009 547 in
1044 510 1325 563 imperatorem
1354 515 1489 565 ipsum

27 562 219 608 divinum
248 563 402 614 zelum,
428 572 474 604 ut
493 564 789 618 praemisimuS‚
819 565 1005 614 exacuit,
1035 573 1075 603 et
1100 567 1142 604 in
1167 580 1212 604 eo
1243 568 1406 607 tenendo
1433 567 1492 607 ad

8 618 148 673 ι[ἰιιεηιιι
174 632 295 673 usque
322 620 611 675 perseveravit.
686 627 727 660 et
756 620 790 657 is
822 619 987 674 quidem
1026 621 1100 659 hoc
1126 630 1244 674 pacto
1270 637 1310 661 se
1332 623 1489 664 habuit.

24 675 350 728 patrt'arfcltannn
387 689 505 726 vcro,
537 673 742 730 dequibus
755 676 954 715 institutus
969 691 1112 727 sermo,
1140 678 1204 716 hic
1217 677 1393 731 quidem,
1424 681 1492 718 ni-

30 730 183 770 mirum
196 731 404 781 Tarasius,
418 731 572 772 idcirco
586 732 803 771 consentire
813 733 919 771 visus
936 741 1011 782 est,
1028 741 1067 772 et
1082 741 1318 773 attentatum
1338 748 1368 774 a
1388 734 1492 775 Con·

26 787 201 831 stantiae
213 787 341 829 scelus
359 788 473 828 nulla
492 788 843 828 animadversione
853 790 1144 843 perstringere,
1164 789 1276 844 quod
1297 790 1379 829 nisi
1397 792 1493 844 pla-

27 842 120 887 citis
147 843 409 896 acquiesceret
430 845 689 899 patriarcha,
714 845 945 900 principum
970 846 1165 899 proxime
1186 847 1494 899 praeteritorum

25 898 208 941 haereses
235 909 521 940 renovaturum
525 930 541 948 ,
572 909 612 940 et
637 910 867 940 sanctarum
894 901 1116 954 imaginum
1145 901 1291 941 cultum
1312 904 1493 956 pmscri-

25 963 191 1010 ptus-um
215 969 259 995 ce
287 956 520 1011 imperator
537 955 815 996 Constantinus
840 958 1076 997 minaretur.
1130 958 1246 997 lucius
1268 959 1406 1010 gratia
1430 959 1493 997 ri..

24 1011 142 1064 goris
169 1013 357 1056 nonnihil
389 1013 587 1053 relaxare
624 1013 822 1063 decrevit,
853 1026 903 1052 ne
941 1014 985 1053 in
1014 1013 1184 1053 maioris
1214 1015 1408 1053 momenti
1431 1028 1495 1053 res

26 1079 229 1108 summum
269 1067 478 1109 induceret
513 1069 731 1108 discrimen
744 1085 758 1107 .·
790 1077 952 1108 sanctus
992 1078 1132 1109 autem
1159 1068 1422 1123 Nicephorus,
1450 1071 1494 1109 in

32 1122 199 1163 alterius
212 1123 445 1180 Nic-ephori,
472 1126 547 1180 qui
568 1125 822 1179 postmodum
850 1126 1066 1179 imperium
1093 1125 1230 1174 tenuit,
1257 1125 1496 1164 sententiam

25 1177 209 1229 obnisus,
240 1188 326 1220 tum
367 1195 463 1220 vero
488 1195 640 1235 pravos
667 1182 751 1220 eim
781 1195 936 1229 mores,
968 1190 1009 1220 et
1033 1181 1168 1220 animi
1188 1182 1496 1235 perversitatem

25 1244 229 1288 arpertus,
257 1244 299 1276 et
316 1251 368 1276 ne
393 1237 578 1276 ordinem
596 1237 789 1276 ecclesiae
810 1236 1080 1292 perturbaret,
1110 1245 1150 1276 et
1168 1250 1232 1275 sus
1250 1236 1378 1291 deque
1402 1250 1497 1276 ver-

26 1299 128 1332 teret
153 1300 347 1343 metuens,
371 1307 572 1333 assensum
600 1308 753 1348 quoque
777 1294 991 1348 praestitit,
1021 1302 1061 1332 et
1089 1292 1248 1347 Ioseph,
1282 1306 1394 1347 quem
1422 1292 1496 1331 de-

24 1348 202 1402 positum
228 1348 412 1400 diximus
426 1379 439 1399 ,
477 1351 520 1388 in
546 1351 726 1404 priorem
763 1349 939 1402 gradum
968 1348 1147 1387 restituit.
1204 1357 1249 1387 at
1287 1349 1374 1388 sive
1401 1361 1495 1387 ma·

24 1417 128 1455 gnus
174 1403 413 1445 Theodorus
457 1419 599 1445 sacras
643 1407 748 1457 leges
774 1406 1075 1453 vindicaturus,
1118 1417 1167 1444 ac
1206 1404 1388 1443 libertate
1424 1418 1496 1443 sua

27 1473 120 1500 usus
160 1459 222 1500 ad
258 1470 481 1500 extremum
521 1477 641 1515 usque
679 1462 893 1501 discrimen
929 1461 1118 1500 obsistens
1152 1460 1410 1512 praeclarius
1452 1474 1496 1498 se

25 1517 214 1567 gessa-it,
257 1517 344 1562 sive
373 1518 640 1572 patriarchae
683 1517 732 1556 ob
759 1518 911 1557 allatas
947 1518 990 1556 in
1030 1516 1202 1555 medium
1228 1516 1406 1554 rationes
1431 1529 1498 1554 ns

27 1570 217 1624 difficiles
249 1573 475 1626 prudenter
512 1583 725 1624 attrectare
765 1574 995 1622 maluerint,
1024 1580 1063 1610 et
1088 1571 1270 1626 apposito
1299 1580 1498 1626 tempera-

28 1638 163 1669 mento
195 1629 390 1679 emollire,
418 1629 511 1668 aliis
538 1631 678 1683 quibus
704 1630 873 1670 lucidius
899 1630 1048 1668 mentis
1074 1640 1259 1673 acumen,
1289 1636 1327 1666 et
1354 1626 1412 1666 ad
1436 1641 1499 1664 res

28 1683 257 1725 huiusmodi
293 1684 574 1725 discernendas
615 1687 752 1725 animi
777 1700 909 1725 sensus
937 1684 1176 1738 vegetiores,
1205 1683 1497 1725 discutiendum

28 1741 307 1796 relinquimus.
365 1755 462 1781 sane
495 1742 774 1797 Epiphaniam
794 1741 924 1796 Cypri
949 1742 1176 1796 episcopum
1206 1740 1311 1779 :nter
1340 1747 1495 1778 sanctos

27 1797 228 1837 celebrem
252 1811 395 1851 parem
429 1797 640 1837 Theodoro
665 1806 802 1838 nostro
842 1797 1043 1847 ardorem,
1068 1805 1106 1834 et
1137 1796 1338 1834 invictum
1365 1794 1494 1832 animi

26 1852 152 1893 robur
175 1852 366 1893 adversus
393 1853 688 1908 imperatricem
718 1853 957 1893 Eudoxiam
985 1852 1276 1891 demonstrasse
1301 1850 1494 1890 novimus.

26 1907 112 1960 ipsi
138 1922 334 1966 namque,
372 1911 418 1948 ni
454 1911 620 1949 divinus
661 1909 966 1961 Chrysostomus
1005 1909 1049 1947 in
1078 1908 1247 1946 exilium
1278 1908 1494 1964 eiii-eretur,

25 1964 227 2005 idolorum
256 1966 410 2021 templa
434 1967 740 2022 quamprimum
785 1975 1020 2019 aperturam
1053 1979 1093 2003 se
1121 1964 1323 2002 minitanti
1348 1962 1482 2000 nulla-

26 2029 135 2060 tenus
161 2036 308 2062 manus
333 2022 459 2071 dedit,
493 2032 570 2062 aut
596 2022 879 2078 obsequendum
907 2029 1067 2060 sanctus
1098 2021 1169 2058 vir
1196 2019 1343 2058 duxit.-
1373 2019 1491 2072 quin-

26 2076 172 2128 immo,
200 2079 392 2119 innocens
431 2092 503 2132 ego
529 2093 617 2118 sum
648 2079 700 2118 ab
737 2078 965 2117 huiusmodi
995 2076 1158 2125 iudicio,
1184 2075 1432 2124 exclamans,
1458 2080 1497 2110 et

0 2178 1 2181 ,
24 2146 115 2172 eam
141 2134 187 2174 in
213 2136 346 2175 minas
393 2143 432 2173 et
451 2135 642 2187 furorem
669 2147 904 2174 conversam
939 2133 1178 2186 relinquens,
1201 2144 1386 2182 generose
1414 2142 1493 2166 ex-

0 2194 1 2198 ’
25 2191 149 2230 cessit.
175 2191 310 2231 aliam
340 2204 493 2246 quoque
519 2191 721 2232 dissensus
743 2191 1000 2244 patriarchas
1028 2190 1132 2227 inter
1159 2195 1198 2225 et
1231 2186 1487 2225 Theodorum

24 2259 193 2287 ‘'att-tam
215 2248 398 2288 extitisse
409 2248 585 2297 serunt.-
630 2246 740 2303 quod
765 2247 958 2286 nimirum
985 2260 1007 2284 e
1034 2245 1232 2283 laicorum
1263 2241 1405 2280 ordine
1432 2238 1491 2276 ad

19 2304 302 2355 patriarchale
325 2305 468 2344 solium
495 2305 704 2355 confestim
732 2304 875 2351 evecti,
904 2317 975 2342 nec
993 2303 1036 2340 in
1064 2301 1122 2339 eis
1151 2295 1390 2360 ordinandis
1411 2308 1489 2348 po-

23 2357 125 2398 sitae
151 2360 203 2398 ab
225 2361 398 2402 ecclesia
433 2360 536 2412 leges
564 2360 732 2408 ficet-int
768 2359 1019 2399 observatae.
1093 2355 1152 2394 ad
1178 2367 1279 2409 quae
1312 2352 1486 2397 obtecta,

23 2415 99 2469 qui
121 2426 233 2469 gesta
258 2431 393 2456 eorum
433 2417 691 2471 conscripsit,
716 2416 940 2470 respondet,
968 2427 1103 2453 sacros
1131 2423 1298 2450 canones
1318 2419 1490 2462 promo-

23 2471 149 2511 tiones
176 2473 402 2512 huiusmodi
440 2487 520 2512 non
558 2473 720 2512 omnino
761 2471 982 2511 damnare.-
1025 2468 1100 2507 sed
1126 2482 1174 2506 ne
1202 2461 1487 2504 consecrandus

23 2539 159 2578 terum
184 2530 332 2582 gradui
361 2542 628 2581 congruarum
654 2528 805 2583 peritia
827 2529 1020 2582 privatus
1048 2525 1089 2562 in
1116 2521 1343 2583 periculum·
1365 2518 1485 2557 eecle-

25 2584 136 2623 siam
162 2585 349 2643 adducat,
377 2593 536 2624 tantum
575 2599 729 2623 cavere.
798 2584 923 2623 iidem
950 2595 1073 2629 vero,
1106 2591 1294 2631 magnus,
1326 2586 1488 2638 ”uflfam

31 2637 234 2692 Tanusius,
275 2650 316 2680 et
354 2655 468 2680 sacer
498 2640 744 2696 Nicephorus
778 2641 820 2678 in
868 2651 1031 2690 magnos
1069 2646 1243 2673 accessus
1281 2630 1489 2670 ecclesiam

52 2698 215 2749 mgr-edi
239 2698 483 2745 studuerunt,
511 2706 548 2735 et
569 2697 613 2735 in
642 2697 793 2735 cunctis
813 2709 942 2751 aequo
959 2695 1135 2745 bonoque
1158 2687 1377 2728 consultum
1406 2698 1490 2750 esse

23 2752 251 2793 voluerunt.
306 2768 387 2810 qua
425 2753 476 2792 de
510 2766 635 2791 causa
663 2765 860 2792 canonem
902 2764 968 2788 eos
992 2760 1165 2799 carpere
1191 2743 1307 2783 nulla
1334 2750 1487 2781 rollone

144 2836 383 2883 Theophanes
411 2838 462 2871 11.
1173 2826 1219 2860 35
