1794 3250
607 213 680 254 ex
716 194 1063 253 TfissornANE.
1454 204 1548 251 251

96 341 142 368 ex
173 331 275 366 tuno
301 339 403 380 ergo
440 326 583 380 coepit
621 325 704 366 dici
733 330 778 365 et
806 325 1012 379 disputari
1037 340 1162 380 super
1189 325 1337 366 sanctis
1366 321 1558 379 imagini-

94 382 171 423 bns
197 395 335 423 sermo
370 382 424 422 ab
455 382 647 422 omnibus
676 396 771 422 cum
804 381 970 422 fiducia.

210 457 329 494 Anno
366 454 532 508 imperii
576 454 757 495 Heirene
803 468 900 494 cum
938 453 1025 493 filio
1071 454 1220 509 quinto
1258 453 1442 494 Arabum
1479 451 1560 491 dux

96 514 228 552 Moses
260 510 526 564 provehitur,
556 511 627 566 qui
658 525 744 550 uno
763 510 829 551 'eis
857 510 1043 565 praefuit
1080 523 1205 550 anno·
1264 507 1563 549 Constantino-

97 568 307 622 politanus
337 582 438 613 vero
465 566 658 607 Tarasius
690 566 872 608 habetur
899 567 1078 607 antistes.
1134 565 1218 606 hoc
1247 578 1418 620 quoque
1452 577 1564 604 anno

97 625 275 664 collecto
323 623 565 677 imperatrix
599 623 778 665 Heirene
817 623 930 663 omui
962 623 1124 677 populo
1155 621 1268 677 apud
1295 623 1566 675 Magnauram
1597 654 1610 664 ,

98 679 202 720 dixit
230 679 284 719 ad
313 693 382 720 eos
415 679 566 731 “scitis‚
597 679 767 731 fratres,
799 678 900 735 quid
925 679 1075 720 fecerit
1110 679 1265 720 Paulus
1292 676 1565 731 patriarcha;

99 743 143 776 et
169 735 376 791 siquidem
408 735 593 786 vixisset,
635 750 720 776 non
754 735 902 791 utique
938 743 1183 790 pateremur
1211 734 1325 774 hunc
1353 733 1567 774 dimittere

98 791 324 832 sacerdotii
355 791 571 843 thronum,
601 791 699 832 licet
716 792 991 833 monasticum
1019 791 1211 832 habitum
1233 789 1441 830 induisset.
1472 788 1567 843 quia

101 862 218 899 vero,
246 847 368 888 sicuti
400 847 479 889 deo
509 848 680 902 placuit,
724 848 777 890 de
811 849 894 890 vita
934 848 1143 903 migravit,
1171 845 1462 902 provideamus
1490 844 1569 883 bo·-

101 905 281 957 minem,
325 904 400 959 qui
427 904 562 958 possit
608 919 779 958 pascere
807 919 881 945 uos
911 910 952 945 et
981 905 1196 946 ecclesiam
1223 903 1287 944 dei
1316 901 1569 942 didascalicis

100 974 348 1001 conservare
373 960 679 1000 sermonibus.''
708 962 780 1016 qui
812 962 1065 1002 unanimiter
1095 975 1234 1001 omnes
1263 959 1457 999 dixerunt
1485 971 1568 996 nou

100 1019 194 1058 sore
223 1016 350 1056 alium
380 1016 686 1057 nisiTarasium
717 1033 740 1057 a
769 1019 950 1059 secretis.
1008 1025 1051 1058 at
1073 1017 1142 1058 illa
1171 1021 1241 1057 “et
1271 1017 1370 1056 nos’'
1400 1014 1458 1054 ait
1489 1014 1571 1053 “il-

105 1075 190 1114 lum
223 1072 422 1126 eligimus,
477 1073 548 1113 sed
580 1073 764 1124 resultet,
793 1080 834 1115 et
871 1074 982 1114 dicat
1011 1089 1092 1128 pro
1124 1089 1207 1129 qua
1238 1087 1358 1112 causa
1389 1086 1471 1111 non
1500 1086 1570 1110 su-

100 1130 227 1184 scipit
252 1129 499 1170 electionem
533 1130 699 1184 imperii
732 1136 773 1170 et
801 1131 930 1170 totius
960 1130 1128 1184 plebis.’'
1185 1136 1228 1169 at
1258 1129 1326 1169 ille
1355 1127 1573 1182 respondit

102 1185 264 1240 populo
298 1185 439 1225 dicens
467 1185 781 1226 “immaculatae
813 1185 908 1227 fidei
946 1192 1114 1227 nostrae
1135 1185 1467 1226 Christianorum
1497 1198 1570 1223 cu-
1586 1187 1709 1235 p.710

102 1241 255 1292 stodes,
284 1247 328 1281 et
356 1255 503 1281 eorum
529 1257 637 1297 quae
668 1243 708 1282 in
740 1242 917 1296 gloriam
948 1242 1016 1283 dei
1042 1248 1139 1282 sunt
1164 1241 1439 1283 aemulatores
1467 1239 1575 1280 fide-

104 1297 174 1347 les,
214 1298 488 1351 imperatores
519 1299 667 1349 nostri,
710 1304 910 1353 tanquam
950 1299 1138 1339 omnium
1178 1299 1221 1338 in
1266 1297 1571 1353 beneplacitum

107 1355 195 1394 eius
223 1360 266 1394 et
293 1354 334 1393 in
364 1355 632 1394 commodum
678 1361 868 1395 nostrum
899 1369 1043 1395 curam
1082 1355 1292 1405 facientes,
1327 1360 1369 1394 et
1398 1353 1574 1393 maxime

109 1422 222 1450 nunc
259 1409 534 1450 ecclesiastica
574 1412 740 1466 negotia
772 1410 995 1467 diligenter
1035 1417 1076 1451 et
1104 1411 1279 1451 sollicite
1307 1409 1575 1450 consideran-

108 1473 192 1517 tes,
231 1480 317 1521 quo
345 1480 526 1507 summus
558 1466 750 1508 sacerdos
790 1467 832 1507 in
862 1467 940 1508 hac
969 1468 1082 1523 regia
1111 1468 1219 1508 urhe
1246 1481 1318 1508 sua
1346 1465 1576 1506 constitue-

106 1537 193 1572 rer,
223 1523 263 1562 in
292 1536 388 1562 suae
419 1522 584 1577 pietatis
615 1538 682 1564 me
708 1524 893 1564 animum
933 1531 1254 1578 assumpserunt,
1290 1530 1332 1563 et
1363 1528 1410 1562 ut
1439 1521 1578 1561 mani-

109 1579 210 1620 feste
239 1578 342 1618 mihi
370 1578 585 1620 diceretur
613 1579 729 1635 quod
757 1579 961 1620 consiliati
981 1586 1078 1621 sunt
1103 1585 1430 1635 praeceperunt.
1462 1592 1580 1618 cum-

110 1649 194 1690 que
223 1635 275 1674 ad
307 1635 389 1675 hoc
417 1650 483 1676 me
512 1636 729 1690 indignum
759 1651 843 1677 esse
860 1638 1185 1691 pronuntiarem
1215 1641 1257 1677 et
1285 1635 1444 1676 nullum
1475 1649 1582 1674 con-

112 1705 276 1732 sensum
305 1691 539 1742 efficerem,
579 1698 728 1746 utpote
758 1693 831 1748 qui
871 1693 1013 1749 iugum
1044 1694 1164 1734 huius
1191 1692 1379 1732 sarcinae
1406 1696 1583 1745 portare

109 1747 175 1788 vel
201 1748 376 1788 sufferre
404 1762 488 1788 non
511 1762 687 1803 possem,
720 1750 927 1789 iusserunt
950 1765 1017 1791 me
1041 1749 1191 1790 adduci
1212 1755 1309 1789 ante
1338 1748 1486 1788 faciem
1511 1762 1583 1787 ve-

110 1810 253 1852 stram,
282 1818 366 1857 pro
396 1819 448 1846 eo
478 1805 594 1860 quod
623 1804 744 1845 huius
774 1806 935 1846 consilii
967 1807 1177 1847 unanimes
1207 1811 1250 1847 et
1276 1804 1583 1859 comprobato-

111 1873 177 1900 res
207 1860 341 1900 effecti
373 1861 470 1901 sitis.
539 1867 582 1901 et
610 1876 748 1911 nunc,
780 1878 804 1903 ο
840 1862 942 1913 viri,
973 1863 1046 1917 qui
1080 1863 1204 1904 deum
1232 1862 1383 1901 timetis
1411 1866 1454 1900 et
1478 1874 1580 1900 sem-

112 1930 192 1969 per
216 1915 330 1957 huuc
361 1917 400 1957 in
440 1917 636 1958 cordibus
682 1920 827 1959 vestris
857 1919 1043 1968 habetis,
1085 1920 1243 1974 quique
1273 1917 1426 1958 Christi
1454 1931 1583 1957 voca-

113 1972 243 2019 tione,
277 1972 367 2012 veri
397 1973 590 2014 videlicet
633 1974 697 2015 dei
740 1975 901 2026 nostri,
933 1975 1205 2015 nominamini
1232 1973 1471 2023 Christiani,
1500 1972 1583 2024 aio,

114 2027 258 2068 audite
283 2028 419 2069 brevis
446 2031 646 2071 sermonis
676 2031 726 2071 ab
758 2032 979 2087 exiguitate
1010 2047 1058 2072 ae
1082 2031 1318 2072 humilitate
1347 2036 1489 2069 nostra
1514 2044 1583 2069 ra-

114 2084 289 2125 tionem.
347 2099 424 2140 ego
455 2086 625 2141 quidem
665 2087 867 2143 quicquid
898 2088 976 2142 piis
1005 2088 1329 2143 imperatoribus
1361 2086 1513 2126 nostris
1543 2089 1585 2124 et

113 2154 194 2195 per
222 2140 360 2180 omnia
390 2141 633 2183 orthodoxis
675 2145 989 2198 responderim,
1032 2151 1075 2186 et
1117 2145 1158 2185 in
1187 2148 1416 2198 conspectu
1445 2146 1582 2182 vestro

115 2196 320 2237 orationis
350 2212 467 2238 meae
509 2201 702 2254 apologia
735 2201 1026 2254 respondeam.
1104 2202 1258 2242 timore
1286 2200 1504 2253 deprimor
1533 2195 1585 2236 ad

115 2253 463 2293 consentiendum
495 2254 595 2296 huic
622 2256 841 2308 electioni,
873 2264 916 2299 et
947 2272 1099 2299 vereor
1125 2273 1148 2297 a
1178 2257 1283 2298 facie
1312 2256 1379 2296 dei
1409 2267 1583 2295 currere
1595 2260 1715 2309 p,711

117 2309 259 2349 taliter
296 2316 339 2349 et
387 2311 707 2365 quomodolibet
745 2313 1143 2368 incircumspectuS,
1182 2321 1231 2354 ut
1274 2326 1358 2352 non
1402 2308 1584 2352 terribili

118 2365 376 2406 damnationi
406 2369 685 2408 succumbam.
757 2370 789 2410 si
836 2370 946 2411 enim
974 2370 1136 2410 divinus
1174 2370 1326 2410 Paulus
1354 2366 1584 2421 apostolus,

119 2421 193 2476 qui
224 2420 290 2462 dei
320 2437 441 2462 voces
471 2424 631 2464 audivit
659 2425 902 2480 caelumque
925 2427 1069 2467 habuit
1097 2426 1288 2467 erudiens
1315 2438 1357 2463 se
1385 2429 1428 2463 et
1454 2436 1585 2476 para-

118 2477 195 2517 disi
223 2477 437 2532 inspector
466 2479 632 2520 effectus
657 2487 718 2522 est
745 2481 988 2538 audivitque
1017 2497 1169 2524 arcana
1204 2480 1333 2522 verba
1362 2485 1406 2520 et
1434 2483 1585 2534 porta-

118 2534 180 2573 vit
209 2548 360 2575 nomen
393 2535 460 2576 dei
494 2550 639 2576 coram
668 2538 858 2592 gentibus
900 2546 943 2580 et
974 2540 1152 2594 regibus,
1184 2538 1285 2578 dixit
1311 2550 1379 2575 ne
1415 2535 1584 2585 forte,

120 2602 235 2630 cum
277 2591 408 2631 aliis
444 2593 931 2646 praedicaverim,
970 2596 1090 2651 ipse
1133 2592 1413 2648 reprobus
1453 2591 1587 2632 effi-

120 2645 265 2696 0521'»
298 2647 514 2701 quomodo
546 2663 656 2703 ego,
702 2650 774 2706 qui
818 2652 859 2691 in
908 2652 1067 2692 mundo
1112 2654 1377 2689 conversatus
1421 2653 1463 2688 et
1490 2662 1587 2687 cum

121 2700 235 2742 laicis
264 2711 588 2745 connumeratus
622 2706 661 2745 in
693 2706 975 2760 imperatoriis
1020 2703 1444 2747 administrationibus
1474 2703 1586 2743 mili-

123 2757 208 2820 tavi
227 2788 238 2806 ,
280 2760 339 2799 sic
371 2761 528 2815 absque
567 2761 821 2804 iudicatione
863 2771 991 2819 atque
1019 2760 1393 2814 circumspectione
1418 2774 1587 2814 possum

123 2813 281 2856 insilire
310 2815 364 2856 ad
394 2817 619 2859 sacerdotii
646 2819 989 2874 magnitudinem,
1023 2817 1281 2860 horrendum
1313 2830 1515 2858 conamen
1534 2817 1587 2857 ad
