1768 3268
261 217 324 267 34
466 224 750 266 ANASTASH
797 219 1059 264 HISTORIA
1107 217 1443 261 ECCLESIASTI
1449 217 1519 260 CA

260 328 442 369 cundum
457 328 667 368 Christum
697 335 767 376 est,
797 326 1011 380 multaque
1043 323 1203 363 animae
1232 322 1459 377 profutura
1491 321 1731 375 composuit

258 391 539 434 monumenta,
570 391 655 424 tam
697 383 852 424 scilicet
893 385 933 422 iu
968 382 1202 422 Exameron
1245 386 1286 418 et
1334 380 1374 418 in
1420 393 1468 419 ca
1499 393 1607 434 quae
1634 384 1732 432 post

256 444 488 483 Exameron
510 449 617 490 sunt,
650 441 690 480 in
720 440 848 480 multa
875 439 998 479 etiam
1024 436 1342 492 prophetarum,
1371 441 1413 475 et
1432 436 1607 476 maxime
1621 436 1729 475 Eze-

220 508 234 522 ·‘
256 499 396 539 chielis
427 505 467 540 et
485 498 696 546 Danieh‘s3
731 497 829 552 quin
864 501 905 536 et
934 495 974 534 in
1003 495 1162 534 cantica
1192 495 1456 539 canticorum
1487 498 1529 533 et
1558 491 1599 533 in
1631 492 1728 532 alias

257 556 435 596 diversas
469 562 625 595 veteres
655 559 697 595 et
716 567 840 592 novas
867 553 1116 605 scripturas3
1150 550 1310 590 interea
1339 550 1466 590 etiam
1495 550 1536 590 in
1568 563 1728 603 apoca-

256 612 390 667 lvpsin
420 611 618 666 theologi,
649 625 775 666 quam
805 609 846 649 in
865 609 1011 648 Patmo
1043 606 1160 646 vidit.
1219 612 1260 647 et
1286 613 1436 647 contra
1468 607 1730 647 Marcionem

128 658 297 718 [semet
328 676 486 709 ceteras
518 668 702 708 haereses
733 666 922 720 scripsit,
954 671 996 705 ct
1027 664 1077 704 de
1111 662 1161 704 16
1194 678 1401 703 annorum
1433 662 1620 716 circulo,
1653 662 1729 718 qui

257 727 296 765 in
330 726 505 779 paschae
537 724 700 765 ratione
733 721 946 763 observari
980 720 1095 771 solet,
1127 720 1317 775 exposuit
1347 735 1568 769 canonem,
1603 735 1729 775 quem

255 783 363 822 intra
394 781 579 836 primum
622 795 776 820 annum
820 778 1035 818 concludit
1074 777 1295 818 Alexandri
1327 779 1541 818 Mamaeae
1569 777 1655 817 filii.
1686 782 1728 817 et

254 845 300 879 ut
322 838 615 891 compendiose
635 837 811 887 dicatur,
831 834 1118 888 Theophrates
1150 837 1182 885 ⁴¹)
1204 833 1352 874 fluvius
1381 834 1577 875 ecclesiae
1609 834 1728 874 vivo·

253 910 347 935 rum
374 895 540 935 effectus
569 899 628 935 est
657 893 926 942 fluentorum,
960 890 1010 930 ad
1041 897 1271 931 extremum
1297 891 1490 947 martyrii
1521 905 1727 933 coronam

252 951 431 991 indutus.
499 966 545 991 ex
585 950 665 991 hoc
705 949 829 991 etiam
874 948 1009 988 infelix
1039 947 1240 1002 Origenes
1282 948 1576 988 conscribendi
1607 962 1726 988 com-

251 1008 475 1048 mentarios
505 1007 546 1047 in
578 1007 804 1061 scripturas
836 1011 992 1045 sanctas
1023 1005 1208 1045 fomitem
1229 1004 1418 1059 sumpsit,
1455 1005 1656 1046 incitante
1684 1019 1727 1046 se

250 1065 498 1117 Ambrosio,
530 1071 571 1104 et
599 1064 775 1114 affatim,
808 1077 914 1117 quae
962 1061 1000 1101 in
1039 1061 1118 1101 hoc
1153 1076 1256 1115 opus
1307 1068 1439 1103 essent
1478 1061 1724 1113 necessaria,

249 1121 462 1175 largiente.
522 1121 702 1175 denique
733 1125 890 1174 septem
912 1119 1098 1158 notarios
1130 1119 1333 1159 velociter
1354 1126 1394 1160 et
1424 1119 1587 1174 optime
1616 1119 1725 1159 scri-

246 1178 388 1218 bentes
422 1177 640 1225 adhibuit3
672 1177 743 1217 sed
772 1182 814 1216 et
842 1175 999 1230 puellas
1027 1174 1237 1215 scribendi
1263 1183 1354 1216 arte
1384 1175 1640 1216 doctissimas
1669 1174 1722 1216 ad

248 1234 564 1274 inenarrabilem
615 1234 652 1274 ei
687 1233 980 1287 praestandam
1023 1232 1282 1272 alacritatem
1314 1233 1518 1274 dictandi.
1577 1232 1648 1273 sed
1679 1233 1722 1273 in

245 1291 493 1330 barathrum
522 1289 681 1344 gentilis
712 1288 1062 1344 prodigiosaeque
1094 1289 1360 1330 stibulationis
1379 1291 1568 1346 delapsus
1599 1290 1724 1330 resti-

247 1348 449 1387 tutionem
480 1354 520 1387 ct
553 1347 909 1400 praeexistentiam
933 1360 1096 1386 necnon
1127 1352 1168 1387 et
1195 1346 1273 1386 alia
1290 1347 1494 1402 quaedam
1525 1347 1722 1402 dogmata

243 1403 510 1457 praedicavit,
543 1410 584 1444 et
613 1403 706 1443 ideo
738 1419 760 1442 a
789 1403 922 1443 choro
950 1408 1193 1443 sanctorum
1225 1403 1413 1458 expulsus
1446 1409 1521 1445 est.
1582 1406 1721 1444 fertur

243 1466 383 1500 autem
413 1460 528 1516 quod
544 1462 742 1508 Mamaea,
774 1465 911 1500 mater
939 1460 1204 1513 imperatoris
1223 1460 1459 1512 Alexandri,
1491 1476 1585 1501 cum
1618 1467 1723 1501 essct

242 1516 400 1570 oppido
429 1517 496 1558 dei
527 1516 688 1568 cultrix,
721 1517 861 1557 locuta
886 1516 946 1555 'sit
978 1532 1074 1556 cum
1097 1517 1281 1572 Origene
1314 1517 1427 1572 apud
1457 1517 1721 1559 Antiochiam

241 1574 421 1627 degensg
455 1588 559 1628 quae
587 1574 708 1613 etiam
739 1588 864 1627 penes
898 1588 1040 1613 omnes
1062 1574 1134 1629 qui
1165 1575 1310 1614 famosi
1343 1582 1444 1614 tuuc
1459 1575 1722 1616 Christiano..

240 1645 336 1669 rum
376 1631 559 1684 magistri
598 1630 889 1682 habebantur,
937 1630 1228 1685 benignissime
1274 1633 1492 1672 ferebatur
1536 1638 1722 1687 propter

240 1685 375 1736 fidem,
410 1702 488 1742 qua
520 1701 617 1741 erga
647 1686 857 1727 Christum
893 1686 1110 1742 flagrabat.
1178 1689 1328 1728 Emaus
1361 1689 1620 1730 Palaestinae
1653 1704 1722 1728 ca-

240 1743 426 1790 stellam,
459 1743 509 1783 de
555 1758 639 1798 quo
688 1744 728 1784 in
770 1744 894 1784 sacris
940 1744 1095 1799 legitur
1123 1746 1369 1800 evangeliis,
1399 1746 1450 1786 ab
1483 1745 1719 1786 Alexandro

241 1799 451 1854 Nicopolis
493 1805 551 1840 est
584 1800 783 1840 honorari
813 1800 998 1853 decreta,
1031 1802 1239 1855 legatione
1275 1803 1474 1859 fungente
1505 1804 1720 1854 Africano,

243 1856 315 1910 qui
343 1856 531 1896 historias
560 1857 600 1897 in
636 1857 821 1913 quinque
851 1858 966 1897 libris
997 1859 1256 1914 conscripsit.

113 1932 232 1977 poso
354 1928 500 1968 Mundi
530 1945 639 1970 anno
672 1929 794 1980 5728,
829 1930 992 1971 divinae
1024 1931 1326 1972 incarnationis
1355 1947 1466 1973 anno
1499 1933 1594 1984 228,
1626 1935 1721 1974 Ma-

244 1983 415 2025 ximinus
460 1985 665 2038 imperans
713 1994 859 2027 contra
889 1987 1142 2028 Christianos
1186 1991 1526 2043 persecutionem
1566 1991 1718 2031 movit.

242 2038 303 2079 his
336 2043 592 2096 temporibus
623 2043 828 2084 Antherus
859 2051 900 2086 et
929 2045 1157 2086 Pontianus
1190 2047 1369 2088 Romani
1396 2047 1604 2102 praesules
1634 2048 1722 2088 cla-

245 2106 439 2139 ruerunt.

111 2172 227 2216 p-681
358 2171 504 2211 Mundi
534 2186 641 2211 anno
661 2171 782 2223 5731,
815 2173 979 2216 divinae
1009 2175 1309 2218 incarnationis
1338 2191 1448 2218 anno
1479 2177 1574 2229 231,
1605 2180 1722 2219 Gor-

245 2226 389 2324 32:¹1?
435 2227 625 2282 imperat.
682 2230 887 2270 Fabianus
929 2232 1147 2288 episcopus
1188 2234 1402 2275 Romanus
1448 2241 1614 2291 martyr
1642 2233 1721 2275 ha-

355 2356 501 2397 Mundi
532 2371 641 2397 anno
663 2357 786 2408 5737,
823 2360 986 2402 divinae
1018 2363 1314 2405 incarnationis
1343 2380 1452 2406 anno
1485 2364 1585 2416 237,
1612 2365 1722 2406 Por-

110 2427 145 2461 p.
163 2416 230 2453 682
244 2411 415 2468 phyrius
430 2413 586 2477 Plotini
610 2414 814 2456 Platonici
843 2418 1084 2474 philosophi
1116 2421 1285 2462 auditor
1314 2422 1510 2463 habetur.
1575 2423 1722 2463 Theo-

244 2482 420 2524 pompus
458 2469 728 2525 philosophus
774 2474 883 2527 apud
916 2476 1205 2518 ‘Chaeroniam
1236 2485 1278 2519 et
1305 2480 1483 2520 Nicator
1521 2479 1718 2533 Sophista

243 2539 366 2590 penes
408 2527 586 2566 Athenas
629 2527 831 2581 pollebat.
904 2531 1120 2588 Philippus
1164 2536 1397 2590 imperator
1426 2536 1532 2577 adeo
1566 2537 1605 2575 iu
1638 2537 1721 2577 fide

243 2581 396 2622 Christi
422 2583 671 2636 proficiebat
705 2591 750 2624 ut
781 2585 906 2626 etiam
935 2597 1106 2643 peccata
1148 2607 1218 2632 sua
1255 2599 1458 2648 prompte
1489 2593 1719 2634 confitere-

242 2642 335 2687 tur,
375 2644 416 2678 et
444 2646 566 2679 nocte
594 2639 792 2694 paschalis
822 2642 1050 2686 festivitatis
1080 2649 1341 2691 multitudini
1386 2650 1499 2690 inter
1525 2649 1722 2690 ecclesia-e

242 2694 452 2734 orationes
486 2697 831 2738 communicaret.
892 2701 1002 2743 unde
1029 2704 1186 2746 factum
1217 2714 1277 2748 est
1307 2712 1354 2747 ut
1385 2705 1546 2748 divinus
1577 2721 1716 2748 sermo

242 2749 490 2805 ampliorem
517 2751 710 2793 fiduciam
741 2762 933 2796 sumeret.

335 2857 366 2902 *)
396 2856 593 2904 Euphrates
622 2860 735 2895 codex
760 2859 944 2896 Thuanus.
