1728 3184
446 193 636 246 NOTAE
673 192 1056 262 Posrmionns.
1388 188 1484 236 569

27 311 154 351 versis
186 307 354 364 imperii
381 307 557 348 Romani
596 306 837 361 provinciis.
899 309 964 348 vel
991 304 1064 361 τό,
1094 305 1197 349 κατὰ
1226 307 1367 361 γένος,
1409 321 1487 361 per
1555 315 1561 322 ⁸

25 367 222 407 familias:
264 364 324 406 sie
364 365 475 404 enim
510 362 802 412 commodum,
836 363 1012 404 delectas
1049 365 1220 404 familias
1246 364 1488 414 transferre,

27 421 346 521 ἓξίιαῗὲιὲἕὲιὲαω
385 421 506 462 brevi
547 421 704 461 civium
752 434 998 471 numerum,
1028 421 1226 477 urbisque
1256 419 1488 474 potentium

137 550 208 603 35,
230 547 270 592 4.
326 546 591 596 εἰσελθόντος
618 547 712 589 ἐκεῖ
733 545 954 601 ἱστορῆσαι
972 544 1074 595 τούς
1099 545 1270 599 τόπους]
1297 549 1368 604 qui
1386 562 1487 604 pm-

5 609 151 661 fictus
180 616 277 648 esset
306 604 367 646 ad
397 620 466 646 eas
495 604 679 646 visendas
710 606 889 659 regiones
902 635 913 656 ,
945 614 1066 660 alque
1104 603 1347 644 lustrandas.
1406 603 1487 644 du-

27 665 114 705 rius
145 663 386 705 redditum:
429 660 490 702 ad
512 662 574 702 ibi
597 662 733 717 posita
775 663 870 702 loca
895 675 1073 717 quaeque
1101 659 1362 702 describenda
1382 673 1487 716 pro·

6 722 141 775 secto.
198 715 251 760 τοὶ
283 713 367 758 eud
398 717 485 771 τῆς.
516 717 675 758 emend.
708 719 816 759 bene
847 718 889 757 in
918 718 1043 758 Bai-b.

135 797 245 838 lbid.
284 796 351 837 18.
405 795 502 847 περὶ
538 795 621 836 τῶν
662 790 901 837 ἐπισκόπων
944 793 1207 848 Βυζαντίου,
1250 793 1324 834 καί
1350 785 1488 834 ἄλλων

23 853 190 894 πολλῶν
217 849 357 894 τόπων
374 851 612 907 διεξῆλθεν]
642 854 852 893 historiam
878 852 1088 893 contexuit
1103 851 1375 907 episcopor-mn
1400 849 1488 902 By-

25 911 162 961 mntii,
186 918 228 950 ec
244 908 431 967 plurium
459 910 636 951 aliar-um
663 909 887 949 civitatum.
918 909 975 949 sic
1004 908 1112 948 bene
1139 912 1278 948 Anast.

133 980 203 1033 36,
231 980 272 1022 6.
329 978 511 1030 πολλοὺς
539 980 771 1032 ὑπομείνας
799 977 1036 1032 αἰκισμούς]
1070 981 1176 1021 bene
1203 979 1326 1031 idem,
1356 976 1487 1018 multis

22 1038 192 1092 affectus
219 1037 475 1079 verberibus:
518 1038 633 1093 quod
666 1045 708 1078 et
737 1038 782 1078 P.
818 1040 936 1078 Goar
975 1038 1087 1078 forte
1118 1035 1295 1078 reddere
1334 1034 1482 1084 voluit,

25 1104 208 1147 contusus
236 1093 491 1144 verberibus3
522 1109 606 1135 uon
638 1094 810 1145 iniuriis,
841 1101 889 1135 ut
916 1093 1074 1135 editum
1100 1099 1172 1134 est.

135 1165 248 1210 Ibid.
282 1164 345 1207 13.
404 1166 482 1206 τοῦ
508 1166 716 1218 βασιλέως
747 1162 988 1221 Ῥωμαίων]
1019 1166 1142 1206 Barb.
1172 1170 1250 1206 etc.
1280 1165 1487 1218 Συμεῶνα

22 1220 351 1276 ἅρχιεπίσκοπον
376 1221 707 1277 Κτησιφῶντος,
734 1222 807 1263 καί
836 1219 910 1262 τὸν
937 1221 1178 1271 Σελευκὺις]
1212 1223 1487 1277 archiepisco-

17 1294 120 1335 pum
154 1279 415 1334 Ctesiphontis
441 1278 696 1331 Symeonem,
737 1287 775 1319 et
800 1279 1003 1319 Seleuciae
1034 1280 1273 1334 episcqnum.
1327 1278 1387 1319 sic
1419 1280 1488 1318 in-

22 1337 88 1375 sra
116 1334 235 1375 unius
260 1334 561 1389 archiepiscopi
583 1335 797 1391 Symeonis
816 1335 1019 1385 meminit,
1048 1335 1234 1389 plurium
1265 1335 1486 1389 episcopo-

22 1406 144 1442 rum,
178 1390 219 1432 in
250 1392 399 1446 quibus
430 1397 473 1432 et
504 1392 589 1446 ipse
618 1391 829 1432 Seleuciae
872 1391 1089 1445 episcopus
1122 1391 1266 1432 fuerit.
1323 1405 1400 1431 nec
1427 1391 1486 1430 ita

18 1449 167 1502 passim
214 1448 283 1488 illa
328 1454 463 1489 aetate
493 1448 700 1503 quibusvis
742 1447 1022 1501 metropolitis
1061 1447 1235 1488 cedebat
1274 1446 1488 1500 archiepi-

20 1504 138 1559 scopi
161 1518 326 1556 nomen‚
354 1504 425 1544 sed
445 1504 507 1545 vel
521 1504 771 1559 patriarchis
801 1505 1011 1555 duntaxat,
1040 1505 1105 1545 vel
1131 1503 1370 1559 praecipuis
1397 1503 1487 1557 pri.

20 1561 224 1611 ruatibus,
265 1575 313 1601 ac
354 1561 426 1616 qui
469 1561 599 1615 gentis
640 1561 824 1617 integrae
853 1566 983 1615 caput
1012 1564 1159 1614 erant,
1191 1566 1234 1601 et
1265 1559 1343 1615 ipsi
1374 1560 1486 1600 velut

19 1617 311 1672 patriarchae,
357 1617 547 1657 nonnihil
574 1624 710 1658 tamen
749 1617 967 1658 inferiores
995 1616 1162 1658 summis
1194 1616 1341 1669 tribus,
1372 1622 1486 1656 tum-

24 1689 105 1729 que
133 1679 349 1730 quattuor,
380 1688 428 1713 ac
458 1675 643 1729 quinque
671 1673 934 1730 patriarchis.

131 1746 201 1798 37,
237 1745 274 1787 1.
331 1745 404 1786 καί
430 1746 570 1796 ξέναις
598 1747 671 1798 τῆς
697 1741 879 1802 φύσεως.

130 1819 199 1875 38,
227 1819 268 1861 7.
325 1814 452 1860 ἔλυσε
481 1816 530 1859 τὸ
565 1817 834 1874 ζητούμενον]
867 1820 972 1861 male
1001 1819 1158 1861 editum
1188 1815 1350 1859 ἕλκυσε.

129 1891 196 1943 39,
221 1891 263 1933 8.
321 1887 442 1932 ἔσται
470 1889 517 1933 τὸ
545 1891 616 1933 ἐπὶ
644 1893 824 1945 χαλινοῦ
853 1892 929 1933 τοῦ
955 1893 1086 1933 ἵππου
1109 1886 1246 1945 ἅγιον]
1279 1891 1357 1940 erit
1381 1890 1493 1947 quod

22 1959 80 1990 est
108 1950 151 1989 in
180 1950 456 2005 equifiaeno,
487 1959 664 1989 sanctum
695 1950 856 1990 domino
871 1966 884 1989 .-
913 1949 999 1990 sive
1028 1955 1075 1988 ut
1091 1951 1211 2004 Xyst.
1240 1946 1354 2005 quod
1372 1961 1494 2002 super

0 2008 202 2058 ‚si-aenum
232 2005 334 2060 equi⁴
351 2014 420 2045 est.
496 2005 609 2046 locus
637 2013 697 2046 est
726 2005 898 2047 zachar.
931 2005 983 2047 14
1012 2007 1124 2047 iuxta
1153 2003 1222 2058 70,
1251 2019 1355 2060 quos
1386 2004 1489 2045 flie-

21 2075 220 2118 ronymus
248 2075 298 2102 eo
330 2060 424 2102 loco
457 2069 623 2103 secutus
655 2068 728 2103 est.

134 2133 204 2186 41,
235 2134 275 2175 2.
332 2130 555 2187 ὁμώνυμον
582 2135 634 2190 τῇ
659 2136 815 2189 μητρί]
848 2141 894 2177 ut
924 2149 1066 2176 omnes
1096 2134 1220 2176 codd.
1251 2148 1342 2175 mss.

129 2208 237 2249 Ibid.
270 2207 333 2248 11.
389 2208 489 2260 μεθ’
515 2201 575 2248 ὧν
617 2209 692 2249 καί
718 2207 789 2249 τὸν
825 2209 1006 2261 βασιλέα
1043 2205 1209 2258 πείσας]
1251 2207 1362 2249 clare
1387 2204 1490 2246 haec

20 2266 268 2315 Anastasius,
297 2279 385 2304 cum
413 2264 553 2321 quibus
581 2275 620 2306 ec
644 2266 882 2320 imperatori
905 2267 1152 2323 persuadens
1167 2267 1269 2306 bunc
1295 2265 1392 2305 iuste
1418 2263 1489 2302 de-

13 2324 207 2378 positum,
235 2323 318 2374 egit
344 2331 387 2361 ut
413 2321 530 2376 apud
555 2321 775 2374 Illyricum
803 2324 847 2363 in
874 2323 1043 2364 exilium
1074 2323 1324 2371 minentur-,⁸
1356 2318 1486 2359 adeo-

21 2394 104 2434 que
130 2393 214 2418 nou
257 2379 426 2418 fuerant
468 2391 575 2417 nova
619 2379 879 2420 obscuranda
911 2380 1116 2419 versione.
1187 2378 1292 2417 hauc
1325 2376 1376 2416 de
1406 2375 1488 2415 fide

19 2434 190 2476 Eusebii
230 2433 450 2489 implexam
485 2435 581 2475 satis
607 2436 890 2489 quaestionem
933 2435 1159 2476 illustrabit
1187 2435 1227 2474 in
1254 2447 1328 2473 suo
1360 2431 1489 2473 Euse-

19 2491 106 2547 bio,
137 2505 262 2547 quem
293 2490 365 2532 diu
393 2496 674 2545 expectamus,
703 2491 770 2532 vir
799 2491 945 2534 doctus
977 2492 1181 2533 Hem-icus
1209 2488 1405 2530 Valesius.

143 2563 214 2617 42,
240 2561 280 2605 4.
311 2559 388 2618 τὴν
415 2560 551 2617 πόλιν,
578 2563 653 2605 ἐπί
676 2561 723 2605 τὸ
755 2561 924 2606 δυτικὸν
949 2564 1089 2618 μέρος.

132 2636 242 2678 Ibid.
275 2635 339 2677 19.
408 2635 482 2678 ἐπὶ
507 2637 582 2689 τῆς
605 2634 754 2691 χώρας
779 2635 1069 2689 Ἀντιοχείας,
1098 2634 1174 2676 καί
1212 2632 1285 2687 τῆς
1315 2630 1487 2685 Κύρου]

16 2691 76 2732 sic
100 2692 224 2733 Barb.
265 2694 389 2749 Peyr.
432 2693 544 2748 iique
573 2693 678 2734 adeo
719 2694 964 2749 quibuscum
992 2694 1048 2733 illi
1081 2691 1222 2733 collati
1255 2696 1363 2740 suut,
1393 2703 1488 2729 cuin

19 2747 132 2788 nulla
160 2756 390 2791 annotetur
420 2749 543 2790 codd.
574 2749 765 2802 varietas,
806 2752 851 2791 in
877 2765 975 2804 agro
1006 2749 1263 2796 Antiochiae,
1290 2755 1330 2787 et
1363 2747 1487 2798 Cyri?

24 2819 133 2859 quae
171 2811 214 2848 et
249 2807 339 2861 ipsa
368 2806 613 2862 metropolis
643 2806 920 2863 Pentapoleos
960 2806 1157 2848 dioecesis
1188 2802 1486 2845 Antiochensis.
