1768 3268
284 226 377 272 180
495 226 774 271 ANASTAsn
819 223 1079 267 HISTORIA
1118 217 1530 264 ECCLESIASTICA

276 330 509 386 Necropyla
537 330 578 370 in
607 343 802 379 acroma,
832 326 947 384 quod
976 326 1130 367 dicitur
1160 324 1299 365 arietis
1329 322 1467 362 facies.
1527 336 1550 360 a
1579 321 1742 375 praesi-

275 388 406 440 gnatis
447 400 546 427 vero
593 384 811 440 paludibus
855 383 986 424 simile
1016 382 1176 423 flumini
1202 394 1316 420 mare
1345 383 1430 428 cst,
1461 383 1504 417 et
1531 378 1669 418 fertur
1698 378 1740 418 in

273 443 424 483 Euxini
456 442 584 483 Ponti
620 456 736 481 mare
775 455 853 494 per
892 445 1049 479 terram
1089 435 1294 490 Bosphori
1324 433 1549 484 Cimmerii,
1578 447 1625 474 ex
1654 448 1741 489 quo

273 499 442 539 flumine
469 499 634 551 capitur
662 497 705 537 id
738 496 853 552 quod
887 495 1040 534 dicitur
1060 492 1263 534 Murzulin
1297 497 1338 531 et
1371 490 1468 530 huic
1497 489 1661 541 similia,
1696 497 1740 531 et

273 555 315 594 in
347 554 535 609 partibus
569 548 736 608 quidem
778 551 1053 592 adiacentium
1082 548 1304 603 paludum,
1335 560 1442 601 quae
1470 552 1660 600 spectant
1687 547 1741 587 ad

274 611 492 651 Orientem
545 624 675 664 usque
711 607 763 648 ad
804 607 1055 648 Phanoriam
1091 619 1161 645 seu
1198 604 1439 654 Hebraeos,
1481 603 1554 656 qui
1582 603 1739 643 ibidem

272 673 380 718 sunt,
409 666 614 720 plurimae
637 665 823 705 nationes
851 663 1090 704 consistunt.
1149 659 1199 700 ab
1229 659 1381 699 eisdem
1402 665 1541 699 autem
1569 659 1739 713 paludi..

272 723 347 763 bus
378 737 508 778 usque
541 721 581 761 in
611 735 772 761 amnem
798 720 870 774 qui
898 718 1055 758 dicitur
1083 716 1263 770 Cuphis,
1294 715 1369 755 ubi
1398 715 1521 755 xistus
1551 715 1737 769 capitur,

273 779 345 833 qui
373 784 433 819 est
459 777 678 831 Vulgarius
707 776 827 830 piscis
856 778 904 826 *),
933 773 1158 828 antiquitus
1189 771 1388 827 Vulgaria
1420 777 1480 812 est
1511 786 1671 826 magna,
1696 778 1739 812 et

141 834 314 893 p,546hi
345 835 417 889 qui
450 834 647 874 dicuntur
689 832 911 886 Contragi,
945 830 1124 871 eiusdem
1160 828 1275 868 cuius
1304 834 1346 869 et
1375 827 1452 882 ipsi
1484 827 1618 868 tribus
1652 827 1738 868 exi..

270 898 399 934 stunt.
455 890 712 944 temporibus
743 894 881 928 autem
911 884 1194 934 Constantini,
1227 884 1299 939 qui
1331 884 1374 923 in
1404 883 1635 925 Occidente
1667 899 1738 925 re-

269 947 421 1001 gnavit,
450 961 544 986 cum
575 945 778 984 Crobatus
809 943 997 984 dominus
1028 943 1108 982 iam
1135 940 1271 982 dictae
1286 940 1511 996 Vulgariae
1526 955 1598 981 seu
1626 941 1738 980 Con-

268 1008 487 1056 tragorum
531 1002 657 1041 vitam
686 1005 988 1050 commutaret,
1022 1013 1070 1038 ac
1109 997 1214 1037 filios
1245 997 1434 1052 quinque
1463 997 1736 1052 relinqueret,

268 1064 438 1098 testatus
468 1063 527 1098 est
556 1072 607 1097 ne
638 1056 723 1096 ulto
753 1056 880 1096 modo
914 1071 936 1095 a
966 1062 1112 1095 mutua
1142 1052 1455 1094 cohabitatione
1486 1068 1738 1108 separaren-

252 1120 368 1165 tur,
397 1119 575 1168 propter
615 1111 730 1167 quod
768 1111 1027 1152 universitati
1074 1110 1394 1151 dominarentur
1430 1110 1591 1165 ipsique
1632 1110 1736 1150 nulli

268 1170 387 1210 alteri
417 1168 573 1208 nationi
613 1167 829 1209 servirent.
897 1173 993 1221 post
1034 1167 1163 1207 breve
1207 1174 1348 1207 autem
1387 1172 1551 1221 tempus
1586 1166 1735 1207 mortis

268 1226 370 1266 iuius
400 1226 441 1265 in
473 1225 717 1265 divisionem
746 1223 952 1264 venientes
984 1223 1172 1278 quinque
1201 1223 1275 1263 filii
1306 1223 1391 1264 eius
1419 1222 1661 1263 altrinsecus
1680 1224 1735 1272 **)

265 1282 510 1336 sequestrati
531 1286 625 1321 sunt
648 1295 727 1319 una
758 1294 854 1320 cum
873 1281 1048 1333 populo,
1075 1294 1200 1334 quem
1230 1279 1515 1335 unusquisque
1544 1279 1733 1333 ipsorum

264 1352 359 1379 suae
388 1337 541 1377 dicioni
570 1336 750 1376 habebat
777 1336 1005 1376 subactum.
1033 1342 1075 1376 et
1103 1335 1263 1389 primus
1295 1336 1465 1391 quidem
1494 1335 1601 1375 filius
1634 1335 1734 1386 eius,

264 1395 336 1448 qui
368 1393 585 1433 dicebatur
621 1391 838 1442 Bathaias‚
868 1390 1111 1432 mandatum
1142 1392 1308 1446 proprii
1335 1392 1570 1432 custodiens
1600 1391 1733 1445 patris

263 1450 303 1490 in
334 1449 655 1504 progenitorum
683 1462 857 1489 suorum
885 1454 998 1488 terra
1026 1449 1254 1502 permansit
1294 1463 1425 1504 usque
1451 1449 1494 1488 iu
1523 1461 1734 1501 praesens.

262 1505 463 1546 secundus
484 1518 584 1546 vero
615 1505 734 1544 huius
757 1506 901 1555 frater,
933 1506 1102 1544 nomine
1118 1503 1564 1559 Contragus‚Tanahin
1596 1508 1735 1544 trans-

265 1562 347 1601 iens
388 1576 549 1601 amnem
588 1574 635 1601 ex
667 1560 839 1601 adverso
872 1561 1012 1614 primo
1041 1560 1245 1601 habitavit
1275 1560 1412 1601 fratri.
1471 1565 1626 1615 quarto
1657 1574 1736 1599 au-

263 1624 347 1657 tem
379 1624 421 1657 et
451 1617 597 1672 quinto
627 1617 838 1668 Histrum,
869 1616 913 1656 id
941 1624 1002 1658 est
1026 1618 1293 1666 Danubium,
1325 1616 1501 1656 fluvium
1529 1623 1735 1657 transme-

265 1673 441 1723 antibus,
470 1673 576 1713 alter
621 1686 770 1713 eorum
798 1673 838 1713 in
866 1673 1046 1713 Avariae
1074 1674 1303 1723 Pannonia,
1334 1673 1518 1727 chagano
1549 1673 1736 1712 Avarum

265 1744 306 1769 se
334 1729 522 1779 subdens,
549 1730 695 1768 mansit
723 1729 805 1769 iliic
834 1744 929 1770 cum
966 1736 1190 1783 potentatu
1231 1743 1319 1779 suo,
1352 1731 1459 1770 alter
1489 1742 1592 1770 vero
1621 1727 1736 1768 haud

265 1784 416 1839 procul
446 1785 496 1824 ab
531 1786 634 1826 urbe
663 1786 857 1826 Ravenna
888 1786 929 1826 in
942 1786 1204 1839 Pentapolim
1239 1786 1403 1825 veniens
1425 1785 1499 1826 sub
1531 1784 1735 1825 Christia-

268 1855 418 1880 norum
450 1841 626 1894 imperio
657 1842 786 1883 factus
817 1847 892 1882 est.
963 1842 1113 1883 deinde
1141 1842 1296 1882 horum
1328 1842 1488 1891 tertius,
1518 1839 1736 1895 Asparuch

131 1917 167 1951 p.
187 1908 253 1943 547
269 1897 425 1947 dictus,
455 1897 667 1950 Danaprin
709 1904 750 1938 et
791 1898 1015 1938 Danastrin
1055 1899 1258 1939 transiens
1295 1904 1337 1938 et
1374 1898 1545 1952 Onglon
1582 1896 1735 1948 adiens,

267 1954 419 1992 boreos
451 1953 668 1994 interiores
695 1954 888 1994 Danubio
912 1954 1071 2006 fluvios,
1103 1954 1214 1995 inter
1242 1954 1355 1994 hunc
1385 1961 1426 1994 et
1446 1954 1536 1994 iilos
1567 1953 1736 1993 habita-

268 2008 351 2058 vit,
398 2014 532 2048 tutum
575 2015 616 2049 et
656 2009 860 2051 difficilem
901 2010 952 2051 ad
983 2009 1302 2065 expugnandum
1340 2011 1477 2050 locum
1507 2009 1606 2050 hinc
1639 2009 1736 2050 inde

268 2064 541 2118 conspiciens:
572 2064 670 2105 dum
687 2066 795 2106 enim
819 2073 920 2107 esset
940 2067 1146 2121 palustris,
1167 2073 1208 2107 et
1226 2067 1323 2107 hinc
1352 2072 1580 2107 coronatus
1597 2066 1735 2106 ininc-

268 2135 348 2175 que
376 2120 623 2172 fluminibus,
653 2122 865 2176 copiosam
901 2123 1015 2177 genti
1042 2129 1224 2178 propter
1250 2123 1433 2164 hostium
1462 2123 1737 2177 partitionem

270 2176 500 2217 humilitate
532 2179 768 2230 praestabat
816 2180 1014 2234 quietem.
1082 2179 1144 2219 his
1188 2185 1326 2221 autem
1369 2180 1425 2219 ita
1461 2180 1501 2219 in
1546 2179 1734 2234 quinque

269 2231 406 2272 divisis
442 2240 484 2272 et
526 2233 578 2272 ad
616 2235 867 2288 paucitatem
917 2234 1251 2288 devenientibus,
1300 2236 1425 2276 exivit
1458 2250 1605 2290 magna
1637 2249 1734 2288 gens

268 2287 552 2329 Chazarorum
578 2303 625 2329 ex
665 2290 857 2332 interiori
889 2291 1104 2346 profundo
1143 2293 1341 2333 Berziliae
1370 2292 1531 2346 primae
1562 2292 1734 2331 Sarma-

270 2344 363 2394 tiae,
394 2350 436 2384 ct
474 2344 683 2386 dominata
712 2353 772 2387 est
815 2349 928 2388 omni
969 2349 1138 2402 perviae
1181 2355 1321 2389 terrae
1360 2363 1490 2404 usque
1535 2347 1587 2387 ad
1618 2361 1735 2387 mare

272 2400 512 2452 Ponticum,
557 2407 599 2442 et
635 2403 816 2455 primum
856 2405 1028 2444 fratrem
1069 2405 1283 2445 Batbaiam
1321 2405 1483 2459 primae
1509 2404 1736 2459 Vulgariae

270 2455 499 2511 principem
530 2458 751 2512 substituit,
781 2460 980 2501 ordinatis
1010 2461 1291 2516 vectigalibus,
1321 2476 1428 2517 quae
1457 2461 1509 2502 ab
1537 2475 1588 2502 eo
1621 2460 1735 2501 defe-

314 2612 346 2659 *)
361 2613 499 2692 npiscis]
535 2612 681 2662 ὀψάριν
725 2627 791 2662 pro
824 2617 999 2663 ὀψάριον.
1037 2618 1148 2653 hodie
1193 2620 1318 2666 ψοὶριν
1354 2619 1500 2666 ψάριον
1531 2619 1590 2651 vel
1627 2616 1731 2663 ψιὲρη

388 2667 497 2716 icunt.
547 2663 681 2698 Auctor
707 2664 1039 2699 Graeco-Barbarus
1061 2667 1157 2706 εἶδες
1179 2665 1220 2703 τὸ
1238 2669 1369 2714 ψτῖριν.
1420 2666 1516 2700 idem
1543 2667 1608 2700 καὶ
1631 2669 1731 2713 μέγα

360 2707 468 2743 λυκον
493 2710 609 2754 ἔχετε,
633 2711 769 2756 χάσκει
795 2708 902 2747 «saiw
926 2707 966 2748 τὸ
993 2713 1108 2759 ψάρη.
1137 2715 1291 2759 Cyrillus
1318 2714 1520 2761 patriarcha
1549 2714 1614 2759 Cp.
1639 2725 1729 2746 cou-

361 2758 415 2787 ιη
442 2755 609 2791 Iudaeos:
634 2754 683 2793 νᾶ
707 2759 870 2805 χωρεύει
895 2759 914 2803 ἧ
949 2760 1127 2796 θάλασσα
1153 2764 1202 2809 μὲ
1230 2757 1275 2798 wi
1303 2762 1428 2809 ψάρια
1455 2762 1527 2805 τῆς.
1576 2762 1681 2795 Fum-

291 2817 341 2864 ”)
364 2817 583 2869 altrinsecus]
606 2822 801 2858 Dositheus
826 2824 1011 2870 magister:
1047 2826 1258 2862 altrinsecus
1287 2827 1332 2861 ad
1358 2827 1523 2862 invicem.
1573 2825 1680 2860 Fun.
