1728 3184
211 196 310 247 450
730 208 786 249 lN
827 205 1203 250 THEOPHANEM

210 321 388 360 mondus
430 320 470 360 in
521 320 654 372 notis,
693 327 737 362 et
777 322 818 362 in
855 322 1026 377 synopsi
1064 321 1265 362 chronica
1295 321 1348 362 ad
1380 320 1542 362 easdem
1573 329 1692 362 notas

210 376 384 417 adiecta.
442 377 734 418 illustrissimus
764 393 936 444 quoque
970 379 1023 418 de
1053 381 1194 419 Marca
1228 378 1567 432 archiepiscopus
1597 380 1689 418 Ἰο-

209 434 395 484 insanus,
439 434 731 476 dissertatione
762 435 804 475 in
834 434 1056 490 epistolam
1089 434 1340 476 demetalem
1369 435 1514 491 vigilii
1545 450 1690 490 papae.

319 517 513 570 349,19.
571 519 765 585 Σεργάιυ
809 520 886 560 τοῦ
915 516 1133 585 μάρτυρος
1167 519 1300 585 μονῆς
1330 519 1413 560 ταῖν
1437 517 1689 585 Ὀρμίσδου]

209 576 389 647 origines
420 576 501 616 CP.
532 571 585 615 τὰ
613 572 856 627 καλούμενα
887 573 1134 627 Ἁρμάσὸου
1187 572 1313 629 λιμὴν
1338 569 1389 628 ἦν
1427 572 1603 629 μικρός,
1645 576 1691 616 ἐν

207 625 241 688 ω
259 630 281 672 o‘
302 631 433 685 μέγας
457 629 760 680 Ἰουστινιανὸς
778 630 1066 686 ἐχρημάτισεν
1086 630 1219 674 αὐτὸν
1237 647 1435 698 κοιτωνα,
1460 633 1573 701 (lego
1593 647 1691 685 κτη-

209 689 371 757 σθῆναι
400 685 521 743 ναὸν)
566 703 638 728 και
672 682 881 753 ωνὸμασε
907 689 1077 755 Σέργην
1117 703 1188 729 και
1217 685 1402 740 Βάκχον.
1450 687 1614 754 ,ἕτερον
1642 688 1691 729 δὲ

210 741 485 785 ‹luenda-mv
543 739 612 785 ὅτε
638 740 711 784 τὸν
747 741 945 798 χοησμὸν
973 742 1124 811 ἔλαβεν
1152 743 1233 785 ὖηὸ
1266 741 1381 786 κάτω
1410 745 1494 785 τῶν
1523 743 1691 797 βαθμί-

209 801 307 857 δων,
339 794 407 841 ὅτε
434 798 511 853 τήν
548 799 718 869 σφαφὴι
747 801 950 869 ἐποίησεν
986 801 1046 849 εἰς
1075 797 1120 842 τό
1155 797 1339 842 ἱππικόν.
1398 796 1558 855 ἐκλήθη
1585 799 1689 843 Ἰου-

204 857 355 898 λιανοῦ
381 856 520 910 λιμήν,
550 852 615 897 δ’τι
648 854 668 897 ὁ
699 853 847 905 κτίσας
894 854 1026 905 αὐτὸς
1054 853 1163 899 ου’τω
1195 858 1403 898 ἐκαλεῖτο.
1460 858 1568 898 locus
1595 859 1689 899 Ar-

207 915 344 954 masdi
374 929 536 955 nomme
572 922 760 962 vocatu&
792 923 977 968 angustus
999 923 1154 970 porcus,
1184 929 1226 954 ιιι
1251 929 1328 970 quo
1358 929 1528 969 magnus
1555 914 1688 954 Iusti..

203 985 350 1011 manus
380 972 572 1026 templum
613 971 835 1027 acdf’fi'cari
862 972 994 1020 iussit,
1039 980 1078 1010 ec
1105 971 1245 1023 Sergii
1282 972 1511 1027 Bacclciqtae
1538 971 1687 1011 dictum

202 1028 353 1068 voluit.-
393 1027 516 1067 aliud
552 1040 706 1082 quoquc
753 1027 1030 1082 apostolorum
1061 1042 1149 1067 cum
1179 1028 1291 1078 ity‘hz
1318 1028 1467 1080 gradus
1495 1028 1689 1068 monicum

203 1098 327 1139 accep
330 1084 363 1123 it
391 1084 433 1136 (a
467 1083 683 1124 Belissario
717 1099 767 1123 ne
794 1083 954 1137 fugiens
987 1084 1091 1123 mari
1118 1098 1160 1124 se
1184 1083 1481 1136 committeret,
1513 1084 1565 1125 de
1599 1098 1686 1138 quo

202 1099 392 1194 Thcoph
384 1155 480 1180 ines
515 1141 566 1180 ad
599 1154 754 1179 annum
776 1139 821 1194 7)
845 1140 1016 1196 quando
1042 1140 1215 1181 caedem
1245 1154 1295 1180 ac
1320 1149 1491 1194 stragem
1514 1155 1558 1181 m
1579 1155 1689 1181 cerco

201 1197 341 1236 edidit.
378 1211 460 1252 pot
460 1206 519 1236 ιιις
562 1197 720 1238 [ultani
762 1207 1013 1253 nuncupatus
1053 1207 1136 1237 est:
1174 1197 1222 1237 id
1262 1198 1369 1237 enim
1383 1197 1480 1249 fuit
1504 1198 1588 1238 eius
1616 1197 1691 1253 qui

200 1253 383 1293 condidit
409 1267 572 1296 nomen.
645 1252 877 1293 dissolvunt
924 1253 1028 1294 haec
1067 1253 1197 1293 verba
1238 1268 1364 1309 quam
1394 1254 1597 1294 Baronius
1637 1251 1690 1293 ad

200 1324 355 1350 annum
384 1309 466 1349 552
512 1325 629 1350 num.
678 1309 726 1349 17
769 1311 1000 1365 conglobat
1045 1310 1355 1350 obiectioncm:
1403 1311 1519 1366 quod
1547 1310 1688 1351 Theo-

200 1365 355 1421 phanes
389 1366 589 1407 nimirum
623 1365 675 1405 ad
707 1367 855 1422 Sergii,
888 1367 976 1422 ipse
992 1367 1168 1422 vigilius
1200 1366 1251 1406 ad
1280 1367 1397 1407 Petli
1424 1382 1584 1408 sacram
1616 1381 1691 1407 ae..

201 1423 296 1463 dem
325 1423 483 1478 asylum
531 1424 780 1487 quaesivisse
819 1425 1002 1465 scribat:
1057 1439 1164 1479 quae
1193 1438 1291 1465 sane
1329 1423 1546 1465 difficultas
1579 1423 1691 1464 nulla

200 1485 288 1530 est,
333 1495 430 1520 cum
466 1480 613 1520 eodem
644 1495 684 1519 ιιι
709 1480 804 1521 loco
837 1482 971 1536 Sergii
1013 1486 1054 1521 et
1084 1481 1374 1534 apostolmum
1403 1480 1532 1532 (aliud
1564 1481 1691 1521 nimi-

204 1551 299 1576 rum
329 1536 380 1577 ab
411 1548 461 1576 eo
495 1536 612 1592 quod
629 1537 924 1578 Constantinus
955 1538 1149 1588 extinxit)
1181 1538 1382 1593 ternplum
1413 1539 1544 1578 fuerit
1572 1553 1594 1577 a
1618 1539 1692 1577 Iu-

138 1611 143 1619 ⁴
203 1592 384 1633 stiniano
428 1593 674 1634 conditum·
721 1594 771 1634 de
808 1595 959 1650 quibus
997 1594 1235 1648 Procopius
1283 1594 1334 1635 de
1376 1594 1501 1635 aedif.
1549 1595 1690 1635 lustin.

205 1655 314 1689 orat.
345 1650 382 1700 2,
413 1656 454 1689 et
487 1651 659 1704 copiose
688 1656 730 1690 et
759 1651 959 1706 gmpbice
980 1651 1140 1707 Gyllius
1171 1651 1482 1706 topographiae
1515 1651 1596 1691 CP.
1616 1651 1690 1691 lib.

206 1706 231 1746 2
262 1720 353 1760 cap.
383 1703 447 1746 16.
508 1706 623 1748 locus
652 1714 833 1763 utcique
863 1708 963 1765 asyli
983 1708 1226 1763 privilegiO,
1258 1708 1375 1764 quod
1405 1724 1428 1748 a
1460 1708 1691 1748 Iustiniano

205 1763 400 1803 conditus
430 1769 547 1815 esset,
579 1763 800 1818 gaudebat.

319 1845 415 1898 350,
452 1846 515 1890 13.
574 1845 760 1900 ἐγένοντο
790 1848 985 1901 σεισμοί]
1025 1848 1077 1890 de
1107 1848 1257 1904 quibus
1284 1848 1476 1904 supeiius
1507 1862 1555 1889 ex
1582 1848 1694 1888 Pro-

207 1903 332 1958 copio
366 1909 409 1944 et
437 1903 629 1958 Agathia.

320 1976 433 2018 Ibid.
470 1974 533 2016 18.
614 1991 672 2033 τω
717 1976 755 2017 δ’
787 1976 904 2033 αὐτῷ
946 1973 1058 2029 ἔτει,
1099 1991 1200 2031 μηνι
1233 1975 1412 2032 Ἰουιίῳ]
1457 1990 1567 2017 anno
1596 1975 1694 2016 belli

208 2031 379 2075 Gothici
411 2032 573 2073 decimo
606 2041 760 2089 quarto
792 2034 850 2075 ait
868 2035 1105 2089 Procopius
1126 2034 1196 2075 lib.
1214 2034 1249 2074 1.
1283 2034 1334 2075 de
1354 2017 1539 2075 eiusdem
1572 2033 1694 2074 obitu

207 2089 348 2131 verbis
381 2089 535 2129 ultimis
564 2090 636 2130 lib.
673 2091 698 2131 2
723 2090 774 2131 de
807 2091 918 2132 bello
951 2092 1137 2135 Persico.

319 2172 415 2225 351,
434 2172 474 2214 8.
533 2173 767 2227 προκὲνσου
800 2174 846 2216 δὲ
862 2176 1105 2229 γενομένου]
1139 2176 1402 2226 comitatum,
1433 2173 1694 2230 obsequium,

208 2244 257 2271 ac
297 2244 543 2295 processum
588 2233 750 2286 regium
791 2247 912 2272 nemo
958 2233 1195 2283 dubitabit,
1248 2233 1320 2300 qui
1368 2231 1562 2272 chronici
1613 2232 1693 2271 (ΣΡ.

207 2287 453 2328 sententiam
498 2288 718 2329 attendet.
765 2302 786 2327 ο
833 2284 951 2342 ἅγιος
989 2289 1202 2359 Ἰωάννης,
1233 2286 1308 2330 καί
1334 2285 1379 2328 αἱ
1409 2287 1699 2340 Ἀρκαὸιαναί

207 2339 326 2397 παρὰ
363 2341 599 2398 Ἀρκαδιόυ
640 2342 818 2399 ἐκτίσθη
862 2345 1166 2397 ἑπιλεξαμένου
1207 2361 1279 2387 και
1310 2346 1358 2387 ἐκ
1403 2344 1489 2385 τῶν
1516 2344 1698 2384 πολιτῶν

206 2381 411 2453 χιλιάδας
438 2399 483 2450 ἓξ
511 2399 681 2452 ὀψίκιον
710 2415 772 2448 εις
800 2399 853 2442 τὰ
895 2400 1102 2456 πρόκενσα
1130 2401 1281 2454 αὐτοῦ,
1310 2415 1397 2456 ηως
1425 2396 1696 2453 μεταστᾶσι-

208 2473 284 2508 μα.
345 2457 388 2497 S.
412 2457 580 2498 Ioannis
612 2459 817 2513 templum,
847 2468 886 2500 et
912 2461 1088 2500 thermae
1120 2460 1390 2501 Arcadianae
1419 2457 1473 2499 ab
1505 2456 1698 2497 Arcadio

208 2523 298 2554 sunt
322 2514 520 2566 conditae,
553 2515 798 2571 imper-acore
835 2531 891 2556 ex
923 2517 1080 2557 civibus
1118 2517 1259 2557 millia
1287 2530 1364 2556 sex
1390 2514 1474 2555 sibi
1501 2513 1700 2567 deligente

210 2571 254 2609 in
281 2571 513 2627 obsequium
541 2587 630 2612 cum
654 2586 733 2628 pet·
759 2572 895 2612 urbem
919 2573 1170 2628 procederet.
1217 2573 1268 2614 de
1301 2570 1546 2612 Arcadianis
1574 2569 1697 2610 satel-

212 2625 368 2678 litibus,
400 2633 442 2668 et
474 2629 676 2685 obsequio
704 2643 753 2669 ex
783 2629 838 2670 eis
867 2630 1104 2685 composito
1133 2629 1186 2670 ad
1212 2628 1440 2671 Arcadium
1463 2626 1672 2681 superius.

325 2712 434 2754 Ibid.
460 2710 503 2753 9.
561 2713 606 2753 ἐν
632 2711 689 2769 τῶ
714 2711 921 2771 Ἑβδόμῳ]
964 2714 1208 2756 Hebdomus
1246 2714 1333 2754 (ΖΡ.
1365 2710 1615 2753 suburbium
1646 2709 1701 2750 ad

215 2766 462 2809 Orientem.
492 2768 544 2809 de
574 2783 658 2825 quo
695 2769 854 2826 Gyllius
881 2753 1053 2826 topogr.
1086 2772 1169 2814 (ΞΡ.
1198 2771 1269 2813 lib.
1289 2767 1317 2811 4
1348 2784 1439 2824 cap.
1451 2767 1503 2819 4,
1523 2781 1570 2808 ex
1587 2766 1701 2808 Pro-

215 2824 340 2876 copio
375 2825 427 2865 de
454 2826 577 2867 aedis.
608 2827 752 2869 lustini
787 2833 896 2868 orat.
930 2827 972 2867 Q.
