1728 3184
236 172 332 218 570
706 176 781 220 AD
823 178 1200 222 THEOPHANEM

236 305 342 346 qnae
371 298 607 347 sequuntur
622 292 838 334 Buccardo
871 293 1184 343 inextricabilia,
1214 307 1291 348 cgo
1320 293 1378 333 sic
1394 292 1579 333 reddam.
1609 295 1702 349 pri-

232 362 344 388 mum
374 363 529 404 rapere,
559 358 601 388 ιιι
627 351 864 406 noctufieri
891 352 1006 403 solet,
1038 365 1238 392 occaszone
1238 326 1498 400 {insilientem
1529 359 1613 390 tum
1639 351 1706 391 in-

231 404 365 444 terdiu
387 420 650 461 perrumpere
679 408 837 447 horma.
896 408 955 448 sic
995 383 1112 448 ²certe
1141 411 1442 461 comparatum,
1477 413 1524 447 ut
1555 407 1665 461 paul
1657 423 1705 446 ι-

233 460 311 501 tim
337 475 383 501 ex
426 462 533 503 fame
566 468 608 504 et
643 470 822 518 egestate
851 464 966 505 frons
996 470 1182 518 crescat,
1233 462 1348 519 quod
1380 462 1436 504 ita
1457 462 1703 518 Theophan.

231 517 366 558 voluit
401 518 650 573 exprimere.

341 599 510 653 43,13.
567 598 775 658 ἡττηθείς,
805 597 898 654 ἅμα
924 606 1011 651 τοῖς
1034 603 1189 650 αἰτίοις
1217 591 1420 659 ‹hyp-{327}
1452 606 1595 654 victus,
1623 616 1703 651 una

229 672 318 698 cum
348 659 574 703 auctoribus
617 669 779 701 necatus
820 669 887 701 est.
954 660 1012 701 sic
1059 668 1100 701 et
1127 659 1333 702 Buccard.
1361 660 1545 716 itemque
1575 659 1698 700 Barh.

230 715 353 771 Peyr.
386 722 464 757 etc.
495 715 620 757 codd.

343 785 414 842 44,
446 787 488 829 4.
548 786 569 829 ὁ
602 788 649 830 δὲ
667 781 852 844 Ἄρειος]
884 789 1009 831 Baib.
1037 791 1162 846 Peyr.
1196 797 1274 831 etc.

344 869 412 925 45,
443 872 483 918 9
550 871 726 941 εὑρέθη]
771 874 868 915 Vat.
902 877 937 919 1.
980 871 1205 930 ἒτυρειῖθη
1249 882 1345 930 post
1381 873 1549 930 περιῄει
1587 874 1700 915 haud

230 905 458 970 omitten'adn
486 944 567 970 vox
596 928 849 984 ἱερουργῶν·
909 931 1022 987 quod
1053 931 1162 973 enim
1195 932 1253 972 sic
1279 931 1579 973 circumeundo
1612 947 1701 972 rem

228 1001 388 1027 sacram
420 988 602 1040 facexet,
634 995 675 1028 et
714 987 903 1028 cohiberi
951 989 1003 1028 ab
1036 987 1258 1028 Athanasio
1292 989 1461 1043 potuit,
1491 994 1534 1028 et
1557 1003 1699 1029 sacio-

229 1058 324 1084 rum
353 1058 572 1095 vasorum,
620 1051 747 1099 atque
793 1044 998 1085 librorum
1029 1045 1267 1086 violationis
1298 1044 1503 1086 calumnia
1535 1044 1577 1085 in
1607 1060 1701 1086 eum

228 1100 438 1155 componi.

342 1169 508 1225 46,14.
569 1166 757 1221 ἅπαιτας
789 1170 1060 1228 φιμωσαιντα]
1105 1173 1175 1230 qui
1200 1188 1243 1214 os
1270 1174 1448 1214 omnibus
1487 1174 1699 1216 obstruxit

229 1204 462 1271 Bucchaid.
492 1231 728 1286 suspicatur
756 1230 916 1286 legend.
946 1230 1209 1286 φιλώσαντα,
1239 1231 1557 1287 quiimposcuris
1582 1232 1697 1272 sedu-

232 1297 323 1329 cat:
357 1293 400 1327 at
431 1287 532 1328 nihil
563 1301 740 1328 necesse.

338 1371 449 1413 Ibzssd
484 1368 547 1412 16.
605 1371 681 1411 τοῦ
707 1367 812 1412 κατὰ
840 1369 1058 1424 Ἀρσὲνιον
1095 1365 1343 1422 πλασματυς
1370 1370 1700 1424 διελεγχθὲν-τος,

227 1423 300 1470 ἔπι
336 1425 412 1482 τὴν
457 1424 565 1468 κατὰ
600 1422 802 1481 ’[σχύραν
855 1428 1143 1482 συκοφαντίαν
1186 1442 1224 1468 οι
1265 1426 1420 1480 ἐχθροί
1453 1428 1697 1481 ἑτρέπονπο]

217 1486 322 1540 ficto
354 1493 596 1539 amputatae
639 1485 809 1526 Arsenii
845 1484 1038 1526 dexterae
1073 1485 1244 1525 crimine
1270 1485 1508 1536 wlfinum,
1539 1485 1701 1526 inimzci

228 1541 292 1583 ad
317 1542 516 1594 Isclzyrae
543 1541 790 1582 calumniam
819 1543 1035 1583 reszelunt
1112 1541 1212 1581 nihil
1246 1541 1411 1589 clulius,
1442 1540 1696 1582 cohaerent-

230 1612 311 1652 que
344 1598 498 1638 omnia.
556 1612 640 1638 non
670 1599 781 1639 enim
799 1598 1011 1639 Athanasii
1040 1597 1363 1639 satisfactionem
1388 1598 1628 1652 probasse'
1617 1599 1698 1639 ini·

232 1655 384 1706 inicos,
414 1661 461 1695 ut
500 1670 585 1695 non
613 1657 739 1710 magis
771 1661 983 1711 urgerent,
1025 1670 1132 1711 quae
1161 1654 1295 1695 minus
1322 1660 1467 1708 aperta
1499 1654 1697 1695 videren-

230 1717 302 1752 tur
344 1711 629 1752 satisfactionis
669 1713 832 1767 οιῳίῑι,ι
864 1711 1044 1753 ostendit
1084 1713 1169 1766 ipsa
1213 1710 1421 1752 Athanasii
1456 1711 1564 1765 suga.
1622 1712 1698 1753 etsi

227 1783 328 1822 ergo
380 1768 516 1822 palam
557 1775 651 1810 erat
692 1785 775 1810 non
819 1776 1050 1824 amputasse
1090 1770 1334 1818 dexteram,
1366 1782 1491 1823 qnam
1520 1769 1697 1822 corpori

226 1824 402 1865 haerere
432 1824 639 1877 videbant,
670 1831 713 1865 at
746 1827 828 1866 vim
874 1826 1027 1867 illatam
1057 1824 1273 1880 peragenti
1303 1839 1391 1865 rem
1422 1839 1595 1874 sacram,
1627 1840 1696 1864 sa-

227 1897 300 1922 cra
331 1895 423 1932 vasa
454 1882 668 1922 confracta
687 1916 699 1935 ‚
742 1882 871 1923 libros
921 1882 1159 1923 combustos
1189 1881 1445 1935 pertinacius
1474 1882 1700 1923 contende-

225 1939 345 1979 bant.
405 1938 642 1978 Buccardus
684 1940 798 1980 inani
825 1954 867 1980 se
905 1939 1053 1980 labore
1082 1938 1151 1979 hic
1183 1944 1380 1993 torquet:
1405 1938 1454 1978 P.
1482 1941 1598 1979 Goar
1627 1953 1699 1979 sua

226 1995 320 2045 alia,
350 1994 475 2050 longe
510 1995 578 2035 illa
608 2011 631 2035 a
661 1997 813 2037 nostris
851 1995 1118 2050 Theophanis
1160 1995 1328 2051 ingerit.
1359 1995 1594 2036 Anastasius
1622 1995 1698 2037 ista

229 2051 380 2093 omisit.

334 2120 404 2179 47,
436 2123 500 2165 18.
555 2121 851 2179 προεβάλοντο.

336 2193 405 2250 48,
435 2196 499 2238 12.
558 2193 716 2249 ὀμόσας
735 2192 849 2238 οὕτω
869 2193 1082 2239 πιστεύειν
1110 2195 1251 2239 πείθει
1280 2198 1495 2248 κελεῦσαι]
1527 2200 1588 2241 ita
1614 2214 1699 2240 cre-

193 2262 195 2264 ’
223 2254 318 2296 dere
345 2255 600 2295 iureiurando
632 2252 869 2308 affirmata,
902 2255 1043 2296 suadet
1072 2255 1205 2296 iubere
1234 2257 1363 2312 recipi
1387 2263 1470 2297 etc.

336 2327 407 2381 49,
434 2327 475 2370 6.
532 2326 826 2382 ὃεκαετηρίδα.

336 2411 406 2464 51,
435 2409 475 2453 6.
532 2410 784 2466 καταλαβών
824 2410 869 2454 ἑκ
912 2413 986 2468 τῆς
1011 2408 1121 2462 {uias-
1162 2411 1208 2455 τὸ
1242 2413 1319 2454 τοῦ
1363 2409 1524 2466 πατρὸς
1552 2412 1694 2467 σῶμα]

224 2468 283 2510 sic
312 2475 553 2511 constanter
584 2470 705 2511 codd.
734 2476 877 2526 estque
900 2470 980 2510 iani
1005 2473 1175 2512 editum.
1244 2470 1313 2510 ubi
1338 2484 1393 2510 ex
1411 2469 1574 2510 Oriente
1600 2484 1694 2510 cor-

219 2540 298 2582 pus
322 2529 455 2582 patris
483 2529 666 2582 accepit,-
695 2527 934 2568 Nicomedia
965 2530 1120 2570 scilicet
1143 2528 1223 2568 CP.
1244 2526 1459 2568 delatum:
1493 2541 1576 2566 non
1610 2527 1695 2581 ipse

226 2597 415 2624 reversus
446 2598 494 2625 ex
524 2584 712 2625 Oriente.

312 2656 402 2711 52,
433 2656 475 2698 9.
534 2654 613 2698 τὸν
641 2654 715 2698 καί
740 2653 792 2698 τὰ
826 2652 1057 2709 σύμμικτοι]
1088 2657 1211 2698 Barb.
1240 2657 1367 2714 Peyr.
1395 2663 1474 2697 etc.

338 2729 405 2780 53,
439 2730 502 2772 12.
560 2723 744 2784 ὕστερον
778 2730 995 2782 μετέθετο]
1042 2730 1164 2776 Cedr.
1196 2730 1320 2772 Barb.
1363 2731 1486 2786 Peyr.
1516 2734 1592 2772 etc.
1618 2743 1692 2770 nec

232 2800 279 2827 re
308 2786 365 2827 sic
387 2788 498 2829 clara
530 2787 802 2830 haerendum.
