<?xml version="1.0" encoding="UTF-8"?>
<!DOCTYPE html PUBLIC "-//W3C//DTD XHTML 1.0 Transitional//EN"
    "http://www.w3.org/TR/xhtml1/DTD/xhtml1-transitional.dtd">
<html xmlns="http://www.w3.org/1999/xhtml" xml:lang="en" lang="en">
 <head>
  <title>
</title>
<meta http-equiv="Content-Type" content="text/html;charset=utf-8" />
  <meta name='ocr-system' content='tesseract 3.04.00' />
  <meta name='ocr-capabilities' content='ocr_page ocr_carea ocr_par ocr_line ocrx_word'/>
</head>
<body>
  <div class='ocr_page' id='page_1' title='image "./corpusscriptorum47niebuoft_0235.png"; bbox 0 0 1728 3242; ppageno 0'>
   <div class='ocr_carea' id='block_1_1' title="bbox 516 176 1490 228">
    <p class='ocr_par' dir='ltr' id='par_1_1' title="bbox 516 176 1490 228">
     <span class='ocr_line' id='line_1_1' title="bbox 516 176 1490 228; baseline 0.005 -5"><span class='ocrx_word' id='word_1_1' title='bbox 516 181 595 223; x_wconf 75' lang='lat' dir='ltr'><strong>Ex</strong></span> <span class='ocrx_word' id='word_1_2' title='bbox 614 202 617 203; x_wconf 27' lang='grc' dir='ltr'><em>ν</em></span> <span class='ocrx_word' id='word_1_3' title='bbox 637 176 980 224; x_wconf 74' lang='grc' dir='ltr'><strong>ΤΗΕΟΡΗΑΝΕ.</strong></span> <span class='ocrx_word' id='word_1_4' title='bbox 1247 183 1252 187; x_wconf 78' lang='grc'><strong>’</strong></span> <span class='ocrx_word' id='word_1_5' title='bbox 1395 181 1490 228; x_wconf 75' lang='lat'><strong>225</strong></span> 
     </span>
    </p>
   </div>
   <div class='ocr_carea' id='block_1_2' title="bbox 35 293 1505 784">
    <p class='ocr_par' dir='ltr' id='par_1_2' title="bbox 35 293 1505 784">
     <span class='ocr_line' id='line_1_2' title="bbox 38 293 1496 355; baseline 0.005 -22"><span class='ocrx_word' id='word_1_6' title='bbox 38 293 184 348; x_wconf 78' lang='lat' dir='ltr'><strong>pop-uli</strong></span> <span class='ocrx_word' id='word_1_7' title='bbox 212 299 369 348; x_wconf 71' lang='lat' dir='ltr'><strong>septem</strong></span> <span class='ocrx_word' id='word_1_8' title='bbox 413 293 580 335; x_wconf 78' lang='lat' dir='ltr'><strong>milibus</strong></span> <span class='ocrx_word' id='word_1_9' title='bbox 607 302 858 349; x_wconf 60' lang='lat' dir='ltr'><strong>superatur»,</strong></span> <span class='ocrx_word' id='word_1_10' title='bbox 886 302 929 337; x_wconf 84' lang='lat' dir='ltr'><strong>et</strong></span> <span class='ocrx_word' id='word_1_11' title='bbox 957 297 1080 351; x_wconf 79' lang='lat' dir='ltr'><strong>fugax</strong></span> <span class='ocrx_word' id='word_1_12' title='bbox 1107 311 1231 352; x_wconf 87' lang='lat' dir='ltr'><strong>penes</strong></span> <span class='ocrx_word' id='word_1_13' title='bbox 1258 298 1496 355; x_wconf 72' lang='lat' dir='ltr'><strong>Palmyram</strong></span> 
     </span>
     <span class='ocr_line' id='line_1_3' title="bbox 36 349 1497 410; baseline 0.002 -21"><span class='ocrx_word' id='word_1_14' title='bbox 36 351 233 401; x_wconf 79' lang='lat' dir='ltr'><strong>salvatur,</strong></span> <span class='ocrx_word' id='word_1_15' title='bbox 262 356 306 390; x_wconf 88' lang='lat' dir='ltr'><strong>et</strong></span> <span class='ocrx_word' id='word_1_16' title='bbox 334 349 528 405; x_wconf 81' lang='lat' dir='ltr'><strong>deinceps</strong></span> <span class='ocrx_word' id='word_1_17' title='bbox 557 353 597 392; x_wconf 91' lang='lat' dir='ltr'><strong>in</strong></span> <span class='ocrx_word' id='word_1_18' title='bbox 628 352 812 393; x_wconf 81' lang='lat' dir='ltr'><strong>Perside.</strong></span> <span class='ocrx_word' id='word_1_19' title='bbox 875 351 1122 393; x_wconf 83' lang='lat' dir='ltr'><strong>seditionem</strong></span> <span class='ocrx_word' id='word_1_20' title='bbox 1151 369 1323 410; x_wconf 87' lang='lat' dir='ltr'><strong>quoque</strong></span> <span class='ocrx_word' id='word_1_21' title='bbox 1350 356 1497 396; x_wconf 88' lang='lat' dir='ltr'><strong>conci..</strong></span> 
     </span>
     <span class='ocr_line' id='line_1_4' title="bbox 37 407 1505 462; baseline 0.004 -16"><span class='ocrx_word' id='word_1_22' title='bbox 37 412 232 446; x_wconf 83' lang='lat' dir='ltr'><strong>taverunt</strong></span> <span class='ocrx_word' id='word_1_23' title='bbox 261 407 424 446; x_wconf 90' lang='lat' dir='ltr'><strong>Metsini</strong></span> <span class='ocrx_word' id='word_1_24' title='bbox 471 415 514 448; x_wconf 87' lang='lat' dir='ltr'><strong>et</strong></span> <span class='ocrx_word' id='word_1_25' title='bbox 536 408 813 462; x_wconf 89' lang='lat' dir='ltr'><strong>Heliopolitae</strong></span> <span class='ocrx_word' id='word_1_26' title='bbox 848 423 895 449; x_wconf 90' lang='lat' dir='ltr'><strong>ac</strong></span> <span class='ocrx_word' id='word_1_27' title='bbox 925 411 1167 450; x_wconf 89' lang='lat' dir='ltr'><strong>Damasceni</strong></span> <span class='ocrx_word' id='word_1_28' title='bbox 1196 412 1379 452; x_wconf 85' lang='lat' dir='ltr'><strong>civitates</strong></span> <span class='ocrx_word' id='word_1_29' title='bbox 1408 413 1505 462; x_wconf 47' lang='lat' dir='ltr'><strong>Maf</strong></span> 
     </span>
     <span class='ocr_line' id='line_1_5' title="bbox 37 462 1500 520; baseline 0.003 -18"><span class='ocrx_word' id='word_1_30' title='bbox 37 463 188 502; x_wconf 88' lang='lat' dir='ltr'><strong>ruham</strong></span> <span class='ocrx_word' id='word_1_31' title='bbox 206 485 208 487; x_wconf 59' lang='lat'>&gt;</span> <span class='ocrx_word' id='word_1_32' title='bbox 229 462 493 515; x_wconf 80' lang='lat' dir='ltr'><strong>obserantes,</strong></span> <span class='ocrx_word' id='word_1_33' title='bbox 523 464 599 519; x_wconf 74' lang='lat' dir='ltr'><strong>qui·</strong></span> <span class='ocrx_word' id='word_1_34' title='bbox 623 465 710 505; x_wconf 86' lang='lat' dir='ltr'><strong>filio</strong></span> <span class='ocrx_word' id='word_1_35' title='bbox 735 479 814 505; x_wconf 87' lang='lat' dir='ltr'><strong>suo</strong></span> <span class='ocrx_word' id='word_1_36' title='bbox 846 466 1016 520; x_wconf 88' lang='lat' dir='ltr'><strong>quidem</strong></span> <span class='ocrx_word' id='word_1_37' title='bbox 1041 472 1190 506; x_wconf 90' lang='lat' dir='ltr'><strong>contra</strong></span> <span class='ocrx_word' id='word_1_38' title='bbox 1210 467 1378 507; x_wconf 84' lang='lat' dir='ltr'><strong>Dachac</strong></span> <span class='ocrx_word' id='word_1_39' title='bbox 1403 482 1500 507; x_wconf 87' lang='lat' dir='ltr'><strong>cum</strong></span> 
     </span>
     <span class='ocr_line' id='line_1_6' title="bbox 39 518 1500 576; baseline 0.001 -18"><span class='ocrx_word' id='word_1_40' title='bbox 39 520 195 559; x_wconf 76' lang='lat' dir='ltr'><strong>virtu-te</strong></span> <span class='ocrx_word' id='word_1_41' title='bbox 223 518 369 569; x_wconf 85' lang='lat' dir='ltr'><strong>misso,</strong></span> <span class='ocrx_word' id='word_1_42' title='bbox 395 519 484 574; x_wconf 88' lang='lat' dir='ltr'><strong>ipse</strong></span> <span class='ocrx_word' id='word_1_43' title='bbox 510 520 624 560; x_wconf 88' lang='lat' dir='ltr'><strong>venit</strong></span> <span class='ocrx_word' id='word_1_44' title='bbox 651 521 860 570; x_wconf 62' lang='lat' dir='ltr'><strong>Emffiam,</strong></span> <span class='ocrx_word' id='word_1_45' title='bbox 887 536 1012 576; x_wconf 87' lang='lat' dir='ltr'><strong>quam</strong></span> <span class='ocrx_word' id='word_1_46' title='bbox 1041 522 1082 561; x_wconf 91' lang='lat' dir='ltr'><strong>in</strong></span> <span class='ocrx_word' id='word_1_47' title='bbox 1114 528 1318 576; x_wconf 80' lang='lat' dir='ltr'><strong>quattuor</strong></span> <span class='ocrx_word' id='word_1_48' title='bbox 1346 524 1500 564; x_wconf 82' lang='lat' dir='ltr'><strong>mensi-</strong></span> 
     </span>
     <span class='ocr_line' id='line_1_7' title="bbox 35 574 1500 632; baseline 0.004 -18"><span class='ocrx_word' id='word_1_49' title='bbox 35 575 111 615; x_wconf 86' lang='lat' dir='ltr'><strong>bus</strong></span> <span class='ocrx_word' id='word_1_50' title='bbox 140 574 264 630; x_wconf 80' lang='lat' dir='ltr'>cepit.</span> <span class='ocrx_word' id='word_1_51' title='bbox 321 576 488 616; x_wconf 86' lang='lat' dir='ltr'><strong>Dachac</strong></span> <span class='ocrx_word' id='word_1_52' title='bbox 518 583 655 616; x_wconf 88' lang='lat' dir='ltr'><strong>autem</strong></span> <span class='ocrx_word' id='word_1_53' title='bbox 685 593 709 618; x_wconf 88' lang='lat' dir='ltr'><strong>a</strong></span> <span class='ocrx_word' id='word_1_54' title='bbox 739 576 907 618; x_wconf 79' lang='lat' dir='ltr'><strong>Perside</strong></span> <span class='ocrx_word' id='word_1_55' title='bbox 940 592 1034 618; x_wconf 86' lang='lat' dir='ltr'><strong>cum</strong></span> <span class='ocrx_word' id='word_1_56' title='bbox 1065 578 1247 631; x_wconf 85' lang='lat' dir='ltr'><strong>plurimo</strong></span> <span class='ocrx_word' id='word_1_57' title='bbox 1275 586 1500 632; x_wconf 85' lang='lat' dir='ltr'><strong>potentatu</strong></span> 
     </span>
     <span class='ocr_line' id='line_1_8' title="bbox 37 631 1500 688; baseline 0.003 -17"><span class='ocrx_word' id='word_1_58' title='bbox 37 631 241 672; x_wconf 86' lang='lat' dir='ltr'><strong>veniebat.</strong></span> <span class='ocrx_word' id='word_1_59' title='bbox 300 636 342 671; x_wconf 87' lang='lat' dir='ltr'><strong>at</strong></span> <span class='ocrx_word' id='word_1_60' title='bbox 370 645 474 672; x_wconf 87' lang='lat' dir='ltr'><strong>vero</strong></span> <span class='ocrx_word' id='word_1_61' title='bbox 499 632 719 673; x_wconf 87' lang='lat' dir='ltr'><strong>Maruham</strong></span> <span class='ocrx_word' id='word_1_62' title='bbox 761 648 970 688; x_wconf 80' lang='lat' dir='ltr'><strong>aggressus</strong></span> <span class='ocrx_word' id='word_1_63' title='bbox 1001 649 1095 674; x_wconf 87' lang='lat' dir='ltr'><strong>eum</strong></span> <span class='ocrx_word' id='word_1_64' title='bbox 1126 634 1165 673; x_wconf 91' lang='lat' dir='ltr'><strong>in</strong></span> <span class='ocrx_word' id='word_1_65' title='bbox 1201 635 1500 688; x_wconf 72' lang='lat' dir='ltr'><strong>Mesopotamia</strong></span> 
     </span>
     <span class='ocr_line' id='line_1_9' title="bbox 39 687 1500 745; baseline 0.003 -19"><span class='ocrx_word' id='word_1_66' title='bbox 39 702 134 727; x_wconf 91' lang='lat' dir='ltr'><strong>cum</strong></span> <span class='ocrx_word' id='word_1_67' title='bbox 173 687 326 727; x_wconf 88' lang='lat' dir='ltr'><strong>multos</strong></span> <span class='ocrx_word' id='word_1_68' title='bbox 363 688 619 743; x_wconf 85' lang='lat' dir='ltr'><strong>collegarum</strong></span> <span class='ocrx_word' id='word_1_69' title='bbox 655 690 954 741; x_wconf 81' lang='lat' dir='ltr'><strong>interfecisset,</strong></span> <span class='ocrx_word' id='word_1_70' title='bbox 999 689 1114 729; x_wconf 89' lang='lat' dir='ltr'><strong>hunc</strong></span> <span class='ocrx_word' id='word_1_71' title='bbox 1154 692 1500 745; x_wconf 89' lang='lat' dir='ltr'><strong>comprehensum</strong></span> 
     </span>
     <span class='ocr_line' id='line_1_10' title="bbox 39 744 266 784; baseline -0.004 -1"><span class='ocrx_word' id='word_1_72' title='bbox 39 744 266 784; x_wconf 82' lang='lat' dir='ltr'><strong>interfecit.</strong></span> 
     </span>
    </p>
   </div>
   <div class='ocr_carea' id='block_1_3' title="bbox 39 815 1632 1532">
    <p class='ocr_par' dir='ltr' id='par_1_3' title="bbox 39 815 1632 1532">
     <span class='ocr_line' id='line_1_11' title="bbox 151 815 1503 873; baseline 0.001 -18"><span class='ocrx_word' id='word_1_73' title='bbox 151 817 197 856; x_wconf 91' lang='lat' dir='ltr'><strong>In</strong></span> <span class='ocrx_word' id='word_1_74' title='bbox 226 816 288 856; x_wconf 82' lang='lat' dir='ltr'><strong>his</strong></span> <span class='ocrx_word' id='word_1_75' title='bbox 318 815 611 856; x_wconf 83' lang='lat' dir='ltr'><strong>Constantinus</strong></span> <span class='ocrx_word' id='word_1_76' title='bbox 642 817 952 857; x_wconf 89' lang='lat' dir='ltr'><strong>Germaniciam</strong></span> <span class='ocrx_word' id='word_1_77' title='bbox 985 819 1120 872; x_wconf 84' lang='lat' dir='ltr'><strong>cepit,</strong></span> <span class='ocrx_word' id='word_1_78' title='bbox 1163 819 1292 858; x_wconf 86' lang='lat' dir='ltr'><strong>aciem</strong></span> <span class='ocrx_word' id='word_1_79' title='bbox 1324 818 1503 873; x_wconf 84' lang='lat' dir='ltr'><strong>dirigens</strong></span> 
     </span>
     <span class='ocr_line' id='line_1_12' title="bbox 39 871 1505 928; baseline 0.001 -16"><span class='ocrx_word' id='word_1_80' title='bbox 39 877 190 912; x_wconf 86' lang='lat' dir='ltr'><strong>contra</strong></span> <span class='ocrx_word' id='word_1_81' title='bbox 218 871 383 928; x_wconf 84' lang='lat' dir='ltr'><strong>Syriam</strong></span> <span class='ocrx_word' id='word_1_82' title='bbox 409 879 451 912; x_wconf 89' lang='lat' dir='ltr'><strong>et</strong></span> <span class='ocrx_word' id='word_1_83' title='bbox 478 872 739 924; x_wconf 87' lang='lat' dir='ltr'><strong>Dulecbiam,</strong></span> <span class='ocrx_word' id='word_1_84' title='bbox 768 874 884 913; x_wconf 89' lang='lat' dir='ltr'><strong>aditu</strong></span> <span class='ocrx_word' id='word_1_85' title='bbox 908 882 1080 928; x_wconf 86' lang='lat' dir='ltr'><strong>reperto</strong></span> <span class='ocrx_word' id='word_1_86' title='bbox 1108 882 1290 928; x_wconf 89' lang='lat' dir='ltr'><strong>propter</strong></span> <span class='ocrx_word' id='word_1_87' title='bbox 1320 875 1505 914; x_wconf 80' lang='lat' dir='ltr'>Arabum</span> 
     </span>
     <span class='ocr_line' id='line_1_13' title="bbox 39 929 1503 986; baseline 0.001 -18"><span class='ocrx_word' id='word_1_88' title='bbox 39 934 227 968; x_wconf 85' lang='lat' dir='ltr'><strong>mutuam</strong></span> <span class='ocrx_word' id='word_1_89' title='bbox 254 943 450 983; x_wconf 83' lang='lat' dir='ltr'><strong>pugnam,</strong></span> <span class='ocrx_word' id='word_1_90' title='bbox 479 929 611 968; x_wconf 88' lang='lat' dir='ltr'><strong>verbo</strong></span> <span class='ocrx_word' id='word_1_91' title='bbox 645 944 741 970; x_wconf 89' lang='lat' dir='ltr'><strong>sane</strong></span> <span class='ocrx_word' id='word_1_92' title='bbox 778 933 933 970; x_wconf 84' lang='lat' dir='ltr'><strong>Arabes</strong></span> <span class='ocrx_word' id='word_1_93' title='bbox 976 931 1150 971; x_wconf 89' lang='lat' dir='ltr'><strong>inermes</strong></span> <span class='ocrx_word' id='word_1_94' title='bbox 1181 930 1403 982; x_wconf 89' lang='lat' dir='ltr'><strong>dimittens,</strong></span> <span class='ocrx_word' id='word_1_95' title='bbox 1432 931 1503 986; x_wconf 89' lang='lat' dir='ltr'><strong>qui</strong></span> 
     </span>
     <span class='ocr_line' id='line_1_14' title="bbox 41 985 1505 1040; baseline 0.001 -15"><span class='ocrx_word' id='word_1_96' title='bbox 41 990 161 1025; x_wconf 87' lang='lat' dir='ltr'><strong>erant</strong></span> <span class='ocrx_word' id='word_1_97' title='bbox 188 985 231 1024; x_wconf 91' lang='lat' dir='ltr'><strong>in</strong></span> <span class='ocrx_word' id='word_1_98' title='bbox 265 985 374 1039; x_wconf 80' lang='lat' dir='ltr'><strong>ipsis·</strong></span> <span class='ocrx_word' id='word_1_99' title='bbox 435 987 650 1039; x_wconf 87' lang='lat' dir='ltr'><strong>assumpsit</strong></span> <span class='ocrx_word' id='word_1_100' title='bbox 678 992 818 1026; x_wconf 86' lang='lat' dir='ltr'><strong>autem</strong></span> <span class='ocrx_word' id='word_1_101' title='bbox 846 993 888 1026; x_wconf 89' lang='lat' dir='ltr'><strong>ct</strong></span> <span class='ocrx_word' id='word_1_102' title='bbox 920 994 1117 1040; x_wconf 80' lang='lat' dir='ltr'><strong>cognatos</strong></span> <span class='ocrx_word' id='word_1_103' title='bbox 1148 1002 1241 1027; x_wconf 90' lang='lat' dir='ltr'><strong>suos</strong></span> <span class='ocrx_word' id='word_1_104' title='bbox 1273 1002 1320 1027; x_wconf 85' lang='lat' dir='ltr'><strong>ex</strong></span> <span class='ocrx_word' id='word_1_105' title='bbox 1349 994 1505 1027; x_wconf 82' lang='lat' dir='ltr'><strong>mater-</strong></span> 
     </span>
     <span class='ocr_line' id='line_1_15' title="bbox 40 1041 1504 1097; baseline 0.001 -17"><span class='ocrx_word' id='word_1_106' title='bbox 40 1057 91 1081; x_wconf 90' lang='lat' dir='ltr'><strong>na</strong></span> <span class='ocrx_word' id='word_1_107' title='bbox 126 1041 232 1082; x_wconf 84' lang='lat' dir='ltr'><strong>linea</strong></span> <span class='ocrx_word' id='word_1_108' title='bbox 265 1041 567 1092; x_wconf 77' lang='lat' dir='ltr'><strong>descendentes,</strong></span> <span class='ocrx_word' id='word_1_109' title='bbox 599 1049 641 1082; x_wconf 90' lang='lat' dir='ltr'><strong>et</strong></span> <span class='ocrx_word' id='word_1_110' title='bbox 663 1043 853 1097; x_wconf 86' lang='lat' dir='ltr'><strong>Byzantii</strong></span> <span class='ocrx_word' id='word_1_111' title='bbox 875 1043 1097 1083; x_wconf 90' lang='lat' dir='ltr'><strong>collocavit</strong></span> <span class='ocrx_word' id='word_1_112' title='bbox 1129 1059 1210 1083; x_wconf 89' lang='lat' dir='ltr'><strong>una</strong></span> <span class='ocrx_word' id='word_1_113' title='bbox 1240 1059 1335 1084; x_wconf 89' lang='lat' dir='ltr'><strong>cum</strong></span> <span class='ocrx_word' id='word_1_114' title='bbox 1367 1043 1504 1083; x_wconf 89' lang='lat' dir='ltr'><strong>multis</strong></span> 
     </span>
     <span class='ocr_line' id='line_1_16' title="bbox 39 1096 1632 1156; baseline 0.002 -20"><span class='ocrx_word' id='word_1_115' title='bbox 39 1098 152 1153; x_wconf 88' lang='lat' dir='ltr'><strong>Syris</strong></span> <span class='ocrx_word' id='word_1_116' title='bbox 195 1096 497 1153; x_wconf 84' lang='lat' dir='ltr'><strong>&#39;monophysitis</strong></span> <span class='ocrx_word' id='word_1_117' title='bbox 541 1097 758 1138; x_wconf 84' lang='lat' dir='ltr'><strong>haereticis</strong></span> <span class='ocrx_word' id='word_1_118' title='bbox 777 1129 788 1149; x_wconf 94' lang='lat'>,</span> <span class='ocrx_word' id='word_1_119' title='bbox 833 1113 883 1139; x_wconf 86' lang='lat' dir='ltr'><strong>ex</strong></span> <span class='ocrx_word' id='word_1_120' title='bbox 913 1099 1063 1154; x_wconf 89' lang='lat' dir='ltr'><strong>quibus</strong></span> <span class='ocrx_word' id='word_1_121' title='bbox 1099 1101 1239 1152; x_wconf 91' lang='lat' dir='ltr'><strong>plures</strong></span> <span class='ocrx_word' id='word_1_122' title='bbox 1268 1100 1310 1139; x_wconf 90' lang='lat' dir='ltr'><strong>in</strong></span> <span class='ocrx_word' id='word_1_123' title='bbox 1340 1099 1505 1139; x_wconf 83' lang='lat' dir='ltr'><strong>Thrace</strong></span> <span class='ocrx_word' id='word_1_124' title='bbox 1518 1121 1552 1156; x_wconf 81' lang='lat' dir='ltr'><strong>p,</strong></span> <span class='ocrx_word' id='word_1_125' title='bbox 1565 1109 1632 1145; x_wconf 77' lang='lat'><strong>651</strong></span> 
     </span>
     <span class='ocr_line' id='line_1_17' title="bbox 39 1153 1503 1210; baseline 0.001 -16"><span class='ocrx_word' id='word_1_126' title='bbox 39 1168 171 1210; x_wconf 86' lang='lat' dir='ltr'><strong>usque</strong></span> <span class='ocrx_word' id='word_1_127' title='bbox 202 1168 312 1193; x_wconf 91' lang='lat' dir='ltr'><strong>nunc</strong></span> <span class='ocrx_word' id='word_1_128' title='bbox 338 1153 529 1194; x_wconf 78' lang='lat' dir='ltr'><strong>habitant</strong></span> <span class='ocrx_word' id='word_1_129' title='bbox 562 1159 604 1194; x_wconf 89' lang='lat' dir='ltr'><strong>et</strong></span> <span class='ocrx_word' id='word_1_130' title='bbox 644 1155 755 1194; x_wconf 86' lang='lat' dir='ltr'><strong>iuxta</strong></span> <span class='ocrx_word' id='word_1_131' title='bbox 781 1155 955 1195; x_wconf 88' lang='lat' dir='ltr'><strong>Petrum</strong></span> <span class='ocrx_word' id='word_1_132' title='bbox 983 1155 1177 1209; x_wconf 88' lang='lat' dir='ltr'><strong>Cnaphea</strong></span> <span class='ocrx_word' id='word_1_133' title='bbox 1203 1156 1434 1196; x_wconf 84' lang='lat' dir='ltr'><strong>trinitatem</strong></span> <span class='ocrx_word' id='word_1_134' title='bbox 1462 1157 1503 1195; x_wconf 88' lang='lat' dir='ltr'><strong>in</strong></span> 
     </span>
     <span class='ocr_line' id='line_1_18' title="bbox 41 1210 1507 1267; baseline 0.002 -18"><span class='ocrx_word' id='word_1_135' title='bbox 41 1210 210 1264; x_wconf 79' lang='lat' dir='ltr'><strong>trisagio</strong></span> <span class='ocrx_word' id='word_1_136' title='bbox 239 1210 500 1264; x_wconf 83' lang='lat' dir='ltr'><strong>crucifigunt.</strong></span> <span class='ocrx_word' id='word_1_137' title='bbox 558 1223 694 1263; x_wconf 90' lang='lat' dir='ltr'><strong>porro</strong></span> <span class='ocrx_word' id='word_1_138' title='bbox 726 1226 749 1250; x_wconf 86' lang='lat' dir='ltr'><strong>a</strong></span> <span class='ocrx_word' id='word_1_139' title='bbox 776 1217 931 1266; x_wconf 89' lang='lat' dir='ltr'><strong>quarto</strong></span> <span class='ocrx_word' id='word_1_140' title='bbox 960 1211 1049 1251; x_wconf 89' lang='lat' dir='ltr'><strong>idus</strong></span> <span class='ocrx_word' id='word_1_141' title='bbox 1064 1215 1263 1267; x_wconf 82' lang='lat' dir='ltr'><strong>Augustas</strong></span> <span class='ocrx_word' id='word_1_142' title='bbox 1295 1227 1424 1267; x_wconf 86' lang='lat' dir='ltr'><strong>usque</strong></span> <span class='ocrx_word' id='word_1_143' title='bbox 1453 1211 1507 1252; x_wconf 83' lang='lat' dir='ltr'><strong>ad</strong></span> 
     </span>
     <span class='ocr_line' id='line_1_19' title="bbox 42 1265 1504 1320; baseline 0.002 -15"><span class='ocrx_word' id='word_1_144' title='bbox 42 1271 236 1306; x_wconf 76' lang='lat' dir='ltr'><strong>Octavum</strong></span> <span class='ocrx_word' id='word_1_145' title='bbox 269 1265 462 1306; x_wconf 82' lang='lat' dir='ltr'><strong>kalendas</strong></span> <span class='ocrx_word' id='word_1_146' title='bbox 492 1266 746 1320; x_wconf 84' lang='lat' dir='ltr'><strong>Septembris</strong></span> <span class='ocrx_word' id='word_1_147' title='bbox 767 1267 963 1308; x_wconf 83' lang='lat' dir='ltr'><strong>tenebrae</strong></span> <span class='ocrx_word' id='word_1_148' title='bbox 981 1268 1115 1308; x_wconf 84' lang='lat' dir='ltr'><strong>factae</strong></span> <span class='ocrx_word' id='word_1_149' title='bbox 1144 1276 1240 1309; x_wconf 89' lang='lat' dir='ltr'><strong>sunt</strong></span> <span class='ocrx_word' id='word_1_150' title='bbox 1267 1269 1504 1309; x_wconf 79' lang='lat' dir='ltr'><strong>nebulosae.</strong></span> 
     </span>
     <span class='ocr_line' id='line_1_20' title="bbox 41 1322 1507 1378; baseline 0 -17"><span class='ocrx_word' id='word_1_151' title='bbox 41 1329 143 1362; x_wconf 85' lang='lat' dir='ltr'><strong>tunc</strong></span> <span class='ocrx_word' id='word_1_152' title='bbox 172 1322 392 1362; x_wconf 88' lang='lat' dir='ltr'><strong>Meruham</strong></span> <span class='ocrx_word' id='word_1_153' title='bbox 420 1322 560 1362; x_wconf 89' lang='lat' dir='ltr'><strong>victor</strong></span> <span class='ocrx_word' id='word_1_154' title='bbox 581 1323 754 1363; x_wconf 86' lang='lat' dir='ltr'><strong>Emesea</strong></span> <span class='ocrx_word' id='word_1_155' title='bbox 791 1331 915 1377; x_wconf 88' lang='lat' dir='ltr'><strong>capta</strong></span> <span class='ocrx_word' id='word_1_156' title='bbox 945 1324 1152 1365; x_wconf 84' lang='lat' dir='ltr'><strong>interfecit</strong></span> <span class='ocrx_word' id='word_1_157' title='bbox 1183 1339 1321 1365; x_wconf 88' lang='lat' dir='ltr'><strong>omnes</strong></span> <span class='ocrx_word' id='word_1_158' title='bbox 1351 1339 1507 1378; x_wconf 79' lang='lat' dir='ltr'><strong>cogna-</strong></span> 
     </span>
     <span class='ocr_line' id='line_1_21' title="bbox 40 1378 1510 1435; baseline 0.003 -18"><span class='ocrx_word' id='word_1_159' title='bbox 40 1385 106 1418; x_wconf 89' lang='lat' dir='ltr'><strong>tos</strong></span> <span class='ocrx_word' id='word_1_160' title='bbox 148 1385 188 1419; x_wconf 88' lang='lat' dir='ltr'><strong>et</strong></span> <span class='ocrx_word' id='word_1_161' title='bbox 234 1378 406 1418; x_wconf 89' lang='lat' dir='ltr'><strong>libertos</strong></span> <span class='ocrx_word' id='word_1_162' title='bbox 437 1378 596 1427; x_wconf 84' lang='lat' dir='ltr'><strong>Hisam,</strong></span> <span class='ocrx_word' id='word_1_163' title='bbox 639 1387 931 1435; x_wconf 82' lang='lat' dir='ltr'><strong>expugnatque</strong></span> <span class='ocrx_word' id='word_1_164' title='bbox 974 1395 1115 1420; x_wconf 89' lang='lat' dir='ltr'><strong>muros</strong></span> <span class='ocrx_word' id='word_1_165' title='bbox 1160 1380 1424 1435; x_wconf 89' lang='lat' dir='ltr'><strong>Heliopoleos</strong></span> <span class='ocrx_word' id='word_1_166' title='bbox 1466 1388 1510 1421; x_wconf 89' lang='lat' dir='ltr'><strong>et</strong></span> 
     </span>
     <span class='ocr_line' id='line_1_22' title="bbox 40 1434 1509 1492; baseline 0.002 -17"><span class='ocrx_word' id='word_1_167' title='bbox 40 1434 250 1475; x_wconf 82' lang='lat' dir='ltr'><strong>Damasci</strong></span> <span class='ocrx_word' id='word_1_168' title='bbox 274 1440 316 1474; x_wconf 90' lang='lat' dir='ltr'><strong>et</strong></span> <span class='ocrx_word' id='word_1_169' title='bbox 346 1434 760 1491; x_wconf 84' lang='lat' dir='ltr'><strong>Hierosolymorum,</strong></span> <span class='ocrx_word' id='word_1_170' title='bbox 800 1435 1015 1476; x_wconf 88' lang='lat' dir='ltr'><strong>trucidans</strong></span> <span class='ocrx_word' id='word_1_171' title='bbox 1054 1438 1206 1478; x_wconf 89' lang='lat' dir='ltr'><strong>multos</strong></span> <span class='ocrx_word' id='word_1_172' title='bbox 1246 1443 1437 1492; x_wconf 85' lang='lat' dir='ltr'><strong>potentes</strong></span> <span class='ocrx_word' id='word_1_173' title='bbox 1466 1444 1509 1478; x_wconf 90' lang='lat' dir='ltr'><strong>et</strong></span> 
     </span>
     <span class='ocr_line' id='line_1_23' title="bbox 42 1489 517 1532; baseline 0 -2"><span class='ocrx_word' id='word_1_174' title='bbox 42 1490 293 1532; x_wconf 89' lang='lat' dir='ltr'><strong>detruncans</strong></span> <span class='ocrx_word' id='word_1_175' title='bbox 318 1489 517 1531; x_wconf 87' lang='lat' dir='ltr'><strong>residuos.</strong></span> 
     </span>
    </p>
   </div>
   <div class='ocr_carea' id='block_1_4' title="bbox 40 1556 1512 1895">
    <p class='ocr_par' dir='ltr' id='par_1_4' title="bbox 40 1556 1512 1895">
     <span class='ocr_line' id='line_1_24' title="bbox 154 1556 1509 1610; baseline 0 -10"><span class='ocrx_word' id='word_1_176' title='bbox 154 1557 299 1601; x_wconf 88' lang='lat' dir='ltr'><strong>Mundi</strong></span> <span class='ocrx_word' id='word_1_177' title='bbox 331 1574 440 1599; x_wconf 89' lang='lat' dir='ltr'><strong>anno</strong></span> <span class='ocrx_word' id='word_1_178' title='bbox 470 1556 593 1608; x_wconf 78' lang='lat'><strong>6238,</strong></span> <span class='ocrx_word' id='word_1_179' title='bbox 625 1558 789 1599; x_wconf 88' lang='lat' dir='ltr'><strong>divinae</strong></span> <span class='ocrx_word' id='word_1_180' title='bbox 820 1558 1118 1600; x_wconf 87' lang='lat' dir='ltr'><strong>incarnationis</strong></span> <span class='ocrx_word' id='word_1_181' title='bbox 1142 1574 1252 1600; x_wconf 88' lang='lat' dir='ltr'><strong>anno</strong></span> <span class='ocrx_word' id='word_1_182' title='bbox 1273 1557 1368 1610; x_wconf 83' lang='lat'>738,</span> <span class='ocrx_word' id='word_1_183' title='bbox 1400 1573 1509 1600; x_wconf 85' lang='lat' dir='ltr'><strong>anno</strong></span> 
     </span>
     <span class='ocr_line' id='line_1_25' title="bbox 40 1614 1511 1670; baseline 0.001 -16"><span class='ocrx_word' id='word_1_184' title='bbox 40 1628 142 1666; x_wconf 82' lang='lat' dir='ltr'><strong>vero</strong></span> <span class='ocrx_word' id='word_1_185' title='bbox 163 1614 340 1670; x_wconf 83' lang='lat' dir='ltr'><strong>¹imperii</strong></span> <span class='ocrx_word' id='word_1_186' title='bbox 371 1614 633 1655; x_wconf 87' lang='lat' dir='ltr'><strong>Constantini</strong></span> <span class='ocrx_word' id='word_1_187' title='bbox 672 1622 785 1654; x_wconf 82' lang='lat' dir='ltr'><strong>sexto</strong></span> <span class='ocrx_word' id='word_1_188' title='bbox 826 1615 955 1655; x_wconf 84' lang='lat' dir='ltr'><strong>factus</strong></span> <span class='ocrx_word' id='word_1_189' title='bbox 997 1622 1057 1656; x_wconf 91' lang='lat' dir='ltr'><strong>est</strong></span> <span class='ocrx_word' id='word_1_190' title='bbox 1086 1624 1225 1656; x_wconf 88' lang='lat' dir='ltr'><strong>terrae</strong></span> <span class='ocrx_word' id='word_1_191' title='bbox 1254 1621 1391 1655; x_wconf 89' lang='lat' dir='ltr'><strong>motus</strong></span> <span class='ocrx_word' id='word_1_192' title='bbox 1418 1631 1511 1656; x_wconf 84' lang='lat' dir='ltr'><strong>ma-</strong></span> 
     </span>
     <span class='ocr_line' id='line_1_26' title="bbox 40 1671 1511 1727; baseline 0.001 -17"><span class='ocrx_word' id='word_1_193' title='bbox 40 1685 142 1725; x_wconf 80' lang='lat' dir='ltr'><strong>gnus</strong></span> <span class='ocrx_word' id='word_1_194' title='bbox 173 1671 215 1710; x_wconf 89' lang='lat' dir='ltr'><strong>in</strong></span> <span class='ocrx_word' id='word_1_195' title='bbox 246 1671 473 1712; x_wconf 86' lang='lat' dir='ltr'><strong>Palaestina</strong></span> <span class='ocrx_word' id='word_1_196' title='bbox 496 1677 538 1711; x_wconf 89' lang='lat' dir='ltr'><strong>et</strong></span> <span class='ocrx_word' id='word_1_197' title='bbox 556 1671 667 1711; x_wconf 89' lang='lat' dir='ltr'><strong>circa</strong></span> <span class='ocrx_word' id='word_1_198' title='bbox 702 1671 920 1711; x_wconf 76' lang='lat' dir='ltr'><strong>Iordanem</strong></span> <span class='ocrx_word' id='word_1_199' title='bbox 947 1677 989 1711; x_wconf 88' lang='lat' dir='ltr'><strong>et</strong></span> <span class='ocrx_word' id='word_1_200' title='bbox 1018 1678 1151 1713; x_wconf 78' lang='lat' dir='ltr'><strong>totam</strong></span> <span class='ocrx_word' id='word_1_201' title='bbox 1180 1672 1346 1727; x_wconf 86' lang='lat' dir='ltr'><strong>Syriam</strong></span> <span class='ocrx_word' id='word_1_202' title='bbox 1372 1687 1511 1712; x_wconf 88' lang='lat' dir='ltr'><strong>mense</strong></span> 
     </span>
     <span class='ocr_line' id='line_1_27' title="bbox 41 1727 1510 1783; baseline 0.001 -17"><span class='ocrx_word' id='word_1_203' title='bbox 41 1728 246 1781; x_wconf 83' lang='lat' dir='ltr'><strong>Ianuario,</strong></span> <span class='ocrx_word' id='word_1_204' title='bbox 273 1727 379 1768; x_wconf 90' lang='lat' dir='ltr'><strong>hora</strong></span> <span class='ocrx_word' id='word_1_205' title='bbox 409 1733 572 1782; x_wconf 89' lang='lat' dir='ltr'><strong>quarta,</strong></span> <span class='ocrx_word' id='word_1_206' title='bbox 604 1733 646 1767; x_wconf 91' lang='lat' dir='ltr'><strong>et</strong></span> <span class='ocrx_word' id='word_1_207' title='bbox 672 1728 802 1767; x_wconf 88' lang='lat' dir='ltr'><strong>multa</strong></span> <span class='ocrx_word' id='word_1_208' title='bbox 832 1727 957 1778; x_wconf 88' lang='lat' dir='ltr'><strong>milia,</strong></span> <span class='ocrx_word' id='word_1_209' title='bbox 988 1730 1088 1783; x_wconf 90' lang='lat' dir='ltr'><strong>quin</strong></span> <span class='ocrx_word' id='word_1_210' title='bbox 1123 1731 1165 1769; x_wconf 86' lang='lat' dir='ltr'><strong>et</strong></span> <span class='ocrx_word' id='word_1_211' title='bbox 1192 1729 1510 1768; x_wconf 88' lang='lat' dir='ltr'><strong>innumerabilia</strong></span> 
     </span>
     <span class='ocr_line' id='line_1_28' title="bbox 41 1783 1512 1838; baseline 0.001 -15"><span class='ocrx_word' id='word_1_212' title='bbox 41 1791 209 1824; x_wconf 79' lang='lat' dir='ltr'><strong>mortua</strong></span> <span class='ocrx_word' id='word_1_213' title='bbox 237 1790 350 1837; x_wconf 85' lang='lat' dir='ltr'><strong>sunt,</strong></span> <span class='ocrx_word' id='word_1_214' title='bbox 381 1783 660 1838; x_wconf 86' lang='lat' dir='ltr'><strong>ecclesiaeque</strong></span> <span class='ocrx_word' id='word_1_215' title='bbox 689 1798 737 1823; x_wconf 86' lang='lat' dir='ltr'><strong>ac</strong></span> <span class='ocrx_word' id='word_1_216' title='bbox 768 1785 1019 1824; x_wconf 84' lang='lat' dir='ltr'><strong>monasteria</strong></span> <span class='ocrx_word' id='word_1_217' title='bbox 1048 1791 1320 1834; x_wconf 88' lang='lat' dir='ltr'><strong>corruerunt,</strong></span> <span class='ocrx_word' id='word_1_218' title='bbox 1352 1790 1394 1824; x_wconf 88' lang='lat' dir='ltr'><strong>et</strong></span> <span class='ocrx_word' id='word_1_219' title='bbox 1419 1800 1512 1824; x_wconf 85' lang='lat' dir='ltr'><strong>ma·-</strong></span> 
     </span>
     <span class='ocr_line' id='line_1_29' title="bbox 42 1840 942 1895; baseline -0.001 -15"><span class='ocrx_word' id='word_1_220' title='bbox 42 1841 155 1880; x_wconf 82' lang='lat' dir='ltr'><strong>xime</strong></span> <span class='ocrx_word' id='word_1_221' title='bbox 182 1853 308 1895; x_wconf 89' lang='lat' dir='ltr'><strong>penes</strong></span> <span class='ocrx_word' id='word_1_222' title='bbox 337 1855 524 1881; x_wconf 90' lang='lat' dir='ltr'><strong>eremum</strong></span> <span class='ocrx_word' id='word_1_223' title='bbox 553 1845 720 1880; x_wconf 87' lang='lat' dir='ltr'><strong>sanctae</strong></span> <span class='ocrx_word' id='word_1_224' title='bbox 750 1840 942 1880; x_wconf 86' lang='lat' dir='ltr'><strong>civitatis.</strong></span> 
     </span>
    </p>
   </div>
   <div class='ocr_carea' id='block_1_5' title="bbox 39 1910 1642 2810">
    <p class='ocr_par' dir='ltr' id='par_1_5' title="bbox 39 1910 1642 2810">
     <span class='ocr_line' id='line_1_30' title="bbox 151 1910 1512 1966; baseline -0.001 -14"><span class='ocrx_word' id='word_1_225' title='bbox 151 1911 312 1952; x_wconf 89' lang='lat' dir='ltr'><strong>Eodem</strong></span> <span class='ocrx_word' id='word_1_226' title='bbox 345 1927 445 1953; x_wconf 91' lang='lat' dir='ltr'><strong>vero</strong></span> <span class='ocrx_word' id='word_1_227' title='bbox 490 1927 599 1952; x_wconf 91' lang='lat' dir='ltr'><strong>anno</strong></span> <span class='ocrx_word' id='word_1_228' title='bbox 637 1912 828 1966; x_wconf 90' lang='lat' dir='ltr'><strong>pestilens</strong></span> <span class='ocrx_word' id='word_1_229' title='bbox 875 1926 989 1952; x_wconf 91' lang='lat' dir='ltr'><strong>mors</strong></span> <span class='ocrx_word' id='word_1_230' title='bbox 1020 1927 1042 1952; x_wconf 92' lang='lat' dir='ltr'><strong>a</strong></span> <span class='ocrx_word' id='word_1_231' title='bbox 1081 1911 1221 1951; x_wconf 90' lang='lat' dir='ltr'><strong>Sicilia</strong></span> <span class='ocrx_word' id='word_1_232' title='bbox 1248 1917 1291 1951; x_wconf 89' lang='lat' dir='ltr'><strong>et</strong></span> <span class='ocrx_word' id='word_1_233' title='bbox 1319 1910 1512 1952; x_wconf 86' lang='lat' dir='ltr'><strong>Calabria</strong></span> 
     </span>
     <span class='ocr_line' id='line_1_31' title="bbox 42 1966 1511 2024; baseline -0.001 -17"><span class='ocrx_word' id='word_1_234' title='bbox 42 1967 256 2020; x_wconf 77' lang='lat' dir='ltr'><strong>incipien5‚</strong></span> <span class='ocrx_word' id='word_1_235' title='bbox 286 1969 415 2009; x_wconf 83' lang='lat' dir='ltr'><strong>veluti</strong></span> <span class='ocrx_word' id='word_1_236' title='bbox 446 1969 614 2024; x_wconf 90' lang='lat' dir='ltr'><strong>quidam</strong></span> <span class='ocrx_word' id='word_1_237' title='bbox 646 1969 747 2023; x_wconf 81' lang='lat' dir='ltr'><strong>ignis</strong></span> <span class='ocrx_word' id='word_1_238' title='bbox 769 1969 1004 2022; x_wconf 88' lang='lat' dir='ltr'><strong>depascens,</strong></span> <span class='ocrx_word' id='word_1_239' title='bbox 1036 1966 1088 2007; x_wconf 89' lang='lat' dir='ltr'><strong>ad</strong></span> <span class='ocrx_word' id='word_1_240' title='bbox 1108 1968 1395 2008; x_wconf 84' lang='lat' dir='ltr'><strong>Monobasiam</strong></span> <span class='ocrx_word' id='word_1_241' title='bbox 1414 1968 1511 2008; x_wconf 86' lang='lat' dir='ltr'><strong>Hel-</strong></span> 
     </span>
     <span class='ocr_line' id='line_1_32' title="bbox 44 2023 1512 2078; baseline 0.001 -16"><span class='ocrx_word' id='word_1_242' title='bbox 44 2023 178 2063; x_wconf 88' lang='lat' dir='ltr'><strong>ladem</strong></span> <span class='ocrx_word' id='word_1_243' title='bbox 206 2031 332 2078; x_wconf 87' lang='lat' dir='ltr'><strong>atque</strong></span> <span class='ocrx_word' id='word_1_244' title='bbox 377 2025 666 2065; x_wconf 85' lang='lat' dir='ltr'><strong>interiacentes</strong></span> <span class='ocrx_word' id='word_1_245' title='bbox 705 2025 851 2064; x_wconf 87' lang='lat' dir='ltr'><strong>insulas</strong></span> <span class='ocrx_word' id='word_1_246' title='bbox 890 2024 1007 2065; x_wconf 88' lang='lat' dir='ltr'><strong>venit</strong></span> <span class='ocrx_word' id='word_1_247' title='bbox 1036 2039 1115 2078; x_wconf 88' lang='lat' dir='ltr'><strong>per</strong></span> <span class='ocrx_word' id='word_1_248' title='bbox 1145 2030 1278 2064; x_wconf 89' lang='lat' dir='ltr'><strong>totam</strong></span> <span class='ocrx_word' id='word_1_249' title='bbox 1309 2024 1512 2065; x_wconf 88' lang='lat' dir='ltr'><strong>decimam</strong></span> 
     </span>
     <span class='ocr_line' id='line_1_33' title="bbox 43 2079 1511 2135; baseline 0 -16"><span class='ocrx_word' id='word_1_250' title='bbox 43 2087 243 2134; x_wconf 83' lang='lat' dir='ltr'><strong>quartam</strong></span> <span class='ocrx_word' id='word_1_251' title='bbox 266 2079 549 2132; x_wconf 84' lang='lat' dir='ltr'><strong>indictionem,</strong></span> <span class='ocrx_word' id='word_1_252' title='bbox 580 2081 788 2135; x_wconf 73' lang='lat' dir='ltr'><strong>flagellans</strong></span> <span class='ocrx_word' id='word_1_253' title='bbox 834 2081 969 2134; x_wconf 84' lang='lat' dir='ltr'><strong>ipsum</strong></span> <span class='ocrx_word' id='word_1_254' title='bbox 1000 2081 1331 2131; x_wconf 86' lang='lat' dir='ltr'><strong>Constantinum,</strong></span> <span class='ocrx_word' id='word_1_255' title='bbox 1361 2088 1404 2121; x_wconf 91' lang='lat' dir='ltr'><strong>et</strong></span> <span class='ocrx_word' id='word_1_256' title='bbox 1435 2095 1511 2120; x_wconf 87' lang='lat' dir='ltr'><strong>eo-</strong></span> 
     </span>
     <span class='ocr_line' id='line_1_34' title="bbox 41 2137 1511 2192; baseline -0.001 -17"><span class='ocrx_word' id='word_1_257' title='bbox 41 2137 186 2176; x_wconf 86' lang='lat' dir='ltr'><strong>bibens</strong></span> <span class='ocrx_word' id='word_1_258' title='bbox 217 2137 267 2176; x_wconf 85' lang='lat' dir='ltr'><strong>ab</strong></span> <span class='ocrx_word' id='word_1_259' title='bbox 298 2137 474 2187; x_wconf 85' lang='lat' dir='ltr'><strong>insania,</strong></span> <span class='ocrx_word' id='word_1_260' title='bbox 514 2153 597 2192; x_wconf 86' lang='lat' dir='ltr'><strong>qua</strong></span> <span class='ocrx_word' id='word_1_261' title='bbox 624 2137 819 2178; x_wconf 86' lang='lat' dir='ltr'><strong>adversus</strong></span> <span class='ocrx_word' id='word_1_262' title='bbox 853 2143 1013 2176; x_wconf 87' lang='lat' dir='ltr'><strong>sanctas</strong></span> <span class='ocrx_word' id='word_1_263' title='bbox 1044 2137 1231 2176; x_wconf 87' lang='lat' dir='ltr'><strong>ecclesias</strong></span> <span class='ocrx_word' id='word_1_264' title='bbox 1266 2142 1308 2177; x_wconf 89' lang='lat' dir='ltr'><strong>et</strong></span> <span class='ocrx_word' id='word_1_265' title='bbox 1335 2152 1511 2177; x_wconf 81' lang='lat' dir='ltr'><strong>venera-</strong></span> 
     </span>
     <span class='ocr_line' id='line_1_35' title="bbox 40 2193 1642 2259; baseline -0.001 -26"><span class='ocrx_word' id='word_1_266' title='bbox 40 2195 141 2234; x_wconf 80' lang='lat' dir='ltr'><strong>biles</strong></span> <span class='ocrx_word' id='word_1_267' title='bbox 176 2193 370 2246; x_wconf 78' lang='lat' dir='ltr'><strong>imagines</strong></span> <span class='ocrx_word' id='word_1_268' title='bbox 398 2194 659 2236; x_wconf 80' lang='lat' dir='ltr'><strong>irritabatur.</strong></span> <span class='ocrx_word' id='word_1_269' title='bbox 725 2208 872 2233; x_wconf 89' lang='lat' dir='ltr'><strong>verum</strong></span> <span class='ocrx_word' id='word_1_270' title='bbox 902 2193 981 2245; x_wconf 87' lang='lat' dir='ltr'><strong>ille,</strong></span> <span class='ocrx_word' id='word_1_271' title='bbox 1010 2198 1058 2232; x_wconf 90' lang='lat' dir='ltr'><strong>ut</strong></span> <span class='ocrx_word' id='word_1_272' title='bbox 1085 2193 1252 2232; x_wconf 87' lang='lat' dir='ltr'><strong>Pharao</strong></span> <span class='ocrx_word' id='word_1_273' title='bbox 1284 2194 1642 2259; x_wconf 43' lang='lat' dir='ltr'><strong>quondamwssffl</strong></span> 
     </span>
     <span class='ocr_line' id='line_1_36' title="bbox 42 2248 1508 2304; baseline -0.003 -14"><span class='ocrx_word' id='word_1_274' title='bbox 42 2251 301 2290; x_wconf 79' lang='lat' dir='ltr'><strong>incorrectus</strong></span> <span class='ocrx_word' id='word_1_275' title='bbox 327 2250 568 2303; x_wconf 87' lang='lat' dir='ltr'><strong>permansit.</strong></span> <span class='ocrx_word' id='word_1_276' title='bbox 626 2264 720 2290; x_wconf 90' lang='lat' dir='ltr'><strong>sane</strong></span> <span class='ocrx_word' id='word_1_277' title='bbox 747 2250 980 2304; x_wconf 88' lang='lat' dir='ltr'><strong>pestilentia</strong></span> <span class='ocrx_word' id='word_1_278' title='bbox 1007 2248 1110 2289; x_wconf 90' lang='lat' dir='ltr'><strong>haec</strong></span> <span class='ocrx_word' id='word_1_279' title='bbox 1138 2249 1317 2289; x_wconf 89' lang='lat' dir='ltr'><strong>bubonis</strong></span> <span class='ocrx_word' id='word_1_280' title='bbox 1346 2249 1508 2288; x_wconf 79' lang='lat' dir='ltr'><strong>discur-</strong></span> 
     </span>
     <span class='ocr_line' id='line_1_37' title="bbox 41 2305 1506 2360; baseline -0.001 -14"><span class='ocrx_word' id='word_1_281' title='bbox 41 2322 136 2346; x_wconf 86' lang='lat' dir='ltr'><strong>rens</strong></span> <span class='ocrx_word' id='word_1_282' title='bbox 181 2305 341 2346; x_wconf 90' lang='lat' dir='ltr'><strong>decima</strong></span> <span class='ocrx_word' id='word_1_283' title='bbox 384 2306 530 2360; x_wconf 88' lang='lat' dir='ltr'><strong>quinta</strong></span> <span class='ocrx_word' id='word_1_284' title='bbox 570 2305 801 2346; x_wconf 89' lang='lat' dir='ltr'><strong>indictione</strong></span> <span class='ocrx_word' id='word_1_285' title='bbox 838 2306 994 2359; x_wconf 78' lang='lat' dir='ltr'><strong>regiam</strong></span> <span class='ocrx_word' id='word_1_286' title='bbox 1031 2306 1231 2359; x_wconf 89' lang='lat' dir='ltr'><strong>&#39;pervenit</strong></span> <span class='ocrx_word' id='word_1_287' title='bbox 1261 2305 1314 2344; x_wconf 90' lang='lat' dir='ltr'><strong>ad</strong></span> <span class='ocrx_word' id='word_1_288' title='bbox 1342 2305 1506 2345; x_wconf 89' lang='lat' dir='ltr'><strong>urbem.</strong></span> 
     </span>
     <span class='ocr_line' id='line_1_38' title="bbox 41 2360 1504 2419; baseline -0.004 -13"><span class='ocrx_word' id='word_1_289' title='bbox 41 2370 275 2419; x_wconf 87' lang='lat' dir='ltr'><strong>coeperunt</strong></span> <span class='ocrx_word' id='word_1_290' title='bbox 311 2369 449 2414; x_wconf 80' lang='lat' dir='ltr'><strong>autem</strong></span> <span class='ocrx_word' id='word_1_291' title='bbox 492 2362 628 2402; x_wconf 88' lang='lat' dir='ltr'><strong>subito</strong></span> <span class='ocrx_word' id='word_1_292' title='bbox 659 2361 922 2402; x_wconf 88' lang='lat' dir='ltr'><strong>invisibiliter</strong></span> <span class='ocrx_word' id='word_1_293' title='bbox 954 2362 1072 2412; x_wconf 85' lang='lat' dir='ltr'><strong>fieri,</strong></span> <span class='ocrx_word' id='word_1_294' title='bbox 1103 2368 1187 2401; x_wconf 87' lang='lat' dir='ltr'><strong>tam</strong></span> <span class='ocrx_word' id='word_1_295' title='bbox 1218 2361 1259 2400; x_wconf 92' lang='lat' dir='ltr'><strong>in</strong></span> <span class='ocrx_word' id='word_1_296' title='bbox 1288 2360 1504 2400; x_wconf 89' lang='lat' dir='ltr'><strong>hominum</strong></span> 
     </span>
     <span class='ocr_line' id='line_1_39' title="bbox 40 2417 1503 2470; baseline -0.003 -9"><span class='ocrx_word' id='word_1_297' title='bbox 40 2421 292 2462; x_wconf 88' lang='lat' dir='ltr'><strong>vestimentis</strong></span> <span class='ocrx_word' id='word_1_298' title='bbox 323 2426 365 2459; x_wconf 94' lang='lat' dir='ltr'><strong>et</strong></span> <span class='ocrx_word' id='word_1_299' title='bbox 394 2419 435 2458; x_wconf 90' lang='lat' dir='ltr'><strong>in</strong></span> <span class='ocrx_word' id='word_1_300' title='bbox 465 2418 636 2459; x_wconf 89' lang='lat' dir='ltr'><strong>sacratis</strong></span> <span class='ocrx_word' id='word_1_301' title='bbox 659 2418 929 2458; x_wconf 89' lang='lat' dir='ltr'><strong>ecclesiarum</strong></span> <span class='ocrx_word' id='word_1_302' title='bbox 957 2417 1208 2458; x_wconf 88' lang='lat' dir='ltr'><strong>indumentis</strong></span> <span class='ocrx_word' id='word_1_303' title='bbox 1238 2431 1360 2470; x_wconf 84' lang='lat' dir='ltr'><strong>quam</strong></span> <span class='ocrx_word' id='word_1_304' title='bbox 1392 2423 1433 2456; x_wconf 90' lang='lat' dir='ltr'><strong>et</strong></span> <span class='ocrx_word' id='word_1_305' title='bbox 1463 2417 1503 2456; x_wconf 89' lang='lat' dir='ltr'><strong>in</strong></span> 
     </span>
     <span class='ocr_line' id='line_1_40' title="bbox 41 2473 1507 2528; baseline -0.003 -12"><span class='ocrx_word' id='word_1_306' title='bbox 41 2479 164 2528; x_wconf 89' lang='lat' dir='ltr'><strong>velis,</strong></span> <span class='ocrx_word' id='word_1_307' title='bbox 204 2475 441 2517; x_wconf 87' lang='lat' dir='ltr'><strong>cruciculae</strong></span> <span class='ocrx_word' id='word_1_308' title='bbox 481 2475 689 2528; x_wconf 83' lang='lat' dir='ltr'><strong>plurimae</strong></span> <span class='ocrx_word' id='word_1_309' title='bbox 727 2474 855 2514; x_wconf 88' lang='lat' dir='ltr'><strong>veluti</strong></span> <span class='ocrx_word' id='word_1_310' title='bbox 885 2489 932 2514; x_wconf 84' lang='lat' dir='ltr'><strong>ex</strong></span> <span class='ocrx_word' id='word_1_311' title='bbox 971 2474 1064 2514; x_wconf 90' lang='lat' dir='ltr'><strong>oleo</strong></span> <span class='ocrx_word' id='word_1_312' title='bbox 1096 2473 1340 2527; x_wconf 81' lang='lat' dir='ltr'><strong>designatae.</strong></span> <span class='ocrx_word' id='word_1_313' title='bbox 1398 2473 1507 2512; x_wconf 86' lang='lat' dir='ltr'><strong>facta</strong></span> 
     </span>
     <span class='ocr_line' id='line_1_41' title="bbox 41 2528 1504 2588; baseline -0.008 -13"><span class='ocrx_word' id='word_1_314' title='bbox 41 2542 102 2575; x_wconf 86' lang='lat' dir='ltr'><strong>est</strong></span> <span class='ocrx_word' id='word_1_315' title='bbox 131 2548 233 2588; x_wconf 80' lang='lat' dir='ltr'><strong>ergo</strong></span> <span class='ocrx_word' id='word_1_316' title='bbox 265 2533 361 2572; x_wconf 87' lang='lat' dir='ltr'><strong>hinc</strong></span> <span class='ocrx_word' id='word_1_317' title='bbox 395 2531 563 2571; x_wconf 87' lang='lat' dir='ltr'><strong>tristitia</strong></span> <span class='ocrx_word' id='word_1_318' title='bbox 610 2537 653 2571; x_wconf 90' lang='lat' dir='ltr'><strong>et</strong></span> <span class='ocrx_word' id='word_1_319' title='bbox 681 2529 860 2571; x_wconf 85' lang='lat' dir='ltr'><strong>defectio</strong></span> <span class='ocrx_word' id='word_1_320' title='bbox 900 2530 1026 2570; x_wconf 87' lang='lat' dir='ltr'><strong>animi</strong></span> <span class='ocrx_word' id='word_1_321' title='bbox 1055 2529 1184 2569; x_wconf 87' lang='lat' dir='ltr'><strong>multa</strong></span> <span class='ocrx_word' id='word_1_322' title='bbox 1214 2533 1395 2581; x_wconf 90' lang='lat' dir='ltr'><strong>propter</strong></span> <span class='ocrx_word' id='word_1_323' title='bbox 1423 2528 1504 2568; x_wconf 88' lang='lat' dir='ltr'><strong>du-</strong></span> 
     </span>
     <span class='ocr_line' id='line_1_42' title="bbox 39 2583 1505 2640; baseline -0.005 -10"><span class='ocrx_word' id='word_1_324' title='bbox 39 2591 157 2631; x_wconf 86' lang='lat' dir='ltr'><strong>bium</strong></span> <span class='ocrx_word' id='word_1_325' title='bbox 189 2587 474 2629; x_wconf 86' lang='lat' dir='ltr'><strong>huiuscemodi</strong></span> <span class='ocrx_word' id='word_1_326' title='bbox 501 2586 618 2640; x_wconf 78' lang='lat' dir='ltr'><strong>signi.</strong></span> <span class='ocrx_word' id='word_1_327' title='bbox 686 2587 801 2626; x_wconf 90' lang='lat' dir='ltr'><strong>venit</strong></span> <span class='ocrx_word' id='word_1_328' title='bbox 840 2586 1105 2626; x_wconf 83' lang='lat' dir='ltr'><strong>nihilominus</strong></span> <span class='ocrx_word' id='word_1_329' title='bbox 1138 2592 1180 2624; x_wconf 90' lang='lat' dir='ltr'><strong>et</strong></span> <span class='ocrx_word' id='word_1_330' title='bbox 1209 2583 1405 2623; x_wconf 87' lang='lat' dir='ltr'><strong>divinitus</strong></span> <span class='ocrx_word' id='word_1_331' title='bbox 1435 2584 1505 2624; x_wconf 90' lang='lat' dir='ltr'><strong>in-</strong></span> 
     </span>
     <span class='ocr_line' id='line_1_43' title="bbox 42 2638 1504 2700; baseline -0.005 -14"><span class='ocrx_word' id='word_1_332' title='bbox 42 2646 243 2700; x_wconf 79' lang='lat' dir='ltr'><strong>dignatio,</strong></span> <span class='ocrx_word' id='word_1_333' title='bbox 272 2645 466 2698; x_wconf 85' lang='lat' dir='ltr'><strong>dissipans</strong></span> <span class='ocrx_word' id='word_1_334' title='bbox 510 2644 758 2683; x_wconf 87' lang='lat' dir='ltr'><strong>incessanter</strong></span> <span class='ocrx_word' id='word_1_335' title='bbox 806 2656 891 2682; x_wconf 87' lang='lat' dir='ltr'><strong>non</strong></span> <span class='ocrx_word' id='word_1_336' title='bbox 920 2643 1053 2682; x_wconf 92' lang='lat' dir='ltr'><strong>solum</strong></span> <span class='ocrx_word' id='word_1_337' title='bbox 1082 2639 1198 2696; x_wconf 86' lang='lat' dir='ltr'><strong>urbis</strong></span> <span class='ocrx_word' id='word_1_338' title='bbox 1229 2639 1337 2680; x_wconf 85' lang='lat' dir='ltr'><strong>cives</strong></span> <span class='ocrx_word' id='word_1_339' title='bbox 1365 2638 1436 2680; x_wconf 90' lang='lat' dir='ltr'><strong>sed</strong></span> <span class='ocrx_word' id='word_1_340' title='bbox 1462 2646 1504 2682; x_wconf 87' lang='lat' dir='ltr'><strong>et</strong></span> 
     </span>
     <span class='ocr_line' id='line_1_44' title="bbox 40 2697 1502 2753; baseline -0.004 -11"><span class='ocrx_word' id='word_1_341' title='bbox 40 2705 81 2742; x_wconf 91' lang='lat' dir='ltr'><strong>in</strong></span> <span class='ocrx_word' id='word_1_342' title='bbox 114 2703 304 2742; x_wconf 84' lang='lat' dir='ltr'><strong>omnibus</strong></span> <span class='ocrx_word' id='word_1_343' title='bbox 346 2700 596 2740; x_wconf 86' lang='lat' dir='ltr'><strong>suburbanis</strong></span> <span class='ocrx_word' id='word_1_344' title='bbox 645 2700 729 2738; x_wconf 86' lang='lat' dir='ltr'><strong>eius</strong></span> <span class='ocrx_word' id='word_1_345' title='bbox 759 2698 965 2753; x_wconf 82' lang='lat' dir='ltr'><strong>degentes.</strong></span> <span class='ocrx_word' id='word_1_346' title='bbox 1037 2698 1168 2736; x_wconf 86' lang='lat' dir='ltr'><strong>factae</strong></span> <span class='ocrx_word' id='word_1_347' title='bbox 1193 2697 1307 2734; x_wconf 71' lang='lat' dir='ltr'><strong>&#39;enim</strong></span> <span class='ocrx_word' id='word_1_348' title='bbox 1335 2703 1430 2736; x_wconf 91' lang='lat' dir='ltr'><strong>sunt</strong></span> <span class='ocrx_word' id='word_1_349' title='bbox 1461 2705 1502 2736; x_wconf 87' lang='lat' dir='ltr'><strong>et</strong></span> 
     </span>
     <span class='ocr_line' id='line_1_45' title="bbox 39 2752 1501 2810; baseline -0.003 -11"><span class='ocrx_word' id='word_1_350' title='bbox 39 2759 235 2799; x_wconf 75' lang='lat' dir='ltr'><strong>fantasiae</strong></span> <span class='ocrx_word' id='word_1_351' title='bbox 273 2758 314 2797; x_wconf 90' lang='lat' dir='ltr'><strong>in</strong></span> <span class='ocrx_word' id='word_1_352' title='bbox 363 2757 515 2795; x_wconf 88' lang='lat' dir='ltr'><strong>multos</strong></span> <span class='ocrx_word' id='word_1_353' title='bbox 551 2754 781 2807; x_wconf 87' lang='lat' dir='ltr'><strong>hominum,</strong></span> <span class='ocrx_word' id='word_1_354' title='bbox 824 2755 896 2810; x_wconf 89' lang='lat' dir='ltr'><strong>qui</strong></span> <span class='ocrx_word' id='word_1_355' title='bbox 926 2755 967 2794; x_wconf 89' lang='lat' dir='ltr'><strong>in</strong></span> <span class='ocrx_word' id='word_1_356' title='bbox 999 2753 1140 2794; x_wconf 82' lang='lat' dir='ltr'><strong>ecstasi</strong></span> <span class='ocrx_word' id='word_1_357' title='bbox 1168 2752 1268 2792; x_wconf 85' lang='lat' dir='ltr'><strong>facti</strong></span> <span class='ocrx_word' id='word_1_358' title='bbox 1293 2752 1501 2794; x_wconf 79' lang='lat' dir='ltr'><strong>existima-</strong></span> 
     </span>
    </p>
   </div>
   <div class='ocr_carea' id='block_1_6' title="bbox 176 2834 1256 2888">
    <p class='ocr_par' dir='ltr' id='par_1_6' title="bbox 176 2834 1256 2888">
     <span class='ocr_line' id='line_1_46' title="bbox 176 2834 1256 2888; baseline -0.008 -11"><span class='ocrx_word' id='word_1_359' title='bbox 176 2841 414 2888; x_wconf 74' lang='lat' dir='ltr'><strong>Theophanes</strong></span> <span class='ocrx_word' id='word_1_360' title='bbox 445 2841 491 2874; x_wconf 85' lang='lat' dir='ltr'><strong>Il.</strong></span> <span class='ocrx_word' id='word_1_361' title='bbox 1213 2834 1256 2868; x_wconf 89' lang='lat'><strong>15</strong></span> 
     </span>
    </p>
   </div>
  </div>
 </body>
</html>
