1728 3184
697 189 895 233 NOTAE.
1436 180 1536 232 413

76 305 323 347 calumniam
362 306 530 362 effugit,
559 310 706 346 narrat
745 304 949 360 Euagrius
991 303 1100 344 libro
1130 303 1157 344 3
1197 306 1334 361 capite
1363 303 1432 358 32,
1462 306 1536 361 qui

71 363 289 404 Theodori
318 363 498 419 Synopsi
525 361 665 418 quoad
695 361 859 416 reliqua
892 359 1178 402 conserendus.

189 434 283 487 240,
310 434 350 476 5.
407 432 480 476 τὸν
502 434 676 490 ἐπίκλην
702 432 1002 487 Λιτροβούλην
1028 431 1103 474 καί
1117 430 1322 488 Κήλωνα]
1353 435 1408 476 ob
1436 448 1538 475 con-

74 506 202 546 gruos
242 491 481 533 nominibus
526 492 611 532 istis
651 498 767 532 actus
801 495 997 530 vocatum
1043 504 1090 530 ex
1129 489 1360 532 Theodoro
1397 492 1541 532 scribit

73 547 361 602 Theophanes,
391 562 497 604 quos
526 547 832 600 αἰσχρουργίας
866 548 1048 602 impuros
1081 556 1121 587 et
1146 547 1322 587 scelestos
1346 548 1542 602 exprimit

73 604 335 660 Nicephorus
366 604 436 645 lib.
471 603 523 645 16
551 618 647 658 cap.
678 602 745 644 26.
802 603 1023 657 praemissa
1061 603 1263 643 vocabula
1295 604 1400 644 varii
1426 604 1541 645 varie

71 662 230 717 legunt.
285 660 561 716 Theophanes
603 666 646 701 et
675 659 887 700 Cedrenus
928 659 1083 713 ubique
1110 655 1408 713 Λιτροβούλην
1436 660 1543 700 reti-

74 724 192 767 nent,
222 717 482 772 Nicephorus
502 713 798 770 Λιτροβούνην
827 715 980 768 reddit,
1010 715 1242 755 Anastasius
1269 716 1542 770 Lytrobulem

72 773 189 829 quasi
220 770 529 827 Λυτροβοτίλην
557 772 726 829 legerit,
753 773 1003 814 Theodorus
1032 771 1168 812 lector
1196 769 1540 824 Λιτροβούλβην·

76 830 273 886 idemque
301 844 383 871 non
404 825 606 884 Κὴλωνα,
635 829 707 869 sed
735 826 918 870 Κύλωνα
949 827 1215 869 scribendum
1241 833 1388 882 putat3
1418 828 1540 869 Nice-

74 887 240 941 phoro,
270 885 487 937 Cedreno,
514 886 758 937 Anastasio,
797 885 1054 940 Theophane
1094 885 1276 939 primam
1322 884 1542 925 lectionem

72 943 364 997 probantibus.
423 943 609 998 quamvis
642 949 780 982 autem
811 940 986 993 Κόλων,
1017 947 1058 982 et
1086 939 1367 992 ξεκολωμὲνος
1395 955 1544 981 recen·-

72 999 253 1040 tioribns
282 1000 455 1041 Graecis
495 998 731 1054 appelletur
771 998 1009 1054 Cynaedus:
1051 1004 1189 1038 tamen
1218 1011 1314 1036 cum
1341 994 1543 1050 Κήλωνα,

67 1052 233 1108 θερμὸν
259 1053 320 1104 εἷς
347 1058 581 1096 συνουσίαν
615 1065 822 1110 potentem
851 1069 904 1096 ac
924 1054 1149 1107 ser-vidum
1177 1055 1222 1095 in
1254 1052 1456 1093 Venerem
1482 1053 1537 1093 si-

72 1112 242 1167 gnificet
287 1111 399 1167 apud
428 1112 629 1163 Suidam,
658 1112 742 1152 eius
780 1112 905 1152 lectio
937 1127 958 1151 a
989 1110 1181 1165 pluribus
1211 1109 1388 1165 probata
1418 1110 1544 1163 magis

70 1167 260 1219 arridet,
304 1174 346 1209 et
371 1168 542 1209 alterius
575 1168 767 1208 vocabuli
810 1168 925 1208 iuvat
964 1166 1277 1222 expositionem.
1340 1181 1387 1207 ex
1418 1166 1542 1206 variis

67 1238 206 1282 porro
236 1224 323 1266 eius
355 1223 604 1266 lectionibus
636 1224 773 1279 placet
803 1239 910 1280 quae
931 1220 1262 1278 Λιτροβοϋλβην
1291 1223 1435 1273 refert,
1465 1237 1543 1263 ceu

68 1295 177 1336 quae
205 1280 263 1336 regi
291 1278 467 1334 Κήλωνι
492 1295 535 1321 se
567 1280 874 1332 accommodet,
903 1286 945 1321 et
982 1294 1085 1335 prae
1117 1278 1204 1320 aliis
1232 1294 1394 1320 sensum
1426 1279 1543 1319 facil-

66 1337 212 1377 limum
235 1337 397 1378 offerat.
426 1334 623 1389 βουλβός,
653 1338 807 1378 Latinis
835 1337 983 1387 bulbus,
1012 1337 1069 1376 ait
1084 1336 1327 1376 Matthiolus
1365 1335 1407 1375 in
1433 1335 1542 1375 Dio-

69 1393 245 1435 scoridis
273 1394 383 1435 lib.2
410 1408 504 1448 cap.
539 1391 645 1448 166,
687 1394 900 1435 veteribus
932 1393 1012 1434 suit
1043 1392 1085 1432 in
1114 1391 1447 1448 frequentissimo
1478 1391 1541 1432 ci.

66 1451 221 1491 horum
248 1465 346 1499 usu,
383 1450 444 1491 his
487 1451 732 1504 praesertim
776 1450 989 1501 admixtus,
1019 1463 1127 1505 quae
1157 1449 1333 1489 Veneris
1366 1448 1543 1488 concili-

67 1507 199 1548 andae
229 1513 361 1562 gratia
396 1507 670 1561 parabantur,
701 1513 851 1561 utpote
882 1507 954 1561 qui
969 1506 1175 1547 Venerem
1196 1505 1391 1546 stimulet.
1427 1503 1543 1559 quod

66 1569 205 1604 autem
229 1564 280 1604 ad
302 1564 343 1604 id
372 1564 542 1618 expetiti
572 1571 614 1604 et
634 1563 915 1604 commendati
931 1563 1087 1603 fuerint
1107 1561 1238 1612 bulbi,
1266 1561 1466 1602 Martialis
1494 1561 1536 1600 in

68 1621 208 1671 xeniis,
238 1627 281 1661 et
307 1619 469 1661 Colum.
486 1620 555 1660 lib.
580 1619 631 1660 10
660 1619 826 1661 docent.
885 1619 998 1674 quod
1030 1619 1172 1674 itaque
1201 1617 1362 1670 βολβοῦ
1392 1618 1539 1669 λίτρας

67 1677 271 1717 bulborum
299 1677 423 1717 libms
449 1676 689 1718 excitandae
718 1676 874 1717 Veneri
920 1675 1161 1716 comederet
1186 1675 1444 1724 Timotheus,
1471 1673 1535 1713 vel

65 1732 199 1785 λιῐρὶς
225 1732 414 1785 βουλβοῦ
458 1733 660 1774 bulborum
697 1731 955 1788 frequentius
985 1738 1270 1772 comestorum
1294 1745 1393 1771 arca
1421 1730 1535 1771 soret

67 1804 116 1829 ac
142 1790 319 1841 Inculta,
358 1788 683 1842 Λιτροβούλβου
714 1805 865 1830 nomen
896 1789 1036 1843 potuit
1066 1788 1329 1843 promereri,
1360 1801 1409 1828 ac
1437 1786 1538 1826 sub-

67 1844 165 1887 inde
197 1844 355 1899 Κήλων
383 1843 545 1899 θερμὸς
571 1846 633 1894 εἰς
661 1847 892 1887 συνουσίαν
911 1845 1099 1887 evadere.

179 1918 289 1960 Ibid.
317 1918 356 1959 7.
428 1914 590 1968 εἰκόνας
619 1919 868 1974 κατέφερεν]
917 1919 1214 1974 episcoporum
1263 1916 1457 1971 imagines
1496 1916 1538 1955 iu

33 2019 37 2023 ,
65 1976 230 2029 templis
257 1975 496 2029 appendere
527 1990 649 2016 more
677 1982 894 2029 receptum
926 1977 1004 2016 fuit
1032 1974 1143 2030 apud
1173 1974 1387 2030 antiquoS‚
1407 1973 1538 2012 Baro·

67 2033 159 2071 nius
186 2031 238 2072 ad
270 2046 425 2072 annum
456 2032 496 2072 d.
525 2031 603 2072 511
638 2047 750 2072 num.
782 2031 822 2076 9.
866 2033 1040 2087 insignia
1084 2047 1193 2088 quae
1220 2029 1438 2071 Theodori
1470 2029 1537 2068 in-

68 2095 230 2142 terpres
262 2087 404 2139 addit,
448 2088 595 2129 necin
623 2088 869 2143 Theodori,
912 2104 990 2131 nec
1030 2090 1072 2129 in
1114 2087 1382 2143 Theophanis
1422 2090 1536 2126 textu

68 2145 263 2185 adverto.

180 2213 287 2254 Ibid.
314 2211 355 2252 8.
408 2209 604 2267 Ἰωάννην
632 2212 680 2254 δὲ
708 2212 782 2254 τὸν
820 2211 1160 2267 Ἀλεξανδρείας]
1193 2212 1289 2252 huic
1317 2216 1365 2251 ut
1390 2208 1536 2248 Timo-

64 2268 165 2310 theo
193 2270 274 2309 CP.
309 2269 510 2310 Severum
543 2271 868 2312 communicasse
898 2276 1094 2312 testatum
1121 2269 1291 2325 reliquit
1317 2266 1535 2308 Liberatus

64 2325 263 2367 breviarii
293 2340 384 2380 cap.
415 2325 478 2366 19.

171 2394 285 2436 Ibld.
316 2395 379 2434 11.
437 2391 509 2434 τὸν
543 2394 814 2436 Μακεδόνων
851 2394 1035 2448 α’κρίτως
1079 2390 1293 2445 ἐξώρισεν]
1333 2389 1437 2430 haec
1481 2387 1535 2428 ab

67 2457 243 2491 auctore
276 2466 453 2491 annuam
475 2451 696 2506 periodum
726 2467 747 2491 a
776 2453 1014 2507 Septembri
1044 2451 1269 2491 inchoante
1297 2447 1350 2487 ad
1380 2459 1535 2485 annum

65 2507 266 2548 Anastasii
298 2509 481 2563 primum
513 2514 555 2548 et
590 2508 830 2548 vicesimum
854 2509 943 2550 fuse
961 2515 1146 2555 narrata,
1175 2505 1226 2545 ad
1256 2503 1439 2544 eiusdem
1468 2501 1535 2541 vi-

66 2563 286 2616 cesimum,
320 2579 406 2620 uuo
450 2566 709 2605 consulatum
742 2564 1000 2606 Secundinus
1042 2570 1084 2605 et
1111 2563 1224 2604 Felix
1252 2559 1388 2600 adhuc
1414 2565 1534 2599 tene-

66 2619 181 2671 bant,
203 2620 472 2662 Marcellinus
491 2635 629 2665 comes
657 2622 855 2662 brevibus
883 2621 1040 2662 dudum
1068 2619 1306 2673 scripserat.
1364 2616 1535 2655 “Mace-

7 2714 14 2719 ,⁷
63 2674 211 2717 donius
243 2680 449 2732 Augustae
494 2678 609 2718 urbis
635 2679 868 2733 episcopus,
908 2678 1007 2719 licet
1039 2676 1138 2716 olim
1171 2671 1367 2714 Anastasii
1398 2672 1533 2725 impe-

62 2733 215 2773 ratoris
247 2731 352 2775 dolis
377 2734 633 2790 fallaciisque
668 2735 989 2784 circumventus,
1027 2746 1259 2787 pravorum
1288 2728 1533 2769 testimoniis

8 2794 15 2798 ‘
60 2787 194 2830 eidem
221 2798 455 2842 accusatus,
498 2791 695 2847 quoniam
736 2798 900 2832 tomum
943 2797 1184 2831 sanctorum
1216 2793 1384 2841 patrum
1418 2782 1529 2839 apud
