1728 3184
235 171 332 222 406
738 183 793 222 lN
833 180 1206 223 '1'11EOP11ANEM

345 294 441 392 9213,
467 295 530 339 18.
600 296 848 338 Παλλαδίου
882 296 928 338 δὲ
960 297 1035 339 τοῦ
1068 293 1315 348 ἐπισκόπου]
1344 295 1550 353 Euagrius
1581 299 1652 340 lib.
1682 299 1707 340 3

232 367 439 471 cap-226,
472 421 509 460 2.
568 417 794 471 Ὀλύμπιος
832 421 881 461 δέ
916 436 979 470 τις
1017 415 1262 475 ἈρειανόςΙ
1308 419 1551 475 prodigium
1595 422 1709 463 lectu*

231 475 402 533 dignum
432 493 455 517 a
485 479 743 517 Damasceno
776 483 884 518 orat.
915 477 941 518 3
973 478 1024 519 de
1065 477 1310 532 imaginibus
1339 476 1558 531 scriptum.

340 557 450 597 lbid.
478 555 517 596 4.
577 555 622 596 ἐν
650 555 702 611 τῇ
742 555 977 613 νεροφόρω]
1011 551 1245 608 δεξαμενὴν
1271 555 1399 597 habet
1426 556 1705 596 Damascenus

229 612 393 663 citatus,
423 628 530 667 quae
552 619 611 653 est
641 613 776 653 balnei
803 615 1035 662 lavacrum,
1066 628 1142 653 ceu
1158 626 1226 652 vas
1256 612 1556 667 quodcumque
1589 614 1705 667 aquis

229 669 479 735 recipiendis
525 669 736 712 idoneum.
815 685 968 724 aquam
997 683 1133 724 porro
1164 670 1431 709 Graecorum
1461 669 1605 724 vulgus
1636 682 1705 709 νε..

226 722 306 777 ρὸν
334 725 460 767 hodie
489 733 634 766 vocat:
679 725 777 765 olim
808 740 979 780 quoque
1000 727 1058 765 sic
1090 726 1244 765 dictam
1275 732 1397 778 puto,
1428 699 1557 781 quodn
1574 740 1705 780 aqua-

229 797 323 823 rum
356 782 569 838 Nymphae
603 780 808 835 Νηρεΐδες
839 783 953 837 quasi
975 783 1194 838 Aquatcles
1225 781 1438 822 audirent.

339 856 450 897 Ibid.
469 855 507 896 5.
566 854 732 908 πρῶτος
753 869 836 895 των
855 852 1165 906 Διαιταρίτων]
1197 855 1529 895 Helenianorum
1559 852 1705 907 palatii

228 911 277 951 ad
309 912 425 967 quod
454 911 650 952 balneum
679 918 870 963 curator,
901 917 943 952 et
974 911 1113 952 balnei
1145 911 1427 966 praefectus2
1459 909 1707 951 Damasceni

229 969 463 1023 interprete
495 967 702 1008 redditur.

332 1038 538 1080 Jb1·d.13.
606 1039 893 1079 ἐπιτελεῖσθαι
931 1034 1136 1094 ᾐτήσατο]
1179 1038 1432 1107 Theodorus
1473 1038 1624 1088 lector,
1658 1053 1706 1078 ex

227 1112 322 1163 quo
345 1097 446 1147 ista,
462 1095 700 1150 subiungit·
733 1095 1060 1159 ἐπιτελουμένης
1102 1096 1149 1135 δὲ
1180 1093 1253 1135 καί
1280 1091 1498 1160 πρότερον,
1526 1091 1634 1160 πλὴν
1661 1095 1706 1143 ἐξ

225 1150 431 1206 αἰτήσεως
450 1126 639 1217 Φὴιῧστου
656 1149 794 1206 πολλῶ
826 1151 950 1191 πλέον
969 1147 1188 1205 ηιῖξύνθη
1189 1152 1263 1204 τῆς
1291 1148 1489 1205 τοιαύτης
1519 1147 1566 1191 τὸ
1599 1163 1707 1204 φαι-

226 1207 328 1261 δρὸν
358 1205 646 1263 πανηγύρεως.
679 1210 866 1263 quamvis
896 1218 1014 1248 antea
1026 1209 1188 1261 fiscum
1216 1209 1495 1263 apostolorum
1523 1207 1702 1246 celebra-

223 1275 346 1318 retur,
377 1275 514 1305 tamen
543 1263 676 1305 studio
707 1265 831 1314 Festi,
861 1265 986 1305 multo
1025 1265 1201 1321 amplius
1229 1274 1267 1305 et
1293 1263 1549 1321 splendidzus
1571 1277 1703 1320 pane-

221 1336 334 1376 gyrts
365 1322 442 1362 illa
473 1321 676 1362 celebrari
702 1321 845 1377 coepit.

332 1399 442 1441 Ibid.
479 1399 542 1440 17.
603 1400 769 1452 Φῆστος
805 1396 1111 1453 ἀπερχόμενος]
1169 1398 1264 1454 ipsis
1305 1413 1414 1455 pene
1443 1397 1578 1440 verbis
1609 1411 1704 1438 cum

222 1455 455 1497 Theodoro
488 1457 696 1497 consentit
724 1455 1021 1510 Theophanes.

333 1528 524 1579 221,1*2.
594 1528 834 1569 α’νέστειλεν
879 1525 926 1567 τὸ
977 1526 1297 1581 χρυσάργυρον]
1342 1527 1551 1568 tributum
1589 1540 1695 1566 auio

215 1587 462 1640 promiscue
493 1592 535 1625 et
567 1590 743 1640 argento
774 1583 902 1639 pendi
931 1586 1124 1635 solitum,
1157 1585 1236 1625 fuit
1272 1579 1591 1637 χρυσάργυρον.
1622 1598 1700 1623 au-

224 1657 319 1682 rum
349 1643 459 1682 enim
481 1616 641 1682 solum*
633 1656 976 1706 nonnunquam,
1010 1616 1268 1696 quaridoque
1318 1640 1453 1680 solum
1479 1646 1701 1694 argentum

220 1699 467 1752 imperatur.
496 1693 802 1751 χρυσάργυρον
841 1698 1047 1752 capitibus
1079 1698 1248 1752 singulis
1277 1697 1510 1747 hominum,
1542 1696 1704 1736 iumen-

218 1762 376 1806 tor,um
407 1769 631 1808 pecmum‚
659 1768 795 1808 neque
835 1769 986 1794 canum
1017 1755 1143 1794 etiarn
1175 1754 1374 1807 exceptiS‚
1407 1759 1498 1792 erat
1528 1752 1703 1806 imposi-

218 1818 334 1851 tum:
367 1812 452 1850 imo
482 1811 534 1850 ab
565 1810 747 1860 exoletis,
781 1809 878 1852 data
912 1812 1137 1850 criminum
1172 1809 1435 1850 foedissimol
1440 1824 1506 1848 um
1536 1807 1703 1848 licentia

220 1868 480 1921 capiebatur.
554 1867 605 1907 de
637 1867 721 1906 eius
761 1867 990 1906 execranda
1019 1867 1288 1921 impositione
1318 1867 1517 1915 Zonaras,
1549 1872 1590 1904 et
1621 1866 1698 1905 Ce-

219 1924 372 1963 ‹ln-enus
401 1922 589 1963 abunde:
639 1928 859 1965 auctorem
890 1924 1210 1962 Constantinum
1256 1923 1372 1976 fingit
1402 1922 1613 1961 Zozimus:
1647 1922 1700 1961 ab

219 1980 335 2020 illata
376 1979 527 2019 iniuria
560 1979 952 2018 christianissimum
993 1979 1230 2044 principem
1280 1978 1468 2018 vindicat
1496 1978 1703 2032 Euagrius

221 2036 321 2076 totis
357 2035 521 2076 duobus
554 2035 759 2089 capitibus
791 2035 861 2075 lib.
895 2034 1008 2083 340,
1042 2036 1238 2075 nimitum
1267 2042 1309 2076 et
1337 2035 1389 2074 41
1424 2035 1553 2075 letata
1584 2035 1704 2088 prius

220 2091 289 2144 39,
319 2092 515 2132 Anastasii
547 2092 656 2132 iussu
688 2091 870 2131 eiusdem
903 2092 1201 2145 abrogatione:
1233 2092 1284 2132 de
1315 2091 1466 2146 quibus
1497 2092 1702 2131 baronius

220 2163 331 2189 anno
361 2149 407 2188 C.
438 2146 519 2188 330
549 2163 574 2189 a
602 2162 714 2190 num.
735 2146 789 2187 33
821 2148 873 2188 ad
905 2144 973 2198 48,
1005 2154 1047 2188 et
1075 2163 1140 2191 ι.ιιι
1168 2147 1249 2189 491
1283 2163 1393 2188 nuni.
1430 2148 1477 2187 11
1513 2153 1555 2186 et
1582 2148 1643 2188 12.

356 2221 461 2260 Ibid.
489 2219 554 2260 13.
626 2219 676 2260 τὰ
711 2216 888 2272 κυνὴςια
918 2215 1140 2275 'SuavoevJ
1168 2219 1419 2261 Theodorus
1450 2219 1614 2260 citatus.
1646 2218 1697 2259 τὰ

219 2274 397 2330 κυνήγια
430 2274 624 2317 ἔπαυσεν.
688 2278 940 2315 truculentas
970 2284 1011 2316 et
1033 2277 1263 2318 horrendas
1290 2277 1393 2317 circi
1418 2276 1700 2326 vaenationes,

221 2334 372 2390 quibus
400 2333 589 2373 bestiarii
631 2347 727 2372 cum
757 2333 854 2372 feris
895 2334 1126 2373 certissimo
1169 2335 1278 2374 vitae
1318 2333 1510 2388 periculo
1541 2341 1699 2387 pugnas

221 2391 416 2440 inibant,
449 2389 706 2430 Anastasium
751 2390 1051 2442 compescuisse
1091 2390 1288 2445 intellige.
1356 2389 1557 2429 vaenandi
1590 2389 1701 2429 enim

219 2446 496 2496 exercitium,
539 2453 584 2486 ut
628 2446 675 2485 fit
716 2459 794 2499 per
836 2446 977 2496 silvas,
1019 2446 1141 2487 laude
1183 2423 1250 2502 (ΗΞ
1237 2461 1355 2486 num
1386 2446 1621 2497 abolevisse,
1657 2445 1699 2484 in

218 2503 419 2542 Anastasii
452 2502 633 2567 princip.
627 2516 654 2541 5
676 2500 839 2543 laudern
866 2517 987 2542 nemo
1020 2517 1096 2543 coi
1100 2504 1218 2543 datus
1237 2517 1404 2543 morum
1434 2516 1585 2542 censor
1604 2516 1699 2541 ver-

221 2556 569 2622 tcret.uv217'yts)v
615 2573 777 2612 pomo,
813 2557 922 2598 unde
963 2573 1058 2599 cum
1097 2560 1236 2600 bestiis
1268 2573 1450 2613 pugnam
1482 2558 1698 2606 affinncm,

219 2616 489 2656 auctorit-ntes
521 2615 620 2655 istae
650 2622 890 2669 suggciunt.
909 2615 1061 2656 Suidae
1092 2631 1130 2655 v.
1165 2615 1375 2669 κυνήγιον.
1405 2615 1448 2654 ἐι·
1478 2614 1537 2653 τῶ
1568 2628 1695 2667 κυιη-

217 2669 327 2727 γειίυ,
354 2673 526 2716 smibit,
557 2671 841 2725 ὲρρηπτοῦντο
872 2667 911 2710 οἱ
949 2669 1259 2721 βιαιοθοὶνατοι
1317 2686 1361 2710 m
1405 2671 1699 2726 amphitheatro

219 2729 402 2768 violenta
430 2738 552 2768 molle
597 2728 811 2767 ocdsorzcm
841 2728 1170 2781 proiiciebantur
1195 2741 1391 2781 corpora:
1423 2734 1470 2766 ut
1498 2727 1695 2766 nimirum

222 2785 293 2838 qui
323 2784 400 2825 sibi
432 2800 575 2826 manus
625 2785 927 2824 consciscerent
971 2783 1284 2835 βιαιοθανιιτοι,
1327 2783 1626 2839 gladiatoiibus
1658 2788 1698 2822 ct
