1768 3268
563 185 631 226 Ex
681 182 1029 228 THEOPHANE.
1439 183 1531 232 107

57 307 118 342 est.
145 300 260 355 apud
290 299 703 356 Constantinopolim
748 300 866 356 quod
900 306 1095 341 mortuus
1137 308 1240 342 essct
1270 302 1533 357 imperator:

56 363 232 399 venerat
258 357 371 399 enim
397 374 421 399 a
463 357 648 408 Thrace,
689 363 733 398 et
769 357 980 398 nemiuem
1022 356 1203 397 videbat.
1261 373 1364 413 ergo
1394 359 1535 414 plebes

57 429 239 469 rapuere
267 428 395 469 panes
420 414 563 456 subito
580 429 630 456 ex
658 414 761 455 locis
789 414 831 455 in
863 415 1016 471 quibus
1046 414 1203 455 fiebant
1232 421 1275 455 et
1297 416 1536 456 vendeban-

56 477 154 520 tur;
185 476 231 512 et
259 471 372 512 circa
403 470 556 512 horam
581 470 754 513 tertiam
787 485 874 512 non
904 471 1200 512 inveniebatur
1226 473 1343 526 panis
1375 473 1415 512 in
1443 478 1537 514 tota

57 528 175 569 urbe.
202 528 339 569 clausa
369 542 543 584 quoque
569 534 667 570 sunt
697 529 948 584 ergasteria,
976 535 1019 569 et
1049 529 1292 569 susurrabat
1321 530 1536 583 palatium,

56 585 156 641 quia
185 599 311 626 nemo
341 600 390 626 ex
419 590 564 626 senatu
593 585 762 627 videbat
790 585 1095 640 imperatorem
1124 599 1175 626 eo
1200 585 1317 642 quod
1346 586 1538 627 dolorem

56 641 205 696 capitis
233 647 470 696 pateretur,
500 648 545 684 et
573 656 622 683 ex
642 641 726 684 hoc
751 642 1029 684 crediderunt
1050 641 1167 698 quod
1188 642 1407 684 defunctus
1437 649 1540 684 esset

57 700 304 754 imperator.
362 699 524 740 interea
570 699 684 740 circa
713 699 867 740 horam
896 715 1051 741 nonam
1081 699 1181 740 fecit
1206 705 1370 741 senatus
1399 700 1538 740 consi-

55 756 174 806 lium,
195 763 239 797 et
263 755 470 797 miserunt
489 756 764 811 praefectum,
782 763 826 798 et
843 758 1038 798 fecerunt
1066 756 1223 810 lumina
1246 757 1288 796 in
1306 763 1393 797 tota
1418 757 1538 806 urbe,

56 812 258 868 quoniam
285 827 406 854 sanus
432 813 566 854 factus
599 820 661 855 est
688 814 937 869 imperator,
965 820 1009 855 et
1034 812 1119 855 hoc
1136 812 1267 854 modo
1299 819 1444 869 erepta
1479 819 1540 854 est

53 870 202 911 civitas
233 885 257 910 a
287 869 547 912 turbatione.
577 875 804 926 postquam
834 876 975 912 autem
1003 885 1123 912 sanus
1166 871 1334 911 effectus
1363 877 1427 912 est
1458 870 1540 911 im-

54 933 245 981 perator,
275 926 500 982 EugeniuS,
531 928 604 983 qui
631 928 771 969 fuerat
796 929 1050 983 praefectus,
1081 927 1263 968 detraxit
1279 928 1468 983 Georgio
1499 935 1542 968 ct

54 982 256 1024 Aetheria
288 984 572 1036 curatoribus,
604 985 723 1040 quasi
751 984 1269 1027 voluissentThcodorum
1289 986 1426 1026 facere
1460 985 1542 1024 im-

54 1046 316 1095 peratorem,
349 1040 483 1082 filium
512 1041 632 1082 Petri
660 1042 864 1098 magistri.
936 1056 1116 1098 cumque
1144 1041 1288 1084 suisset
1318 1057 1440 1083 causa
1474 1042 1542 1082 di-

54 1096 235 1152 ligenter
263 1097 462 1154 inquisita
512 1104 555 1139 et
583 1097 816 1141 nullatenus
848 1100 1144 1154 comprobata,
1178 1099 1221 1139 in
1253 1099 1359 1140 iram
1387 1099 1542 1139 eccidit

55 1154 324 1208 imperatoris
353 1154 580 1210 Eugenius‚
607 1162 650 1196 et
678 1154 826 1197 domus
857 1157 944 1197 eius
973 1156 1146 1210 publico
1177 1161 1238 1197 est
1255 1156 1354 1196 fisco
1374 1156 1539 1196 collata.

55 1225 203 1252 verum
235 1210 303 1252 ille
332 1211 387 1252 ad
412 1211 629 1253 ecclesiam
658 1213 817 1269 fugiens
847 1213 1025 1254 salvatus
1056 1218 1133 1254 est.
1173 1213 1284 1253 facta
1316 1220 1376 1254 est
1400 1220 1539 1254 autem
1553 1215 1671 1261 {1364
1699 1218 1720 1252 3

55 1267 292 1309 mortalitas
321 1274 435 1310 vasta
467 1268 509 1309 in
540 1268 683 1309 Cilicia
720 1275 764 1310 et
792 1270 1013 1311 Anazarbo
1049 1276 1093 1311 et
1121 1269 1344 1312 Antiochia
1376 1286 1538 1324 magna,

56 1339 220 1365 necnon
243 1332 288 1366 et
304 1331 447 1366 terrae
461 1332 622 1373 motus;
654 1333 695 1367 et
718 1327 927 1382 congressi
945 1332 1043 1367 sunt
1062 1327 1257 1368 adversus
1287 1327 1539 1368 alterutrum

56 1380 289 1430 orthodoxi
330 1387 374 1423 et
404 1382 648 1428 Severiani‚
698 1389 741 1424 et
790 1385 920 1424 multa
951 1384 1177 1425 homicidia
1205 1385 1316 1424 sacta
1345 1389 1468 1432 sunt·,
1497 1391 1540 1425 ct

54 1438 179 1480 misso
204 1437 442 1494 imperator
468 1439 693 1480 Zimarcho
734 1441 890 1482 comite
921 1441 1106 1482 Orientis
1152 1441 1340 1482 inhibuit
1371 1440 1539 1481 inordi-

55 1500 204 1592 natos,
233 1501 276 1536 et
312 1495 467 1538 multos
508 1497 549 1538 in
582 1496 746 1538 exilium
776 1498 890 1539 misit
927 1503 970 1539 et
999 1497 1233 1553 publicaiit
1262 1512 1311 1539 ac
1339 1498 1537 1540 membris

53 1568 67 1592 ‹
82 1551 306 1594 ebilitavit.

164 1625 314 1667 Mundi
346 1640 456 1667 anno
486 1623 619 1678 6054,
654 1626 820 1669 divinae
849 1626 1152 1669 incarnationis
1181 1642 1292 1669 anno
1325 1626 1422 1678 554,
1456 1628 1537 1668 tri-

53 1681 208 1722 cesimo
240 1682 391 1738 quinto
424 1684 592 1739 imperii
625 1684 840 1726 Iustiniani
881 1700 992 1726 anno
1023 1691 1146 1740 capta
1174 1691 1236 1726 est
1264 1685 1404 1726 Hobes
1432 1685 1536 1725 civi-
1552 1687 1675 1732 p-afifi
1702 1690 1723 1725 7

53 1745 115 1779 tas
146 1739 198 1780 ab
226 1739 408 1789 Hunnis;
441 1747 484 1782 et
515 1741 626 1782 misit
647 1742 884 1797 imperator
898 1741 1147 1784 Marcellum
1177 1742 1422 1799 magistrum
1454 1742 1536 1783 mi..

53 1795 174 1837 litum
204 1811 300 1837 cum
326 1798 515 1839 exercitu
538 1799 688 1851 multo,
722 1805 769 1840 ut
794 1799 982 1855 criPeret
1013 1799 1244 1840 civitatem.

30 1870 50 1899 Ι
164 1870 397 1912 Tricesimo
434 1878 549 1913 sexto
577 1873 757 1927 'imperii
793 1873 1008 1914 Iustiniani
1054 1887 1165 1914 anno
1197 1880 1374 1928 tropaea
1405 1888 1532 1913 vene·
1546 1891 1581 1926 p.
1596 1878 1666 1914 367
1703 1879 1727 1913 6

53 1934 156 1968 runt
184 1943 207 1968 a
237 1930 370 1970 Roma
399 1930 538 1970 Narsis
570 1931 752 1985 patricii,
780 1930 1056 1986 significantia
1085 1930 1452 1986 comprehendisse
1482 1931 1536 1970 il-

53 1983 140 2024 lum
174 1985 300 2026 urbes
333 1987 512 2028 munitas
540 1986 782 2028 Gothorum
813 1988 929 2040 duas,
947 1988 1162 2029 Veronam
1191 1987 1349 2028 scilicet
1378 1995 1421 2029 et
1437 1987 1535 2028 Bri-

52 2041 173 2081 xiam.
232 2041 424 2084 vicesima
457 2059 560 2085 vero
592 2045 740 2100 quinta
771 2045 839 2086 die
867 2045 1115 2086 Novembris
1143 2045 1292 2086 mensis
1319 2059 1416 2086 sero
1438 2043 1537 2086 insi-

53 2098 140 2138 dias
170 2096 357 2139 meditati
386 2106 483 2140 sunt
507 2101 692 2156 quidam,
726 2107 773 2142 ut
802 2102 1050 2143 occiderent
1071 2102 1384 2158 imperatorem‘
1415 2108 1537 2143 erant

53 2162 193 2196 autem
235 2155 433 2197 Ablabius
472 2164 515 2197 et
556 2158 776 2199 Marcellus
821 2160 1100 2214 pecuniarum
1130 2159 1327 2201 venditor
1365 2164 1406 2200 et
1433 2160 1536 2199 Ser-

52 2211 155 2267 gius.
214 2212 432 2253 meditatio
477 2220 616 2255 autem
651 2230 801 2256 eorum
832 2223 927 2257 erat
962 2215 1224 2257 huiusmodi:
1257 2231 1353 2257 cum
1382 2216 1537 2257 sederit

53 2268 96 2308 in
126 2268 313 2310 triclinio
340 2283 435 2310 sero
454 2301 466 2321 ,
509 2272 753 2327 priusquam
786 2272 1022 2314 discedendi
1054 2274 1222 2314 lieentia
1253 2273 1390 2323 detur,
1420 2271 1536 2313 occi-

53 2325 155 2367 dant
184 2340 296 2378 eum,
324 2325 522 2368 habentes
543 2328 731 2370 homines
755 2344 851 2371 suos
870 2330 949 2371 sibi
970 2338 1250 2385 cooperantes
1272 2329 1409 2380 Indos,
1440 2329 1534 2369 abs·

52 2382 248 2424 conditos
287 2383 329 2423 in
357 2384 600 2425 Silentiario
650 2393 692 2427 et
736 2386 775 2427 in
821 2386 1086 2441 Archangelo
1130 2395 1173 2428 et
1214 2388 1252 2427 in
1286 2389 1448 2435 Curru,
1486 2390 1534 2425 ut

53 2453 150 2480 cum
186 2441 296 2481 facta
341 2441 470 2482 fuerit
514 2441 794 2494 machinatio,
840 2444 1127 2485 turbationem
1168 2444 1334 2485 saciant.
1394 2456 1530 2496 porro

54 2495 166 2538 idem
192 2497 394 2538 Ablabius
422 2498 548 2538 etiam
577 2514 728 2540 aurum
757 2501 922 2555 accepit
950 2517 972 2541 a
1002 2501 1202 2542 Marcello
1235 2500 1395 2553 argenti
1428 2514 1529 2539 ven·
1545 2502 1662 2546 P·353

54 2553 209 2606 (litore,
240 2555 366 2595 libras
396 2555 659 2610 quingentas,
679 2563 725 2596 ut
758 2558 834 2598 sibi
869 2564 1190 2613 cooperaretur.
1248 2555 1317 2597 sed
1347 2555 1427 2596 deo
1458 2571 1537 2595 vo-

53 2610 165 2652 lente
201 2611 296 2653 fisus
341 2619 402 2653 est
430 2612 628 2653 Ablabius
669 2613 850 2656 Eusebio
894 2615 1131 2667 exconsuli,
1165 2614 1236 2669 qui
1275 2620 1367 2653 erat
1397 2627 1534 2653 comes

146 2729 261 2772 gloria
293 2729 482 2763 diffamari.
537 2731 746 2766 Anastasius
769 2732 986 2767 bibliothec.
1023 2734 1059 2767 in
1086 2730 1239 2778 epistola
1268 2728 1314 2764 ai]
1339 2731 1535 2765 Martinnm

149 2777 259 2818 episc.
288 2777 417 2811 Nam:
446 2780 550 2825 potui
577 2779 611 2813 ei
639 2781 795 2816 scribere
820 2782 1103 2818 acinuoteseere
1129 2780 1247 2814 omnia
1264 2786 1358 2827 quae
1382 2779 1427 2814 de
1456 2781 1534 2827 ipso

150 2824 438 2861 diffamabantur.
488 2827 593 2862 Fun.
