1728 3184
195 205 293 254 422
697 212 750 252 IN
793 208 1164 252 Tuficnumsslzm

187 342 267 384 pro
284 327 424 367 Cerere
451 326 710 382 designasset,
738 326 873 367 viridi
887 328 996 366 cultu
1017 327 1207 367 utebatur
1218 343 1230 365 :
1245 334 1282 365 et
1299 325 1405 364 alter
1422 325 1671 378 antagonista

192 385 380 424 caeruleo
396 385 601 423 schemate
619 384 820 434 utebatur,
843 382 957 440 quod
973 398 1098 439 aquas
1117 392 1153 422 et
1167 382 1400 436 Neptunum
1419 381 1670 422 imitabatur.

192 442 317 479 victus
349 443 474 479 morti
496 441 662 479 victima
672 441 823 496 fiebat.
862 440 922 479 ad
948 440 1056 494 quod
1095 439 1246 492 regium
1282 447 1321 476 et
1342 438 1671 478 anniversarium

192 505 396 536 certamen
425 496 587 553 infinita
610 498 813 536 hominum
838 498 959 551 copia
975 495 1224 535 exomnibus
1239 495 1321 533 oris
1336 503 1374 534 et
1394 493 1562 533 urbibus
1578 507 1672 532 con-

175 552 359 606 fluebat.
389 567 442 592 ac
469 553 673 592 maritimi
697 554 858 608 quidem
882 562 921 591 et
948 552 1141 604 insulani,
1168 552 1311 606 quique
1339 551 1450 590 vicos
1479 549 1672 589 litterales

193 617 346 649 nautae
363 610 607 661 incolebant,
626 609 826 649 vovebant
849 609 915 647 illi
942 609 1171 660 victoriam,
1202 607 1273 663 qui
1290 607 1481 661 Neptuni,
1501 607 1575 645 hoc
1603 613 1673 654 est,

193 666 416 705 caeruleum
429 666 597 717 ferebat
611 666 784 705 colorem
798 684 810 704 :
832 665 943 720 quod
966 665 1268 717 existimarent,
1290 677 1496 716 magnam,
1525 663 1560 701 si
1579 663 1673 701 vin-

193 729 364 773 ceretur,
379 722 571 772 suturam
609 723 782 778 piscium
811 722 1023 761 caritatem
1043 753 1053 773 ,
1085 718 1331 773 naufragia,
1341 719 1577 774 flaminum
1605 719 1673 757 in-

191 786 325 830 gentes
346 779 569 833 procellas.
630 787 783 826 contra,
828 779 900 832 qui
925 778 1187 817 continentem
1218 775 1513 822 inhabitabant,
1542 774 1673 813 medi·

193 835 369 874 terranei
391 836 514 885 cives,
545 842 584 874 et
614 834 838 887 agricolae,
871 843 910 872 et
933 842 1019 874 tota
1045 834 1266 885 agrestium
1299 831 1435 882 turba,
1464 831 1582 870 illum
1604 831 1673 868 vi..

193 904 292 929 vere
319 891 544 946 optabant,
573 891 643 943 qui
681 899 818 930 terrae
844 890 1018 929 colorem
1047 889 1286 929 herbaceum
1317 903 1367 927 ae
1396 887 1573 927 viridem
1601 901 1672 940 ge·-

192 955 329 998 simet,
362 948 448 987 rati
475 961 665 1001 magnam
696 960 863 986 annona
893 947 1113 986 caritatem
1157 961 1207 985 ac
1218 948 1397 997 samem,
1425 944 1604 999 vinique,
1637 951 1676 981 et

192 1004 284 1052 olei,
311 1005 554 1058 frugumque
584 1003 765 1042 omnium
795 1003 976 1057 inopiam
1003 1011 1235 1041 secuturam.
1292 1009 1414 1054 atque
1449 999 1674 1039 Oenomaus

193 1060 357 1114 quidem
397 1063 541 1099 multos
586 1074 641 1099 ex
681 1059 943 1098 adversariis
987 1058 1070 1097 suis
1111 1059 1246 1097 multis
1281 1058 1401 1096 annis
1430 1058 1540 1106 vicit,
1566 1056 1677 1110 quod

193 1118 422 1170 Apsyrtum
454 1116 727 1168 aurigationis
749 1116 1042 1170 peritissimum
1079 1115 1240 1154 haberet
1279 1114 1536 1167 magistrum,
1582 1111 1675 1165 suit

191 1171 362 1211 tandem
393 1174 522 1212 victus
553 1172 799 1225 Oenomaus,
827 1180 866 1211 et
893 1171 1123 1221 interjectus
1154 1185 1184 1210 a
1212 1170 1364 1224 Pelope
1397 1167 1524 1220 Lydo.
1577 1169 1674 1223 pri-

193 1243 282 1267 mus
321 1230 559 1283 equestrium
600 1229 866 1267 certaminum
910 1237 1053 1268 auctor
1066 1228 1213 1278 ¹fertur
1253 1227 1457 1278 Enyalius
1498 1223 1674 1281 quidam

193 1284 376 1339 Neptuni
399 1285 516 1339 silius
537 1315 547 1335 ,
579 1285 650 1340 qui
681 1285 814 1336 Libya
844 1284 914 1323 Ius
950 1293 989 1324 et
1031 1284 1145 1324 Iovis
1180 1283 1275 1323 Pici
1290 1283 1402 1337 filia
1430 1281 1475 1321 in
1503 1294 1673 1321 uxorem

191 1341 323 1390 ducta,
352 1356 445 1380 oras
477 1342 536 1380 ad
563 1342 770 1382 meridiem
807 1342 1055 1394 pertinentes
1095 1340 1203 1380 bello
1234 1339 1431 1379 subactas
1458 1338 1511 1378 ab
1541 1351 1675 1377 uxore

194 1398 368 1449 Libyam
398 1395 658 1452 nuncupavit.
717 1398 830 1437 ludos
859 1397 1066 1436 Circenses
1096 1406 1253 1445 autem,
1285 1411 1352 1435 seu
1377 1395 1676 1448 aurigationem

194 1455 408 1493 multorum
441 1468 628 1493 curruum
659 1454 869 1505 Enyalius
898 1454 1165 1507 excogitavit,
1198 1451 1540 1508 quemadmodum
1571 1451 1674 1490 Cal-

192 1511 393 1549 limachus
421 1512 596 1564 scriptor
621 1512 937 1564 sapientissimus
963 1512 1006 1549 in
1036 1510 1166 1548 Aeliis
1185 1509 1266 1548 suis
1293 1509 1467 1548 notavit.
1525 1506 1674 1558 Enya-

195 1566 293 1605 lium
320 1574 472 1606 secutus
503 1576 562 1606 est
593 1567 635 1605 E
635 1568 867 1615 ricllionius,
897 1581 950 1605 ae
988 1567 1176 1618 deinceps
1203 1566 1283 1605 alii
1311 1567 1352 1604 in
1382 1565 1516 1604 variis
1547 1573 1676 1603 terrae

188 1623 382 1676 partibus
422 1623 575 1662 eosdem
607 1623 724 1662 ludos
763 1624 1027 1663 celebrarunt.
1103 1623 1338 1661 Oenomaus
1379 1636 1478 1661 vero
1515 1620 1676 1676 primus

194 1680 271 1718 ltoc
299 1688 476 1734 equestre
515 1689 724 1719 certamen
766 1680 975 1735 quadrigis
994 1711 1004 1729 ,
1049 1681 1121 1717 lzoc
1151 1688 1208 1717 est
1224 1707 1235 1726 ‚
1266 1678 1535 1731 quadriiugis
1563 1677 1676 1732 equis

195 1749 356 1775 currum
388 1737 612 1774 vehentibus
651 1736 847 1775 instituit:
889 1736 994 1774 unde
1034 1743 1244 1789 tantopere
1282 1734 1506 1774 celebratus
1538 1742 1610 1782 est⁷
1639 1741 1682 1771 ut

195 1793 495 1843 sapientissimi
537 1793 734 1831 Characis
771 1793 964 1831 historiae
994 1801 1237 1839 memorant,
1283 1791 1355 1843 qui
1397 1799 1434 1828 et
1477 1791 1678 1829 rationem

196 1847 389 1886 ludorum
423 1849 662 1900 equestrium
692 1849 938 1903 capla-avit,
967 1863 1055 1886 cum
1095 1846 1268 1887 ostendit
1294 1847 1387 1885 illos
1414 1847 1474 1886 ad
1501 1846 1683 1885 universi

196 1912 386 1942 naturam
417 1904 715 1943 declarandam
746 1914 928 1958 repertos
946 1934 957 1954 ‚
989 1905 1062 1942 hoc
1091 1913 1168 1952 est,
1200 1903 1320 1950 caeli,
1356 1912 1500 1952 terrae,
1533 1902 1679 1942 maris:

196 1961 338 1999 etenim
367 1959 559 1999 duodena
601 1960 794 2015 aedificia
825 1961 1047 1999 retulerunt
1096 1960 1154 1998 ad
1181 1960 1377 2012 signf‘fhri,
1406 1974 1474 1998 seu
1496 1960 1536 1997 Z
1538 1957 1683 1998 odiaci

196 2017 387 2055 duodena
430 2019 547 2070 signa
565 2046 574 2063 ‚
608 2031 697 2056 cum
731 2016 946 2055 Zodiaaetus
988 2025 1024 2056 et
1053 2026 1220 2064 terram,
1251 2025 1289 2054 et
1319 2030 1443 2064 mare,
1472 2016 1678 2068 vitamque

198 2073 438 2111 mortalium
469 2086 722 2112 communem
745 2073 961 2127 dispenset.
1014 2087 1093 2126 per
1121 2086 1269 2111 aream
1285 2071 1570 2127 IIippodromi
1601 2080 1678 2109 ter-

199 2143 289 2167 ram
319 2129 548 2173 referebant
577 2139 718 2168 totam.
748 2129 962 2183 Eurippus
987 2143 1098 2167 mare
1123 2130 1177 2167 ab
1207 2138 1317 2167 terra
1345 2137 1515 2167 extante
1548 2127 1682 2166 medio

198 2186 289 2224 sinu
318 2194 541 2224 contentum
572 2186 841 2237 designabat:
865 2184 1012 2239 flexus
1035 2188 1195 2240 primus
1215 2185 1273 2223 ad
1296 2187 1413 2233 ostia,
1448 2185 1680 2232 Orientem,-

199 2241 315 2292 alter,
343 2243 429 2281 sive
457 2251 561 2280 meta
589 2252 796 2290 extrema,
840 2241 1052 2281 Occasum.
1089 2251 1236 2295 septem
1269 2240 1501 2291 intervalla,
1532 2240 1682 2290 spatia,

200 2306 237 2337 et
269 2307 398 2336 metae
427 2298 489 2337 ad
516 2298 795 2353 IIippodromi
821 2297 997 2337 medium
1026 2307 1175 2338 motum
1206 2298 1387 2337 siderum
1433 2306 1581 2352 septem
1614 2310 1682 2334 er-

201 2356 375 2393 rantium
395 2388 406 2406 ,
435 2362 474 2393 et
508 2367 628 2394 ursae
662 2355 845 2393 maioris.
879 2355 1075 2395 Romulus
1108 2369 1234 2408 porro
1265 2363 1305 2392 et
1332 2357 1419 2408 ipse
1449 2354 1507 2392 ad
1533 2353 1681 2392 cultum

201 2411 324 2462 Solis,
351 2420 389 2450 et
416 2410 600 2449 subiectis
627 2410 712 2449 illis
732 2419 916 2464 quattuor
936 2412 1155 2463 elementis,
1184 2420 1387 2450 certamen
1407 2411 1450 2449 in
1468 2410 1563 2449 urbe
1587 2409 1682 2462 pri-

201 2481 283 2505 mns
313 2476 456 2506 auctor
479 2467 720 2517 celebravit,
759 2467 802 2506 in
832 2481 883 2506 ea
916 2467 1158 2517 Occidentis,
1187 2470 1272 2507 sive
1303 2467 1459 2506 Italiae
1496 2467 1683 2518 regione,

201 2523 450 2576 quadriiugo
480 2535 623 2575 curru,
664 2524 738 2562 hoc
766 2532 840 2573 est,
869 2531 1022 2574 terrae,
1055 2520 1163 2563 mari
1177 2554 1189 2573 ‚
1219 2524 1332 2577 igni,
1372 2523 1470 2562 aeri.
1529 2521 1685 2561 indidit

201 2593 356 2633 quoque
384 2580 575 2620 Romulus
620 2588 806 2635 quattuor
843 2580 1046 2619 elementis
1084 2582 1186 2620 haec
1233 2581 1413 2619 nomina.
1488 2592 1518 2618 a
1567 2587 1682 2616 terra

204 2635 422 2675 l'rusinam
433 2637 671 2686 factionem
691 2636 934 2688 nominavit,
966 2636 1141 2675 viridem
1169 2651 1312 2689 nempe
1339 2636 1540 2675 colorem.-
1576 2635 1683 2672 mari

206 2690 405 2731 Venetam
421 2725 431 2745 ,
461 2693 513 2732 ab
559 2693 678 2748 aquis
702 2706 845 2746 nempe
882 2693 1143 2732 caeruleam.-
1173 2694 1277 2746 ignis
1308 2693 1543 2739 Russatam,
1576 2691 1687 2746 quod

198 2759 389 2800 purpura
433 2750 566 2800 ignem
607 2749 738 2788 colore
774 2749 1012 2803 eoeprimat:
1051 2750 1184 2798 aeris‚
1232 2749 1444 2788 Albatam.
1515 2756 1551 2786 et
1588 2748 1684 2785 inde

204 2811 389 2857 quattuor
417 2806 457 2844 in
489 2806 589 2845 urbe
600 2806 809 2858 sactiones
843 2806 1073 2845 extiterunt.
1114 2807 1283 2846 vocavit
1308 2814 1443 2844 autem
1463 2803 1681 2844 Pmsinum
