1728 3184
205 161 305 211 414
704 168 760 209 1N
798 167 1174 211 THEOPHANEM

207 281 509 325 Chalcedonam
551 289 691 322 sancta
722 282 876 324 (ludum
917 282 1224 337 subscriptione
1246 282 1513 334 roboratum,
1542 283 1674 326 eidem

205 339 391 396 principi
437 339 537 381 dare
579 339 751 390 distulit,
783 342 833 380 ab
863 341 1009 381 eodem
1038 339 1241 380 Euchaita
1271 339 1313 379 in
1344 339 1511 380 exilium
1543 339 1676 395 depu-

206 404 315 437 tatus
347 403 418 436 est.
488 397 626 436 locum
663 398 901 438 Maccdonii
932 396 1176 437 Timotheus
1219 394 1453 436 meridiano
1482 401 1677 452 tempore

205 455 256 495 ab
285 454 499 494 Anastasio
532 454 707 494 Caesare
735 454 952 508 episcopus
988 454 1205 494 ordinatus
1235 452 1420 492 invasit.''

316 520 412 576 240,
456 522 519 563 12.
579 516 966 570 Κλαυδιουηὸλεως
1006 521 1079 575 τῆς
1104 516 1376 573 Ὁνωριάδος]
1417 520 1468 561 de
1495 520 1678 574 Paphla..

205 577 354 633 goniae
384 585 507 633 parte
534 578 673 622 Ponto
703 578 903 632 ascripta,
948 586 989 619 et
1020 578 1060 616 in
1090 577 1270 618 Honorii
1301 577 1376 616 filii
1411 577 1678 618 Honoriades

208 649 358 678 nomen
390 651 413 675 a
451 634 691 675 Theodosio
723 636 896 688 adepta,
927 635 1041 675 cuius
1070 633 1353 687 Claudiopolis
1382 634 1498 688 prius
1527 633 1677 688 Bithy-

207 691 298 732 niae
331 692 456 744 urbs,
494 692 604 732 facta
647 692 917 746 metropolis,
964 692 1051 732 fuse
1090 690 1350 731 Pancirollus
1389 691 1430 730 in
1461 690 1560 745 imp.
1589 698 1677 731 not.

288 776 298 787 .
331 748 350 787 1
415 777 425 788 .

206 762 284 802 cap
317 748 413 868 24218,
446 817 484 857 2.
541 814 617 870 τὴν
650 813 991 869 Εὕχαΐτανῂιίἰὺί
1018 813 1072 856 τὰ
1093 813 1303 868 Εὖχάϊτα.
1358 813 1577 871 Bithyniae
1605 829 1679 855 ur-

206 874 327 970 ltJ‘irss,
358 875 476 928 prius
519 873 831 927 Helenopolim,
877 886 926 912 ac
969 873 1181 928 quondam
1208 874 1479 927 Drepanum,
1510 887 1560 914 ex
1594 872 1679 913 Or-

321 999 426 1039 Ibid.
458 997 497 1038 3.
571 992 663 1038 τότε
692 993 764 1037 καί
792 994 1040 1049 Φλαβιανόν
1071 993 1358 1059 ἐσπούδασεν]
1399 997 1474 1038 sub
1505 995 1547 1036 id
1578 1003 1681 1037 tem-

206 1072 297 1112 pus,
322 1071 406 1095 non
431 1055 576 1095 eodem
598 1054 780 1095 fortassis
801 1068 925 1104 anno,
948 1068 1056 1109 quae
1077 1053 1270 1094 videlicet
1299 1055 1341 1094 in
1373 1069 1525 1094 annum
1553 1067 1681 1108 prae-

204 1114 310 1155 senti
339 1112 642 1165 succedentem,
677 1117 718 1151 εἴ
748 1112 786 1150 in
820 1110 981 1151 huncce
1010 1125 1057 1151 ex
1097 1117 1220 1164 parte
1251 1111 1537 1151 incurrentem
1565 1111 1682 1149 Mar..

206 1171 377 1210 cellinus
407 1169 550 1208 refert.
610 1167 770 1222 reliqua
802 1167 853 1207 ah
896 1173 1070 1207 auctore
1103 1168 1185 1207 hoc
1215 1182 1324 1207 anno
1357 1168 1555 1208 recensita
1587 1180 1680 1207 cum

205 1226 379 1282 Euagrii
411 1225 572 1280 scriptis
603 1224 673 1264 lib.
698 1223 724 1264 3
755 1238 876 1278 capp.
910 1222 958 1264 31
993 1223 1047 1264 32
1079 1231 1121 1265 et
1149 1222 1203 1264 33
1235 1224 1534 1279 comparanda.

316 1292 428 1349 Ibid:
463 1293 525 1334 12.
586 1292 796 1345 Πέτραις]
824 1292 1102 1334 Marcellinus.
1131 1293 1175 1333 in
1207 1293 1432 1344 castellnm,
1458 1291 1570 1348 quod
1596 1292 1681 1331 Pe-

205 1361 276 1392 tra
315 1351 494 1391 dicitur:
547 1350 599 1391 de
642 1365 727 1406 quo
767 1349 1000 1405 Procopius
1057 1350 1129 1391 lib.
1176 1349 1200 1389 2
1248 1357 1422 1390 exeunte
1473 1348 1525 1389 de
1570 1349 1680 1389 bello

207 1408 389 1449 Persico.

315 1475 424 1515 Ihid.
458 1473 521 1518 13.
578 1473 924 1529 σιδηρωμένους]
972 1473 1136 1529 vulgari
1175 1473 1351 1516 dialecto
1393 1470 1684 1529 σεσιδηρωμέ-

207 1544 304 1579 νους
334 1547 436 1572 vice.

322 1599 425 1639 [hid.
460 1598 523 1639 17.
583 1594 666 1639 ἀπὸ
697 1594 1078 1652 σταυροφυλάκων]
1121 1605 1286 1640 sanctae
1312 1599 1448 1640 crucis
1479 1599 1683 1641 Hieroso-

208 1656 325 1711 lymis
355 1661 584 1696 asservatae
613 1655 803 1696 custodes
833 1652 1198 1710 σταυροφύλακες,

322 1723 432 1764 [hid.
486 1717 686 1778 Ἰωάννης
731 1719 803 1774 ἔτη
845 1720 934 1777 κγ’]
967 1737 1014 1762 ex
1063 1723 1279 1764 codicibus
1325 1723 1514 1775 cunctis,
1557 1737 1685 1762 annos

207 1787 344 1821 tamen
378 1780 586 1835 sigillatim
629 1780 867 1820 numeranti
914 1787 1047 1820 sextus
1077 1779 1256 1821 decimus
1286 1780 1479 1820 excidisse
1510 1794 1684 1835 compe-

211 1838 360 1877 rietur.

322 1901 418 1953 242,
450 1904 489 1948 3.
557 1902 815 1946 Βιταλιανόν
852 1902 921 1945 τὸν
946 1902 1057 1958 υἱὸν]
1107 1906 1147 1945 in
1179 1919 1309 1947 annos
1339 1911 1554 1959 sequentes
1584 1905 1687 1945 haec

210 1977 232 2001 a
262 1962 504 2002 Marcellino
535 1960 682 2002 dilata:
717 1962 767 2002 de
798 1962 946 2017 quibus
977 1962 1182 2017 Euagrius
1211 1963 1282 2002 lib.
1314 1960 1352 2001 3.
1384 1977 1475 2016 cap.
1506 1961 1574 2003 43.
1605 1962 1687 2001 hoc.

211 2034 332 2069 anno,
363 2018 436 2074 qui
467 2020 664 2059 Anastasii
710 2020 927 2059 vicesimus
957 2018 1180 2070 secundus,
1225 2020 1482 2066 Vitalianum
1515 2019 1687 2059 seditio-

212 2090 306 2115 nem
338 2075 513 2115 movisse
542 2075 769 2116 Iornandes
811 2076 862 2116 de
893 2090 1009 2130 regn.
1054 2091 1101 2115 ac
1131 2083 1260 2130 temp.
1294 2090 1449 2116 succes,
1481 2076 1552 2116 lib.
1585 2090 1687 2115 con-

216 2133 381 2183 firmat,
425 2133 583 2173 bellum
628 2132 730 2172 illud
772 2132 892 2172 civile
928 2147 1007 2186 per
1032 2147 1160 2172 annos
1197 2148 1264 2173 sex
1295 2140 1392 2174 ante
1421 2133 1687 2187 imperatoris

215 2189 379 2230 obitum
408 2204 431 2230 a
463 2188 648 2230 Vitalino
678 2196 841 2229 motum
870 2195 1057 2229 testatus.

325 2257 433 2298 Ibid.
491 2252 670 2311 κόμητος
705 2255 994 2308 Φοιὸεράτων]
1025 2256 1205 2312 Scythae
1235 2258 1547 2307 Transistriani,
1577 2259 1690 2296 Got-

219 2314 278 2353 ihi
310 2313 588 2369 appellantur,
625 2319 727 2353 teste
759 2314 927 2354 Zozimo
961 2314 1031 2354 lib.
1059 2313 1099 2354 4.
1158 2315 1284 2354 ascita
1312 2315 1513 2354 Romanis
1538 2314 1689 2355 horum

216 2371 363 2411 auxilia
377 2369 712 2411 Foederatorum
740 2370 962 2411 obtinuere
985 2385 1151 2422 nomen,
1181 2386 1227 2411 ex
1258 2370 1420 2414 eodem.
1477 2371 1574 2411 hinc
1596 2373 1688 2411 lor.-

215 2427 336 2468 nand.
370 2428 422 2467 de
452 2428 575 2468 rebus
605 2428 697 2468 Get.
739 2426 964 2468 “defuncto
996 2428 1246 2479 Atanarico,
1279 2434 1452 2472 cunctus
1487 2428 1690 2468 exercitus

216 2485 256 2523 in
285 2484 456 2525 servitio
485 2484 754 2539 imperatoris
801 2485 1062 2538 perdurans,
1092 2486 1284 2525 Romano
1314 2500 1355 2525 se
1383 2485 1562 2538 imperio
1589 2486 1692 2525 sub-

216 2541 338 2592 dens,
369 2555 464 2581 cum
508 2541 642 2582 milite
688 2540 804 2581 velut
838 2556 967 2581 unum
1008 2556 1163 2595 corpus
1196 2541 1348 2595 efficit,
1381 2541 1593 2597 milliaque
1622 2542 1688 2581 illa

217 2597 375 2638 dudum
405 2599 480 2638 sub
510 2598 783 2639 Constantino
812 2598 1006 2652 principe
1038 2598 1370 2640 Foederatorum
1393 2603 1617 2651 *renovatffi
1652 2604 1693 2637 et

218 2654 296 2707 ipsi
329 2655 428 2695 dicti
459 2661 556 2696 sunt
580 2655 843 2696 Foederati.''

231 2777 258 2817 ἶ·
289 2783 304 2818 t
330 2723 438 2764 Ibid.
468 2723 509 2764 7.
580 2719 728 2779 ῥόγας]
773 2723 824 2764 ab
861 2723 1064 2777 erogando
1108 2722 1310 2778 stipendia
1352 2723 1530 2764 militnm
1571 2719 1691 2776 ρόγαι

219 2793 234 2817 ι
250 2792 286 2818 ιο
308 2793 342 2819 a.
