1728 3184
228 197 327 249 498
720 208 775 248 m
815 205 1190 248 THEOPIIANEM

228 323 439 363 Christum
469 322 564 373 715,
595 323 743 378 quibus
774 322 885 376 apud
918 321 1139 363 petavium
1171 319 1222 359 de
1251 319 1365 359 doct.
1397 324 1525 373 temp.
1551 319 1621 359 lib.
1645 318 1695 358 13

227 395 318 434 pag.
349 378 443 430 547,
473 381 713 420 adnectitur
726 379 926 420 Ezechiae
949 377 1160 433 regnantis
1190 390 1320 416 annus
1357 373 1420 426 13,
1448 375 1514 415 cui
1539 381 1697 430 septem

226 436 313 476 aliis
345 439 463 491 (quos
498 436 764 491 Theophanis
804 440 1005 489 computo
1050 434 1186 474 deesse
1229 432 1475 484 contendit,
1520 432 1571 472 dc
1612 448 1696 487 quo

226 492 339 544 alibi)
366 493 576 547 appositis,
605 493 822 534 vicesimus
837 491 1038 532 Ezechiae
1057 489 1284 544 consurgit,
1315 488 1387 543 qui
1409 488 1490 528 iam
1520 503 1566 529 ex
1586 489 1698 544 Syn-

227 550 332 590 cello
362 549 559 590 collectus
600 555 671 591 est.
739 549 973 589 summatim
1016 547 1134 588 dico:
1169 546 1280 587 circa
1310 545 1513 586 Ezechiae
1543 560 1697 585 annum

225 605 280 647 20
313 605 376 646 vel
412 606 650 661 proximum
688 606 871 662 aliquem
908 606 1088 646 colossus
1132 603 1298 645 Rhodio
1338 602 1487 658 portui
1527 602 1698 657 imposi-

225 668 290 703 tus
321 668 396 703 est.

334 733 429 786 528,
460 734 525 777 11.
593 729 934 787 Βουκινὰτωρος]
981 738 1213 788 spectatum
1253 732 1366 772 hune
1413 730 1501 772 solo
1529 730 1700 772 nomine

223 791 545 832 Buccinatorem
586 791 884 839 existimarem,
931 791 1004 845 qui
1040 786 1172 845 κόμης
1214 783 1554 843 Βουκινατώρων
1585 788 1696 843 apud

224 848 450 904 Rigaltium
483 862 522 887 v.
553 844 762 887 Bov'mvov
791 846 1005 887 scribitur.

337 921 454 964 Ibid.
488 919 551 964 18.
609 915 879 972 Ἀβουλαβοὶρ
923 918 970 959 δὲ
1008 913 1260 973 στρατηγόν]
1295 918 1346 958 de
1377 917 1490 958 cuius
1520 918 1700 969 nomine,

224 978 502 1033 expeditione,
535 983 576 1017 et
607 976 727 1030 gestis
756 975 1027 1016 Leunclavius
1061 975 1153 1015 hist.
1186 976 1376 1015 Musulm-
1405 975 1477 1016 lib..
1509 976 1546 1014 1.

333 1049 429 1100 529,
448 1050 487 1090 5.
549 1048 836 1103 Θεσσαλονίκη
866 1048 1121 1103 ἐγκρίνεται]
1153 1047 1228 1096 θὲς
1258 1040 1374 1088 ἄλλω
1403 1045 1537 1101 νίκην.
1589 1062 1700 1104 pone

223 1108 345 1148 alcen·
369 1109 603 1148 victoriam.

333 1179 428 1231 530,
461 1176 500 1220 4.
557 1176 789 1233 Ἐθρίβαις]
825 1174 1074 1231 Αἷθριζθοις]
1118 1176 1259 1231 posuit
1290 1176 1497 1231 superius.
1555 1176 1611 1217 ita
1643 1177 1701 1216 ci-

222 1238 327 1277 vitas
344 1237 488 1276 Mecha
522 1236 602 1276 alio
636 1235 804 1275 nomine
820 1235 958 1285 Ietrib,
991 1240 1038 1275 ut
1067 1233 1364 1274 liberAlcoran
1380 1239 1573 1274 testatur:
1607 1233 1704 1274 lieet

223 1293 432 1334 Madinam
474 1292 646 1334 Iaeraba
676 1306 848 1347 quoque
876 1292 1082 1332 Arabibus
1130 1290 1283 1331 dictam
1312 1290 1539 1332 contendat
1568 1291 1700 1331 Abra-

221 1350 317 1390 ham
346 1349 526 1390 Ecchell.
557 1363 650 1404 pag.
684 1344 774 1389 154.
1419 1362 1420 1365 ¹

333 1422 441 1465 Ibid.
464 1422 527 1463 17.
587 1420 643 1477 τῷ
674 1420 715 1461 ‹5’
745 1419 865 1477 αύτῷ
892 1415 994 1475 ἔτει]
1029 1435 1138 1460 anno
1155 1420 1389 1461 Constantis
1420 1419 1582 1461 decimo
1610 1434 1701 1460 sex..

225 1486 270 1520 to
300 1480 526 1520 Maximum
577 1478 715 1532 lingua
768 1491 978 1531 manuque
1021 1478 1259 1518 mutilatum
1304 1483 1452 1532 argute
1504 1477 1702 1532 clareque

226 1550 274 1576 ex
305 1536 404 1577 actis
444 1535 701 1577 demonstrat
743 1534 946 1575 Baronius
988 1532 1040 1573 ad
1072 1548 1108 1573 a.
1139 1534 1184 1573 C.
1215 1532 1296 1575 657
1328 1549 1443 1575 num.
1477 1533 1518 1574 2.
1542 1533 1701 1589 passio-

229 1593 289 1633 nis
319 1592 540 1634 historiam
571 1606 738 1631 omnem
759 1590 1026 1646 sequentihus
1056 1591 1236 1645 profert.

338 1665 433 1716 531,
462 1666 501 1706 5.
570 1660 599 1704 ὃ
643 1663 715 1704 καί
752 1662 839 1704 κατ’
873 1659 971 1711 ἔπος
1013 1654 1126 1704 οὗτοι
1171 1661 1456 1719 γεγράφασιν]
1488 1670 1628 1704 extant
1658 1663 1698 1704 in

227 1723 425 1762 Anasi-<isit
457 1722 720 1763 collectaneis
751 1736 773 1760 a
803 1719 1028 1761 Sirmondo
1060 1721 1200 1761 editis:
1234 1735 1395 1761 necnon
1426 1721 1538 1775 apud
1565 1721 1701 1761 Baro-

226 1780 342 1818 nium
375 1779 489 1819 annis
529 1776 610 1819 656
643 1785 685 1818 et
714 1776 809 1818 657,

336 1852 447 1893 Ibid.
497 1851 559 1895 12.
628 1850 686 1907 τῷ
729 1850 766 1890 δ’
796 1847 909 1905 αὐτῷ
943 1845 1026 1890 ἔτει
1073 1846 1288 1904 ἐξορίσθη]
1320 1865 1430 1890 anno
1465 1851 1700 1892 Constantis

225 1907 388 1949 decimo
418 1909 546 1948 tertio
580 1907 750 1947 Martini
795 1921 930 1961 papae
974 1906 1162 1958 exilium,
1193 1913 1373 1947 mortem
1404 1922 1505 1948 vero
1537 1908 1699 1948 decimo

226 1970 403 2021 quarto,
450 1964 766 2019 coniungenda,
809 1969 1024 2018 sequentes
1069 1971 1309 2017 temporum
1349 1964 1612 2005 characteres
1659 1966 1697 2004 in

226 2022 355 2076 ipsius
395 2021 563 2062 Martini
594 2021 807 2075 epistolis,
837 2021 1036 2059 Anastasii
1083 2021 1372 2072 collectaneis,
1407 2027 1449 2062 et
1479 2021 1565 2061 aliis
1601 2022 1700 2062 locis

224 2079 371 2133 signati
399 2077 700 2119 demonstrant.
758 2091 966 2116 summum
995 2077 1190 2118 ecclesiae
1220 2078 1504 2131 praesulatum
1538 2085 1702 2119 sanetus

225 2136 293 2175 ille
321 2135 510 2190 pontifex
541 2148 637 2174 mox
669 2139 717 2172 ut
746 2132 917 2187 adeptus
949 2139 1008 2173 est
1037 2134 1149 2173 circa
1178 2134 1412 2175 Constantis
1442 2135 1540 2175 anni
1569 2135 1702 2190 septi-

223 2193 279 2231 mi
314 2194 481 2243 exitum,
513 2191 683 2231 ineunte
713 2196 862 2229 octavo
888 2190 1015 2240 (iuxta
1034 2190 1303 2245 Theophanis
1335 2191 1528 2244 calculos)
1560 2199 1602 2233 et
1633 2193 1700 2231 in-

225 2248 411 2289 dictione
440 2253 585 2288 octava
611 2247 705 2301 pari
736 2246 899 2286 dierum
916 2260 1054 2300 gressu
1085 2254 1296 2299 currente,
1325 2248 1698 2289 monothelitarum

224 2305 365 2347 errori
394 2302 711 2345 condemnando
756 2303 981 2343 concilium
1020 2305 1178 2346 Romae
1209 2305 1411 2346 celebrat.
1469 2306 1702 2360 Theopha-

223 2377 292 2402 nes
323 2362 513 2417 superius
549 2359 758 2415 assignatis
790 2360 902 2399 annis
923 2392 933 2411 ‚
967 2362 1169 2401 Baronius
1200 2378 1234 2402 a.
1268 2363 1313 2402 C.
1345 2360 1442 2410 649,
1476 2363 1563 2416 ipsa
1593 2377 1700 2402 con..

223 2419 307 2459 cilii
338 2419 490 2459 verba:
520 2418 565 2458 in
589 2418 750 2458 nomine
776 2417 931 2456 domini
957 2418 1024 2458 dei
1049 2420 1276 2459 salvatoris
1302 2422 1429 2460 nostri
1457 2420 1551 2460 Iesu
1574 2419 1700 2459 Chri-

221 2476 284 2527 sti,
314 2476 478 2531 imperii
516 2473 675 2515 domini
717 2473 974 2514 Constantini
1005 2476 1187 2530 piissimi
1225 2477 1403 2530 Augusti
1437 2490 1544 2516 anno
1592 2490 1696 2516 nono

223 2532 421 2587 (qualiter
462 2536 709 2572 numeretur
751 2543 885 2570 nonus
916 2531 1033 2585 prius
1071 2532 1326 2586 expositum)
1362 2532 1434 2573 suh
1478 2533 1545 2572 die
1583 2534 1699 2573 tertio

221 2602 348 2627 nonas
381 2588 580 2638 Octobris,
613 2586 832 2627 indictione
864 2597 1026 2628 octava.
1063 2589 1319 2644 praesidente
1355 2598 1491 2629 sancto
1520 2604 1568 2629 ac
1598 2589 1699 2629 bea-

222 2645 381 2684 tis-simo
417 2645 598 2684 Mar-tino
635 2658 771 2700 papa,
802 2651 881 2684 etc.
952 2644 1038 2699 ipse
1068 2646 1271 2686 Martinus
1301 2645 1472 2699 epistola
1503 2645 1555 2685 ad
1583 2645 1699 2685 Pau-

222 2700 310 2740 lum
336 2700 646 2741 Thessalonices
675 2699 932 2755 episcopum.
1008 2716 1147 2757 nempe
1187 2715 1215 2743 a
1243 2702 1311 2742 die
1334 2703 1479 2758 prima
1500 2716 1698 2757 praesen·

221 2758 272 2795 tis
301 2759 453 2797 mensis
471 2757 736 2808 Novembris,
766 2757 987 2798 indictione
1027 2767 1175 2799 octava
1189 2789 1201 2806 ‚
1236 2773 1316 2814 qua
1346 2758 1414 2799 die
1445 2759 1586 2798 mz'ssas
1608 2773 1635 2798 a
1664 2768 1702 2799 te

223 2813 401 2853 lubricas
431 2814 574 2854 literas
601 2815 837 2870 accepimus,
879 2822 918 2854 et
948 2813 1322 2868 condemnavimus,
1351 2822 1431 2857 etc.
1489 2828 1598 2856 anno
1630 2829 1696 2857 se-
