1768 3268
556 189 624 231 Ex
663 182 1010 233 THEOPHKNE.
1440 190 1461 231 1
1476 189 1530 232 11

53 305 320 348 introductus
351 319 455 360 ergo
501 306 658 362 legatus
688 307 978 348 Romanorum
1008 322 1103 348 cum
1135 307 1373 359 adorasset,
1408 307 1535 348 iussus
1550 324 1580 360 p.
1609 311 1680 347 378

51 369 114 405 est
139 364 192 404 ab
221 378 272 406 eo
302 364 408 418 erigi
437 369 480 404 et
512 364 609 405 duci
642 364 694 405 ad
727 379 783 406 se.
841 379 937 405 cum
965 370 1102 406 autem
1126 366 1368 419 suscepisset
1399 366 1538 420 impe-

56 421 208 462 ratoris
236 434 396 462 sacram
415 451 427 472 ,
475 421 680 463 osculatus
704 427 765 463 est
796 421 1069 477 signaculum,
1101 422 1218 478 quod
1247 423 1430 463 habebat
1459 436 1538 477 pe-

55 477 291 519 ctusculum
320 477 602 534 imperatoris.
660 480 862 533 susceptis
890 484 1030 520 autem
1060 485 1103 520 et
1132 479 1254 520 donis
1285 479 1446 534 gavisus
1479 485 1540 517 vst

58 535 190 576 valde.
248 549 384 590 porro
416 549 511 577 cum
544 534 706 590 legisset
734 550 913 589 sacram,
946 536 1107 577 invenit
1138 543 1185 577 ut
1214 550 1256 577 se
1286 543 1437 577 contra
1469 551 1541 576 re·-

54 606 149 649 gem
174 591 401 633 Persarum
428 598 628 644 armaret,
657 599 699 634 et
716 592 953 648 proximam
981 593 1063 634 sibi
1085 593 1309 635 Persarum
1341 592 1542 648 perderet

58 648 293 704 regionem,
328 655 372 690 et
399 648 575 690 ulterius
605 664 700 690 cum
731 650 869 691 Persis
900 649 1071 692 foedera
1114 665 1200 692 non
1233 650 1377 692 iniret.
1433 663 1543 705 pro-

55 706 167 747 tinus
197 719 301 761 ergo
332 705 511 747 collecto
555 707 744 747 exercitu
795 721 867 747 rex
897 706 1072 748 Arethas
1102 721 1251 748 coram
1281 707 1419 762 legato
1449 708 1543 747 Ro-

53 777 278 804 manorum
308 763 503 804 adversus
525 763 670 805 Persas
701 764 909 818 praelium
934 766 1081 816 movit,
1114 764 1322 807 subiectos
1355 763 1433 804 sibi
1462 765 1542 803 Sa-

56 832 230 861 racenos
259 820 551 875 praemittens.
607 821 823 876 profectus
867 827 1007 862 autem
1039 827 1081 862 et
1114 821 1201 876 ipse
1229 822 1283 862 ad
1324 820 1542 877 regionem

53 878 292 926 Persarum,
321 877 603 932 depopulatus
640 884 701 919 est
729 879 870 918 omnia
890 894 999 934 quae
1021 879 1062 918 in
1081 879 1275 934 partibus
1305 877 1381 919 illis
1401 883 1538 920 erant.

54 940 199 975 tenens
230 940 369 975 autem
390 948 462 976 rex
482 934 643 976 Aretha
659 942 790 990 caput
818 935 978 987 Iuliani,
1010 942 1052 976 et
1075 937 1175 978 dans
1206 936 1245 978 ei
1272 936 1388 990 pacis
1418 949 1545 976 oscu-

55 992 166 1042 inm„
186 989 344 1032 dimisit
388 1005 484 1033 eum
514 991 557 1032 in
590 993 723 1034 multa
761 992 1058 1034 benevolentia
1097 994 1323 1048 multisque
1353 993 1545 1034 muneri-

53 1049 146 1089 bus.
201 1063 340 1104 porro
368 1048 482 1089 facta
511 1054 573 1090 oet
601 1055 644 1090 et
671 1049 750 1090 alia
778 1064 917 1098 eausa,
949 1065 1057 1105 quae
1084 1050 1277 1092 turbavit
1307 1048 1543 1091 Chosroen.

54 1105 386 1161 Hanni-quippe
413 1119 495 1160 per
527 1106 630 1147 illud
660 1112 841 1161 tempus,
879 1121 988 1162 quos
1001 1108 1165 1148 Tureos
1194 1107 1337 1149 dicere
1359 1121 1543 1147 consue-

55 1162 204 1214 vimuS,
233 1163 485 1218 legationem
533 1162 724 1218 dirigunt
754 1162 806 1204 ad
841 1164 1068 1214 lustinum,
1100 1179 1180 1219 per
1207 1164 1439 1205 Alanoi-um
1470 1178 1544 1204 re-

55 1219 224 1274 gionem
256 1220 483 1260 mittentes.
542 1218 628 1261 hoc
653 1221 802 1261 timens
842 1220 1048 1262 Chosroes
1078 1220 1384 1263 excusationem
1416 1228 1673 1275 prae-p.379

56 1276 260 1319 tendebat
278 1305 292 1330 ,
320 1276 596 1330 rebellionem
625 1278 925 1319 Armeniorum
966 1278 1007 1318 in
1040 1293 1083 1320 se
1115 1278 1268 1319 factam
1296 1292 1375 1333 per
1402 1291 1545 1318 acces-

55 1347 161 1386 sum,
192 1346 280 1388 quo
316 1333 484 1385 lustino
527 1333 815 1379 adhaeserant.
883 1333 955 1375 sed
986 1340 1029 1375 et
1073 1336 1279 1390 profugos
1309 1334 1546 1390 repetebat.

57 1389 328 1445 impendebat
359 1390 472 1430 enim
499 1390 794 1431 Romanorum
820 1391 1057 1446 imperator
1094 1406 1174 1446 per
1202 1391 1385 1448 singulos
1415 1405 1546 1433 annos

61 1448 310 1504 quingentas
344 1446 472 1488 libras
503 1447 626 1500 auri,
657 1454 706 1490 ut
732 1454 884 1499 castra,
917 1463 1026 1504 quae
1055 1448 1151 1490 loco
1184 1450 1377 1504 proxima
1406 1455 1543 1498 erant,

55 1500 525 1556 l’ersae'custodirent,
571 1519 624 1546 ne
664 1506 872 1561 ingressae
914 1511 1059 1560 gentes
1090 1512 1317 1562 utramque
1347 1521 1438 1546 rem
1466 1520 1546 1560 pu-

54 1561 208 1601 blicam
241 1559 535 1613 destruerent,
565 1562 945 1618 communibusque
986 1563 1220 1618 sumptibus
1251 1562 1419 1604 castella
1448 1577 1546 1604 mu-

57 1617 298 1659 niebantur.
356 1623 401 1658 at
424 1632 530 1659 vero
555 1619 734 1660 Iustinus
761 1633 910 1675 pacem
934 1619 1135 1672 dissolvit,
1167 1633 1348 1662 asserens
1378 1633 1544 1675 oppro-

54 1675 174 1716 bium
203 1689 287 1716 esse
327 1675 404 1716 sub
447 1675 585 1717 Persis
620 1674 786 1718 solvere
828 1676 988 1718 tributa
1019 1678 1266 1718 Romanos:
1310 1683 1543 1732 propterea

55 1732 197 1773 locum
223 1746 422 1787 magnum
438 1731 521 1772 hoc
539 1733 764 1775 Persarum
784 1734 1163 1790 Romanorumque
1190 1736 1355 1789 reperit
1374 1734 1543 1776 bellum.

55 1803 193 1844 porro
234 1789 412 1830 Iustinus
461 1791 725 1831 Marcianum
764 1791 1021 1846 patricium,
1064 1797 1107 1832 ct
1146 1797 1373 1847 cognatum
1422 1795 1544 1833 suum

56 1851 303 1900 praetorem
335 1860 480 1888 creans
514 1847 703 1890 Orientis
726 1854 886 1889 contra
915 1848 1061 1890 Persas
1092 1848 1257 1891 direxit.

170 1913 318 1956 Mundi
339 1929 450 1956 anno
465 1913 590 1968 6065,
624 1916 790 1958 divinae
818 1917 1123 1958 incarnationis
1137 1932 1248 1957 anno
1266 1915 1364 1968 565,
1392 1922 1545 1957 octavo

58 1971 226 2025 imperii
254 1971 317 2012 sui
346 1987 457 2013 anno
490 1972 668 2014 Iustinus
700 1973 935 2015 infirmatus
965 1980 1026 2014 est
1052 1981 1095 2015 et
1125 1975 1315 2015 tristatus
1349 1973 1545 2015 adversus

56 2027 313 2069 Baduarium
342 2030 518 2071 fratrem
547 2045 681 2081 suum,
709 2036 752 2072 et
782 2031 896 2072 hunc
932 2030 1097 2072 iniuriis
1130 2032 1345 2073 laceravit.
1404 2031 1548 2072 novis-

57 2085 161 2126 sime
191 2098 295 2125 vero
326 2087 546 2143 praecepit
565 2087 833 2129 cubiculariis
862 2088 1013 2144 pugnis
1032 2102 1199 2129 caesum
1221 2087 1401 2130 educere
1431 2087 1547 2128 illum

58 2141 100 2182 in
132 2148 403 2198 conspectum
444 2144 616 2185 concilii
642 2152 916 2186 senatorum:
963 2153 1054 2187 erat
1091 2145 1202 2186 enim
1241 2159 1380 2186 comes
1411 2144 1547 2199 impe-

58 2198 228 2240 rialium
270 2199 548 2241 stabulorum.
625 2215 712 2258 quo
755 2208 979 2256 comperto
1013 2202 1173 2258 Sophia
1209 2203 1374 2243 tristata
1416 2209 1546 2243 estet

58 2261 290 2312 conquesta
313 2256 575 2311 imperatori,
606 2259 678 2314 qui
705 2273 749 2300 se
778 2259 1005 2313 poenituit,
1035 2265 1077 2301 et
1096 2259 1350 2300 descendens
1367 2258 1419 2299 ad
1448 2273 1544 2299 eum

58 2312 102 2352 in
133 2312 341 2354 stabulum
369 2314 562 2356 introivit
591 2315 733 2357 subito
762 2330 861 2356 cum
892 2316 1135 2371 praeposito
1166 2316 1540 2357 cubiculariorum.
1555 2338 1590 2373 p,
1605 2328 1676 2365 330

58 2369 292 2410 Baduarius
323 2376 464 2411 autem
494 2371 583 2412 viso
613 2372 874 2427 imperatore
902 2373 1011 2428 fugit
1030 2388 1053 2413 a
1083 2374 1181 2415 loco
1203 2374 1246 2414 in
1280 2374 1434 2423 locum,
1464 2387 1545 2426 per

59 2426 282 2481 superiora
314 2427 537 2483 praesepiS,
570 2442 672 2483 prae
700 2429 854 2471 timore
876 2428 1162 2484 imperatoris.
1223 2436 1284 2471 ast
1311 2430 1547 2483 imperator

62 2482 268 2527 clamabat
297 2483 476 2525 “adiuro
522 2491 565 2525 te
591 2500 671 2540 per
701 2485 845 2538 deum,
875 2487 1010 2528 frater
1038 2488 1110 2537 mi,
1136 2494 1309 2542 expecta
1337 2487 1443 2526 me.''
1503 2493 1546 2527 et

62 2553 159 2579 cum
188 2541 477 2593 cucurrisset,
510 2543 647 2583 tenuit
677 2557 790 2595 eum,
835 2549 877 2584 et
908 2543 1163 2599 amplexatus
1193 2543 1457 2584 deosculatus
1486 2548 1548 2583 est

63 2596 194 2648 illum,
229 2596 368 2639 dicens
392 2599 593 2652 “peccavi
622 2599 715 2650 tibi,
746 2601 882 2642 frater
907 2601 978 2651 mi,
1005 2601 1076 2641 sed
1105 2601 1267 2653 suscipe
1287 2613 1354 2639 me
1384 2604 1433 2639 ut
1461 2600 1546 2639 sra-

63 2658 173 2694 trem
206 2660 326 2695 tuum
352 2656 541 2709 primum
570 2662 613 2696 et
642 2657 974 2712 imperatorem:
998 2672 1045 2698 ex
1063 2656 1269 2697 diabolica
1295 2655 1407 2696 enim
1438 2669 1546 2711 ope-

62 2709 230 2750 ratione
269 2713 370 2752 novi
407 2713 525 2767 quod
569 2713 727 2754 factum
770 2715 824 2756 sit
851 2714 975 2755 hoc.''
1040 2708 1121 2769 'qui
1152 2712 1305 2754 cecidit
1335 2712 1388 2753 ad
1416 2713 1542 2768 pedes

65 2765 170 2818 eius,
197 2773 240 2808 et
267 2767 369 2808 flens
396 2770 454 2809 ait
482 2770 734 2823 “veraciten
764 2770 957 2822 domine,
990 2775 1242 2825 potestatem
1273 2769 1411 2811 habes.
1471 2784 1548 2811 ve-

64 2829 298 2865 rumtamen
336 2825 378 2864 in
423 2827 658 2881 praesentia
710 2834 874 2870 senatus
919 2827 1166 2868 deformasti
1204 2841 1370 2868 servum
1412 2834 1545 2867 tuum.
