1728 3184
208 191 307 242 496
707 202 762 246 m
801 200 1180 243 'rHEOPnANEM

319 316 417 360 521.
449 313 488 354 2.
552 314 824 370 Χαλκηδόνα]
867 317 1107 356 correctior
1152 314 1242 355 Pal.
1273 314 1419 367 codex,
1450 328 1536 371 quo
1568 316 1691 356 Χαλ-

208 369 306 410 κιὸα
337 370 528 425 legimus:
560 371 721 412 Chalcis
753 375 861 412 enim
881 374 1026 429 Syllae
1056 373 1155 413 urbs
1179 377 1255 421 est,
1290 373 1340 411 ad
1366 385 1492 427 quam
1514 373 1693 413 Osuoc-

209 442 260 524 Ka
291 427 536 481 provincia,
584 429 636 468 de
667 444 748 484 qua
779 430 847 470 hic
893 443 1045 470 sermO.
1118 428 1341 469 Chacidem
1386 443 1558 484 quoque
1592 430 1654 469 le«
1632 430 1692 484 5st

246 484 457 525 nastasius.

320 550 432 594 Ibid.
467 554 532 596 17.
591 553 701 593 ΚΠ.
723 553 954 619 ἐπίσκοπος
985 548 1179 605 Πυρρος]
1229 551 1462 593 indictione
1489 544 1693 593 duodeci-

210 622 290 661 ma,
321 623 429 663 quae
477 608 596 648 huius
637 610 733 649 anni
777 611 976 664 propria,
1017 610 1210 664 Sergium
1232 614 1479 660 mortuum,
1511 616 1554 650 et
1582 609 1693 665 Pyr-

211 664 336 706 rhum
368 665 406 705 ei
432 665 705 720 subrogatum
739 672 914 707 testatur
927 665 1200 720 hicephorus

319 732 414 784 522,
448 734 512 776 16.
570 734 746 788 τελευτᾷ
770 731 1037 786 ςΗράκὶειος]
1070 734 1287 783 morbum,
1319 732 1508 773 ultimam
1535 733 1695 774 volun-

210 792 354 840 tatem,
385 795 578 842 moxtem,
612 797 654 830 et
682 775 942 844 sepulturam
965 790 1226 845 Nicephorus
1258 789 1468 830 describit.

322 855 436 899 Ibid.
469 860 532 901 17.
591 856 853 909 βασιλεύσας
891 852 962 922 ἔτη
993 854 1025 897 λ’
1055 872 1125 898 και
1157 858 1296 910 μῆνας
1327 855 1377 907 ι’]
1433 856 1695 912 Nicephorus

211 907 336 967 ἐ’τηλ’
365 908 555 966 μῆναςδ’
587 928 655 952 και
692 910 856 966 ἡμέρας
879 926 926 967 ς,
957 915 1130 970 utrique
1158 914 1309 954 chron.
1328 913 1524 959 Alexand
1554 914 1697 969 quoad

213 968 382 1025 imperii
413 970 531 1010 initia
563 969 884 1010 conferendum.

324 1036 436 1081 Ibid.
469 1040 533 1081 18.
590 1037 730 1090 μῆνας
750 1038 976 1091 τέσσαρας]
1008 1043 1176 1078 centum
1201 1051 1251 1078 ac
1282 1037 1417 1079 tribus
1448 1009 1593 1080 diebus
1619 1053 1698 1093 pa-

124 1121 139 1126 -
211 1094 267 1134 tri
298 1094 570 1148 supervixisse
598 1094 746 1134 scribit
777 1094 1053 1148 Nicephoxus.

326 1157 845 1214 1bid.20.na21125900;
873 1157 1143 1216 πατριάοχης
1167 1161 1366 1217 τελευτᾷ]
1402 1161 1486 1201 eius
1513 1169 1697 1203 mortem

169 1254 172 1257 .
214 1218 254 1259 in
285 1219 522 1258 Constantis
563 1232 720 1257 annum
759 1218 1029 1259 undecimum
1075 1219 1245 1258 dilatam
1285 1224 1374 1258 tum
1403 1233 1449 1259 ex
1466 1226 1697 1284 ‘gestorum

211 1275 329 1326 serie,
357 1280 446 1315 tum
482 1289 529 1315 ex
561 1274 763 1329 tempoxis
795 1281 894 1315 nota
916 1276 1131 1316 convincit
1145 1274 1405 1329 Nicephorus
1439 1276 1524 1317 eius
1559 1275 1698 1331 depo-

211 1331 373 1372 sitionis
402 1331 620 1372 historiam
655 1337 807 1382 texens,
838 1339 879 1372 et
913 1331 1191 1387 Theophanes
1233 1346 1327 1372 eum
1359 1346 1469 1372 anno
1502 1334 1694 1388 praefato

213 1389 254 1429 in
302 1387 439 1429 sedem
483 1389 725 1428 restitutum
771 1403 969 1442 narrans,
1020 1390 1283 1444 pleonasmus
1343 1388 1485 1444 itaque
1535 1405 1697 1445 expun-

212 1444 419 1563 gendlisQ3,
442 1511 481 1555 5.
539 1510 598 1567 τῷ
627 1510 674 1552 δὲ
696 1509 812 1568 adua
840 1509 997 1569 χρόνῳ]
1033 1510 1268 1567 Nicephori
1301 1511 1501 1566 epitome.

327 1578 438 1621 Ibid.
475 1580 538 1643 16.
597 1578 675 1619 τοῦ
718 1567 796 1630 ἑμε
827 1574 1155 1647 γεγοννηκότος]
1179 1587 1374 1621 correcte
1403 1579 1643 1634 scripsisset,
1675 1595 1696 1620 ο

221 1633 298 1686 ἐμὲ
325 1633 555 1689 γεγενηκώς
581 1631 722 1689 πατὴρ
754 1636 1096 1687 Κωνσταντῖνυς,
1130 1631 1178 1683 ὃς
1210 1635 1293 1676 ἐπί.

329 1701 546 1748 Ibid.17.
616 1699 762 1743 ἱκανὸν
799 1718 882 1743 συν
920 1702 1035 1758 αὐτῶ
1080 1703 1356 1756 ἐβασίλευσεν
1391 1699 1565 1756 χρόνον]
1601 1711 1699 1745 octo

219 1758 417 1799 nimirum
444 1766 485 1800 et
514 1759 662 1815 viginti
689 1774 832 1811 annos,
867 1774 915 1800 ex
961 1743 1110 1800 chi-‚on
1153 1760 1347 1800 Alexand.
1379 1767 1420 1800 et
1442 1761 1699 1816 Nicepllom,

218 1816 328 1856 solus
358 1815 525 1857 demum
555 1817 621 1857 vix
649 1831 806 1857 menses
836 1822 1041 1872 quattuol
1070 1831 1117 1856 ex
1146 1816 1338 1871 superius
1372 1816 1501 1857 dictis.

333 1893 448 1935 Ibid.
483 1898 549 1938 21.
628 1893 862 1946 Ἀθεμίτως
898 1895 1211 1947 γεγεννημένον]
1257 1909 1303 1935 ex
1342 1895 1523 1934 Martina
1551 1902 1702 1949 nepte:

223 1950 275 1991 de
303 1951 419 1991 cuius
449 1951 645 2007 coniugio
689 1957 837 1992 notum
878 1965 925 1992 ex
971 1950 1210 2006 Nicephoro
1251 1965 1344 2006 pag.
1379 1953 1454 2003 16,
1477 1949 1701 1993 ,Theodori

221 2008 365 2063 patrui
395 2007 567 2049 dictum.

332 2081 431 2135 524,
467 2085 506 2127 5.
566 2082 837 2138 συμβούλους
877 2084 952 2126 καί
975 2084 1206 2139 γνώμονας]
1252 2087 1409 2128 horum
1444 2086 1704 2142 interpreta-

222 2143 282 2184 tio
316 2158 364 2185 ex
395 2118 569 2183 historia
596 2142 778 2183 miscella
806 2143 950 2221 petita.

333 2210 443 2253 Ibid.
471 2210 510 2251 8.
567 2206 643 2251 τὸν
676 2206 779 2251 ναὸν
805 2209 850 2249 ἐι
869 2207 1163 2263 Ἱερουσαλήα]
1199 2209 1594 2263 Μαργίδιοντῶν
1558 2224 1703 2262 ...ασα-

223 2267 360 2321 κηνιὸν
387 2267 434 2308 ἐν
460 2259 490 2323 ᾗ
529 2281 676 2320 πρωην
706 2263 898 2318 ὑπῆρχεν
929 2264 949 2305 ὁ
990 2264 1312 2317 Σολωμονιακὸς
1355 2264 1465 2313 ναός.
1525 2266 1706 2306 Meschi-

224 2333 313 2364 tam
342 2310 641 2365 Saracenorum
672 2323 745 2364 ubi
776 2324 896 2378 prius
927 2322 1156 2363 Salomonis
1194 2324 1411 2378 templum:
1442 2322 1598 2363 habent
1630 2337 1706 2362 va-

225 2381 314 2421 riae
348 2381 569 2421 lectiones:
604 2379 655 2421 de
682 2392 864 2435 quo1um
895 2393 990 2434 erga
1010 2379 1112 2419 illud
1139 2380 1342 2435 religione
1372 2387 1512 2420 terrae
1539 2385 1706 2419 sanctae

225 2437 470 2492 geographi.

335 2505 432 2555 525,
459 2503 499 2546 8.
557 2502 632 2544 τοῦ
665 2501 775 2555 Φᾶν]
809 2502 1311 2544 AbrahamEcchellensis
1340 2502 1559 2543 Haffanum
1594 2500 1703 2542 scri..

224 2562 301 2602 bit.
360 2560 560 2602 videndus
594 2561 866 2600 Leunclavius
893 2559 987 2601 hist.
1021 2561 1170 2601 Musul.
1201 2561 1270 2603 lib.
1303 2562 1338 2602 1.

338 2630 446 2671 Ibid.
483 2628 547 2670 10.
611 2626 864 2669 ἐστασίασεν
909 2622 931 2666 ὅ
972 2627 1013 2668 Γ
1012 2626 1231 2684 ρηγόριος]
1275 2625 1463 2684 synopsis
1496 2624 1707 2666 ‘chronica

235 2686 451 2727 Sirmondi
481 2686 523 2726 in
556 2684 754 2726 Anastasii
794 2685 1060 2725 collectanea.

335 2754 442 2794 Ibid.
474 2754 540 2794 12.
600 2753 660 2809 τσῦ
690 2751 729 2792 δ’
761 2744 876 2806 αυτῷ
904 2747 987 2792 ἑτει
1015 2750 1202 2807 γέγονεν]
1232 2764 1342 2791 anno
1372 2755 1604 2805 praesente,
1636 2749 1706 2788 in-

231 2809 415 2851 dictione
443 2816 592 2852 octava
623 2814 820 2851 canente
863 2808 1088 2849 concilium
1125 2810 1418 2859 Lateraneilse,
1446 2821 1518 2848 seu
1546 2806 1708 2847 Roma-
