1728 3184
679 133 880 177 NOTAE.
1409 124 1509 177 489

51 249 95 292 di
122 264 302 306 genere3
331 264 419 305 quo
445 245 766 302 ἆρμαῐαὶμενος,
792 259 986 301 annulus,
1015 257 1059 292 et
1085 249 1369 305 ἅρμαμὲνῐον,
1390 265 1519 306 supra

51 322 145 363 pag.
162 303 260 348 -249
288 317 500 347 armorum
534 311 597 346 est
620 319 764 360 penus.

162 375 360 432 490,17.
415 377 744 431 σαγιποβολων]
770 378 898 418 iactus
924 378 1109 432 saginae,
1124 377 1398 434 σαγιττοβολὴ
1428 384 1522 420 mo-

52 435 205 478 dernis.
260 436 387 491 plura
407 449 556 476 eorum
586 434 789 475 vocabula
817 434 884 474 bic
912 441 1156 475 occurrunt.

160 518 329 572 491,1.
384 516 682 574 καβαλλᾰριοι]
723 533 751 559 a
778 519 949 570 caballo,
977 519 1123 559 Latina
1153 518 1336 561 dictione
1361 522 1522 574 καβαλ·

49 573 211 630 λὰριος,
239 591 379 633 equus.-
409 582 454 616 at
479 576 755 628 καβαλλέρης,
786 581 828 615 et
851 575 893 615 in
925 589 1101 616 ηιιωθιο
1135 576 1419 617 multitudines
1446 592 1522 618 κα·

52 632 325 687 βαλλέρηδες,
363 634 514 688 equites
547 632 729 687 torquati
757 639 880 682 sunt,
922 638 965 672 et
991 646 1144 672 sacrae
1175 633 1345 672 militiae
1367 634 1523 675 allecti.

51 702 206 730 vocum
235 688 458 730 discrimen
489 694 551 729 est
584 703 692 744 quae
725 687 892 728 Gallicis
926 689 1126 737 cavalier,
1160 693 1202 728 et
1227 690 1439 730 chevalier.

163 765 260 818 492,
289 770 330 812 9.
384 763 439 808 τὰ
473 760 623 818 aloru]
663 767 856 822 genet-ica
891 765 1020 806 dictio
1051 758 1228 818 alcyon,
1257 768 1352 822 equi
1375 767 1525 821 speciei

53 822 167 879 apud
192 823 449 864 recentiores
477 799 688 863 addicta.³³
711 824 769 864 sic
801 823 1000 864 diaconus
1028 823 1069 862 in
1086 823 1295 863 Heraclio.
1352 825 1527 864 Romam·

52 881 254 922 animalia
277 895 350 920 sua
395 883 540 936 (equos
582 879 779 934 intellige)
824 889 933 920 nocte
969 879 1297 935 adaquaverunt.
1354 879 1526 933 ταγίζω,

53 938 190 978 cibare
216 943 290 988 est,
319 942 371 976 ut.
385 937 555 986 ποτίζω,
586 936 822 993 adaquare.

167 1007 265 1060 493,
295 1009 364 1057 18.
432 1006 679 1064 πιάσαντες]
720 1007 859 1049 πιάνω
899 1007 1108 1049 modernis
1154 1014 1216 1049 est
1244 1007 1422 1064 accipio,
1449 1021 1529 1064 ap-

48 1066 274 1122 prehendo,
300 1072 380 1108 etc.
409 1066 595 1106 Aoristns
631 1067 648 1105 1
684 1065 857 1105 ἐπιάσα.

165 1147 361 1201 494,13.
436 1147 519 1189 α’πὸ
561 1149 662 1190 δέκα
702 1165 771 1189 και
815 1146 925 1190 dno}
969 1148 1138 1201 λιτρῶν]
1182 1147 1434 1188 Anastasius:
1473 1163 1531 1188 ex

55 1207 197 1262 quibus
219 1206 524 1263 unumquodque
539 1208 658 1246 LXX
681 1207 862 1262 pandum
890 1206 1083 1253 habebat,
1113 1206 1180 1245 vel
1207 1205 1379 1255 LXXX,
1407 1204 1530 1243 libra·

53 1277 176 1304 rum.-
205 1263 316 1302 solus
347 1262 477 1303 codex
504 1264 675 1319 Peyrez.
719 1262 845 1303 babet
875 1260 959 1302 ἀπὸ
1002 1258 1028 1302 ι’
1058 1260 1131 1302 καί
1161 1259 1198 1300 π’
1230 1261 1387 1314 λιτρῶν
1419 1263 1532 1301 inter

56 1319 191 1360 varias
220 1318 445 1359 lectiones

171 1392 278 1432 Ibid.
333 1391 494 1444 μέταξα
511 1422 524 1444 ,
545 1390 810 1444 χαρβάσιον,
838 1388 1060 1442 καμίσιον,
1091 1402 1272 1443 ασημον,
1301 1383 1531 1442 νακόπητα,

57 1444 237 1502 τάπητα]
267 1447 471 1488 moderna
500 1448 707 1488 vocabula
737 1454 855 1498 sunt,
895 1461 1079 1502 quorum
1121 1453 1264 1486 nostra
1291 1445 1344 1485 ad
1375 1444 1532 1486 Cedre-

63 1519 163 1544 num
194 1505 295 1546 edit.
324 1505 477 1560 Reg‘me
508 1505 711 1560 expositio
741 1510 816 1544 est.

174 1578 283 1620 Ibid.
319 1576 384 1619 19.
453 1573 678 1632 ἐμβόλους]
716 1575 996 1624 παπυλεῶιας
1041 1574 1302 1630 exposuimus
1331 1574 1534 1628 superius,

59 1636 222 1689 tuguria
248 1650 306 1675 ex
341 1635 539 1674 asseribus
568 1643 810 1698 compacta.-
852 1632 1062 1684 ἐμβόλους
1092 1633 1283 1696 porticus
1321 1631 1535 1682 militares,

58 1691 321 1734 cortinarum
364 1697 407 1731 et
439 1691 725 1732 tentoriorum
769 1689 903 1730 aditus
933 1689 987 1730 ad
1016 1704 1059 1730 se
1090 1688 1267 1729 invicem
1290 1687 1536 1732 habentium

58 1747 253 1788 ordinem
284 1748 563 1802 interpretor.

169 1818 267 1872 496,
295 1819 337 1862 3.
395 1818 667 1875 διαιταρίων]
697 1832 846 1859 munus
879 1817 1037 1859 habent
1065 1824 1190 1859 notae
1220 1817 1276 1859 ad
1302 1816 1507 1873 pag.122.

170 1899 280 1940 Ihid.
322 1895 387 1941 14.
453 1898 791 1954 ποντογέφυραν]
831 1898 991 1952 optime
1031 1898 1236 1939 Meus-sius
1276 1905 1443 1961 pontem
1479 1911 1538 1937 ex

52 1956 298 2012 portionibus
327 1957 544 2021 exposuit,
574 1963 616 1996 et
660 1969 709 1995 ex
737 1955 917 2011 Rigaltio
948 1954 1212 2009 deprompsit
1238 1954 1534 1995 auctoritates:

62 2028 111 2054 ex
144 2012 321 2067 quibus,
351 2013 449 2067 quia
487 2018 697 2067 pontones
729 1988 815 2052 ade
822 2012 1000 2052 invicem
1029 2012 1198 2052 funibus
1230 2010 1446 2064 colligatos
1471 2008 1535 2048 vi-

62 2068 172 2119 deo,
204 2070 536 2123 ποντογέφυραν,
568 2076 611 2109 et
641 2083 770 2136 quam
799 2068 851 2109 ad
886 2083 1040 2108 annum
1054 2068 1236 2110 Heraclii
1254 2066 1304 2107 15
1331 2081 1424 2121 pag.
1452 2064 1536 2106 262

57 2131 183 2166 vocat
226 2132 380 2166 auctor
419 2126 613 2180 γέφυραν
660 2124 708 2165 ἐκ
746 2125 969 2178 σχοινίων,
1011 2140 1094 2181 pro
1146 2124 1295 2166 eodem
1336 2122 1534 2178 usurpari

60 2181 258 2225 coniicio.

168 2258 270 2312 497,
312 2258 352 2300 7.
423 2259 494 2300 ἳνα
532 2255 608 2299 τὸν
648 2259 937 2312 Σαρβαραζᾶν
977 2257 1225 2314 α’ποκτείνῃ]
1273 2256 1390 2313 quod
1426 2256 1534 2297 falsis

58 2316 242 2358 Heraclii
280 2315 432 2357 litteris
482 2316 706 2370 deceptus,
736 2316 788 2356 de
828 2316 979 2371 quibus
1008 2315 1268 2370 Nicephorus
1298 2313 1350 2353 ad
1377 2328 1533 2353 annum

60 2372 158 2425 625,
185 2373 364 2413 Chosroi
393 2371 446 2412 ad
473 2379 656 2413 extrema
687 2348 869 2413 deducto
894 2373 1106 2427 suppetias
1138 2385 1223 2412 non
1252 2369 1429 2411 dederit.
1463 2384 1534 2411 re-

58 2428 234 2471 colenda
267 2429 463 2484 superius
493 2429 606 2469 dicta
639 2443 735 2484 pag.

170 2499 356 2570 498,13.
415 2498 683 2554 ἐκράτευσεν]
714 2498 759 2542 τὸ
787 2498 1041 2555 ἐκράτευσεν
1070 2513 1321 2554 exponerem
1347 2497 1534 2549 detinuit,

56 2554 153 2598 ἆντί
194 2558 276 2599 τοῦ
316 2557 582 2624 ἐκράτησεν,
611 2559 688 2598 nisi
730 2558 900 2614 Peyrez.
938 2557 1092 2598 codicis
1136 2555 1362 2611 probatior
1405 2554 1534 2596 lectio

56 2610 335 2669 ἐστράτευσεν
366 2617 411 2656 in
439 2616 664 2656 exercitum
694 2615 870 2669 collegit,
904 2615 1127 2655 detineret.

168 2686 276 2728 lbid.
308 2685 374 2728 16.
426 2684 635 2738 Ῥαζατᾶ]
666 2701 752 2728 uon
789 2687 979 2728 meminit
1017 2684 1213 2727 librarius
1244 2682 1356 2724 vocis
1377 2677 1533 2732 ‘Pagae

63 2753 156 2796 του,
184 2744 254 2785 cui
282 2743 441 2786 mentio
467 2758 592 2801 pagg.
624 2741 681 2785 64
710 2749 754 2785 et
779 2742 848 2784 65.
