1768 3268
223 184 316 234 126
436 186 719 230 ANASTASll
760 183 1023 227 HISTORlA
1065 173 1476 223 ECCLESIASTICA

218 319 368 346 norum
399 302 569 356 occisis,
605 307 652 342 et⁴
673 299 889 354 Ardagasti
936 297 1107 351 regione
1147 306 1355 348 perversa,
1384 290 1584 345 praedam
1613 303 1684 329 co-

217 364 375 416 piosam
406 365 572 414 captam
599 358 845 413 Byzantium
874 369 951 409 per
965 355 1228 393 Tatemcrem
1260 349 1515 388 direxerunt.
1547 361 1684 401 porro

77 442 113 476 p.
133 426 310 461 418cum
341 417 538 456 Tatemer
565 414 780 468 expeditus
813 413 892 452 iter
924 410 1074 450 faciens
1117 405 1309 447 ebrietati
1340 418 1425 444 sese
1455 410 1582 458 atque
1611 402 1687 442 tle-

216 475 317 515 liciis
344 472 550 520 traderet,
566 470 855 510 Sclavinorum
886 469 926 507 in
948 481 1041 507 eum
1069 462 1353 504 multitudines
1384 461 1578 509 irruunt3
1611 459 1684 514 qui

214 528 438 571 formidine
472 541 633 582 pressus
672 525 866 580 fugiendo
902 522 1148 578 Byzantium
1193 518 1316 559 venit.
1389 522 1451 556 ast
1494 516 1686 565 Romani,

217 587 289 642 qui
319 600 413 625 cum
434 585 523 638 ipso
552 584 728 633 fuerant,
757 580 889 622 valide
910 577 1107 619 Sclavinis
1137 575 1281 615 infensi
1300 572 1493 613 obtinent
1521 573 1688 628 glorio-

216 643 370 684 sissime
396 641 617 690 barbaros,
648 645 689 679 et
719 638 1004 692 captivitatem
1032 634 1184 674 salvam
1212 630 1459 685 imperatori
1487 644 1689 684 praesen..

218 705 320 740 tant.
382 698 454 753 qui
486 698 658 736 laetatus
687 694 896 751 gratificos
928 692 1006 732 deo
1040 689 1215 745 hymnos
1246 702 1327 727 una
1356 700 1452 726 cum
1481 692 1573 726 tota
1604 686 1686 726 ob.-

219 756 316 797 tulit
345 756 467 795 urbe.
524 752 687 792 Priscus
717 764 816 791 vero
844 748 992 788 fiducia
1030 747 1159 786 fretus
1194 743 1245 783 ad
1275 743 1496 784 interiores
1523 742 1688 783 Sclavi-

221 826 374 852 norum
404 815 541 864 partes
570 808 752 848 accessit.
810 807 932 859 Gipes
964 810 1116 853 autem,
1138 802 1203 840 vir
1221 799 1482 840 Christianae
1510 799 1690 853 religio-

225 871 297 922 nis,
327 865 598 920 transfugiens
630 865 682 903 ad
711 865 916 903 Romanos
945 867 986 900 ct
1020 860 1246 913 ingressum
1275 857 1472 898 Romanis
1503 856 1690 897 ostendit

223 931 265 965 et
291 924 491 964 barbaros
532 921 682 961 tenuit.
752 920 893 973 itaque
925 917 1095 970 Gipedis
1130 914 1376 969 proditione
1418 913 1691 953 transfretato

223 980 407 1032 flumine,
435 979 596 1018 Priscus
625 975 759 1016 media
793 981 915 1014 nocte
956 972 1114 1027 reperit
1141 970 1371 1011 Musacium
1398 969 1688 1010 barbarorum

223 1051 379 1090 regem,
409 1035 609 1075 ebrietate
637 1037 919 1086 corruptum:
966 1029 1184 1070 funebrem
1218 1027 1376 1082 quippe
1404 1026 1573 1081 proprii
1601 1026 1691 1065 fra..

223 1094 302 1135 tris
319 1092 553 1133 celebrabat
581 1089 872 1137 festivitatem3
905 1100 990 1141 quo
1018 1084 1321 1139 comprehenso
1345 1083 1443 1123 vivo
1465 1083 1633 1123 caedem
1650 1083 1692 1122 in

225 1148 412 1191 barbaris
443 1152 636 1200 operatus
667 1152 739 1196 est,
769 1145 983 1197 multaque
1012 1142 1182 1196 copiosa
1211 1139 1368 1195 praeda
1391 1146 1513 1194 capta
1546 1139 1689 1180 ebrie-

227 1205 303 1245 tati
336 1218 419 1244 sese
451 1202 639 1256 produnt
679 1208 721 1241 et
762 1199 967 1253 crapulae.
1039 1205 1082 1239 at
1119 1204 1208 1237 tum
1249 1197 1426 1237 barbari
1454 1196 1694 1240 coacervati

227 1260 453 1301 victoribus
484 1258 713 1307 imminent,
755 1257 950 1311 foretque
981 1254 1220 1295 vicissitudo
1265 1254 1486 1308 reciproca
1515 1267 1695 1307 praece..

230 1317 341 1358 denti
373 1315 568 1355 virilitate
593 1314 767 1364 saevior,
801 1312 875 1352 nisi
907 1313 1049 1353 Genzo
1077 1310 1264 1365 pedestri
1293 1311 1451 1351 virtute
1478 1311 1698 1351 Romano-

229 1388 322 1414 rum
353 1372 535 1411 insistens
565 1384 705 1425 pugna
748 1370 850 1409 forti
879 1368 1163 1422 prohibuisset
1189 1369 1369 1422 impetus
1396 1367 1700 1408 harbarorum.

21 1464 55 1497 p.
74 1449 144 1484 419
169 1448 211 1484 10
334 1443 595 1484 Duodecimo
633 1442 796 1496 imperii
824 1441 1018 1481 Mauricii
1052 1455 1186 1491 anno,
1219 1455 1315 1480 cum
1347 1440 1512 1480 Priscus
1541 1439 1697 1478 iterum

226 1501 277 1542 ad
319 1503 468 1542 istrum
510 1499 765 1555 pervenisset
807 1505 1030 1553 gentesque
1073 1497 1365 1537 Sclavinorum
1419 1495 1697 1551 depraedatus

226 1559 378 1610 fuisset,
407 1556 517 1596 baud
549 1554 755 1595 modicam
797 1561 961 1609 partem
998 1554 1248 1608 imperatori
1287 1553 1452 1594 direxit.
1510 1552 1698 1607 impera-

228 1621 298 1654 tor
327 1619 482 1663 autem,
514 1614 636 1653 misso
669 1612 720 1652 ad
748 1612 934 1652 Priscum
962 1612 1196 1665 Tatemere‚
1227 1611 1345 1651 iubet
1373 1610 1458 1650 illic
1487 1614 1580 1648 toto
1607 1608 1698 1648 hie-

228 1670 324 1710 mali
355 1676 548 1723 tempore
582 1669 835 1709 commorari
863 1669 1089 1708 Romanos.
1151 1681 1237 1723 quo
1272 1672 1496 1721 comperto
1516 1664 1699 1706 Romani

231 1726 586 1779 contradicebant,
616 1730 888 1766 asseverantes
928 1724 970 1764 id
1001 1740 1083 1765 non
1125 1738 1246 1779 posse
1277 1724 1368 1764 fieri
1408 1728 1591 1778 propter
1619 1734 1698 1763 co-

230 1783 318 1838 pias
347 1783 650 1834 barbarorum,
682 1787 723 1822 et
763 1795 842 1835 pro
876 1795 925 1821 eo
957 1781 1072 1837 quod
1101 1782 1220 1836 regio
1250 1786 1353 1820 esset
1381 1780 1457 1820 sibi
1487 1779 1584 1819 satis
1620 1777 1702 1818 ad-

227 1854 359 1879 ·versa.
379 1839 551 1903 ‘Priscus
581 1853 682 1878 vero
714 1839 847 1877 verbis
876 1839 1148 1892 persuasoriis
1180 1837 1294 1878 flexit
1320 1851 1390 1878 eos
1423 1835 1579 1877 ibidem
1607 1835 1701 1875 hie..

231 1910 346 1935 mare
378 1895 680 1949 iussionemque
702 1894 901 1948 principis
932 1909 1232 1935 consummare.

344 1951 490 1991 Tertio
522 1951 681 1991 decimo
711 1952 1082 2005 imperiiMauricii
1101 1966 1226 2005 anno,
1256 1965 1339 2006 qua
1369 1948 1566 1994 videlicet
1591 1954 1701 1988 tcm-

236 2012 393 2061 pestatc
424 2008 652 2061 Gregorius
681 2008 928 2058 Romanam,
961 2007 1472 2062 Constantinopolitanam
1502 2005 1701 2061 Cyriacus

26 2086 61 2123 p.
79 2070 150 2106 420
181 2071 277 2105 12et
304 2063 483 2104 secundo
518 2065 744 2104 Anastasius
783 2065 1083 2105 Antiochenam
1128 2065 1302 2120 regebat
1340 2063 1578 2114 ecclesiam,
1625 2076 1702 2101 na-

236 2125 410 2160 scuntur
436 2119 630 2174 prodigia
654 2121 694 2159 in
727 2121 973 2162 suburbanis
1000 2122 1202 2178 Byzantii,
1231 2135 1340 2176 puer
1370 2119 1563 2160 videlicet
1596 2133 1702 2174 qua·

237 2175 404 2231 drupes,
433 2182 475 2216 et
501 2175 605 2215 alter
634 2176 735 2216 duos
779 2178 952 2219 vertices
993 2177 1165 2219 hahens.
1236 2179 1354 2218 aiunt
1385 2171 1526 2218 autem
1554 2175 1597 2215 hi
1628 2173 1703 2229 qui

235 2231 429 2272 historias
462 2231 647 2287 diligenti
675 2233 811 2272 studio
840 2235 1054 2285 scribunt,
1084 2250 1170 2275 non
1199 2234 1425 2291 significari
1452 2234 1568 2274 hona
1598 2230 1706 2271 civi-

236 2289 392 2329 tatibus
425 2289 468 2328 in
497 2289 646 2342 quibus
675 2296 899 2330 nascuntur
939 2290 1191 2332 huiusmodi.
1266 2297 1309 2331 at
1338 2305 1440 2332 vero
1471 2290 1704 2343 imperator

236 2346 424 2385 Priscum
453 2351 653 2399 praetura
669 2346 821 2399 privat,
851 2354 892 2387 et
910 2348 1078 2387 Petrum
1109 2350 1284 2389 fratrem
1317 2362 1438 2388 suum
1460 2351 1708 2401 praetorem

237 2403 448 2466 Romanae
489 2401 588 2465 fecit
634 2401 814 2442 virtutis.
884 2403 1023 2458 itaque
1062 2405 1226 2445 Priscus
1268 2405 1438 2459 quidem
1481 2401 1708 2443 virtutibus

239 2465 440 2512 sumptis,
484 2472 727 2512 priusquam
769 2459 916 2498 Petrus
961 2462 1242 2514 pervenisset,
1273 2465 1501 2501 transmeat
1529 2472 1709 2499 amnem.

242 2513 443 2568 chaganus
477 2519 616 2554 autem
647 2514 821 2554 transitu
851 2517 1027 2556 Romani
1062 2518 1206 2558 audito
1240 2519 1444 2559 exercitus
1478 2514 1596 2556 valde
1626 2513 1710 2553 mi-

244 2576 353 2610 ratus
385 2576 458 2621 cst,
487 2576 527 2610 et
558 2570 610 2610 ad
638 2571 827 2611 Priscum
856 2573 986 2622 misit,
1034 2574 1190 2615 discere
1236 2589 1400 2615 causam
1431 2585 1648 2629 quaerens,
1670 2575 1713 2610 et

109 2645 144 2681 p.
158 2627 423 2690 421pracvdae
451 2641 615 2667 sumere
638 2634 816 2681 partem,
846 2629 986 2682 sicque
1012 2645 1171 2671 amnem
1202 2632 1413 2672 transire:
1450 2629 1569 2670 nimis
1600 2626 1713 2668 enim

244 2682 449 2722 saeviebat
477 2697 602 2736 super
630 2684 894 2724 felicitatibus
923 2686 1223 2727 Romanorum.
1254 2688 1385 2727 mittit
1415 2701 1516 2741 ergo
1544 2685 1711 2725 Priscus

245 2753 372 2802 super
397 2737 479 2778 hoc
509 2739 560 2779 ad
586 2739 816 2795 chaganum
856 2741 1032 2794 legatum
1070 2743 1359 2795 Theodorum,
1396 2743 1590 2785 videlicet
1618 2728 1728 2780 mc-¹

246 2793 384 2836 dicum
426 2797 645 2849 sagacitate
684 2811 732 2836 ac
778 2797 1046 2851 intelligentia
1087 2807 1377 2853 perornatum.
1448 2801 1524 2841 iste
1568 2797 1710 2842 videns
