1728 3184
207 171 304 218 522
708 180 763 220 IN
812 179 846 218 T
850 178 1183 222 HEOPHANEM

316 288 414 341 610,
442 289 484 331 6.
563 289 662 340 τοὺς
704 293 787 333 τῶν
826 307 1003 333 κατιιων
1043 290 1298 340 σανδάλους]
1327 288 1364 333 οἱ
1394 291 1431 332 d'
1462 292 1505 332 ἐν
1533 293 1679 340 αὐτοῖς

204 344 466 393 εἰσπὶέοντες
488 345 720 400 Αἰγύπτιοι
750 346 901 396 νυκτὸς
943 345 1041 395 τοὺς
1083 344 1351 418 ἐνεστηκότας
1380 346 1564 401 λεμβούς
1593 350 1677 390 τῶν

203 403 312 460 νηῶν
342 398 574 458 εισβάντες,
604 401 707 458 πρὸς
735 402 783 446 τὸ
816 404 1051 455 Βυζάντιον
1079 397 1191 457 ἧκον.

314 476 424 517 Ibi-d
436 475 477 516 8.
534 473 617 517 α’πὸ
645 478 718 531 τῆς
738 475 931 529 Ἱεοειάς]
964 478 1184 519 cstH1er1a
1212 478 1412 531 palatium
1446 492 1571 531 supra
1593 478 1682 522 CP..

203 531 255 572 de
280 547 366 596 quo
399 532 657 602 Nicephorus
702 534 742 574 in
773 535 981 575 Heraclio.
1051 548 1121 574 και
1153 532 1345 586 ηὐλίζετο
1373 534 1420 575 ἐν
1447 535 1505 590 τιὸ
1535 536 1673 574 παλα-

200 586 274 627 τίω
302 586 361 645 τῷ
389 588 632 655 καλουμένῳ
659 590 733 643 τῆς
755 586 936 642 ζ’·Ι.εριας
993 591 1038 631 in
1062 590 1373 655 palat10,quod
1395 591 1548 630 dicitur
1567 590 1673 629 Hie..

199 628 289 684 ride
320 646 478 686 mansit.
537 646 577 685 in
611 647 716 687 urbe
748 661 849 686 vero
882 661 964 686 non
998 647 1174 687 extitisse
1205 646 1255 686 ad
1279 647 1457 687 eundem
1489 647 1669 700 impera·

201 706 362 752 torem,
395 708 443 741 ut
482 703 628 743 urbem
669 703 964 757 ingredeletur
1006 719 1026 742 a
1058 704 1215 743 civibus
1258 703 1334 743 del
1326 709 1417 744 itae
1460 701 1675 744 decimant

201 770 359 811 preces.
416 758 490 799 ubi
520 759 762 814 reperiatur
792 760 1034 813 exponimus
1062 759 1114 799 ad
1143 775 1296 800 annum
1318 759 1580 815 Copronymi
1603 759 1670 799 25.

198 820 258 854 cst
290 830 460 870 quoque
480 812 641 868 Ἱερεία
686 816 926 870 Propontis,
970 822 1011 856 et
1042 816 1284 871 Bosphorus
1314 817 1531 867 Thracius,
1562 816 1673 855 eius-

199 886 291 941 que
308 871 483 911 maxime
513 871 665 911 ostium
694 879 820 929 atque
836 873 974 913 fauces
991 872 1262 912 adEuxiuum
1278 874 1488 913 Pontum·
1521 887 1674 937 quarn-

197 927 256 967 vis
279 925 421 980 Ἷερὸν
454 929 713 983 siequentius
745 935 786 969 et
811 929 936 983 magis
970 929 1146 983 proprie
1177 930 1388 970 sciibatur
1413 930 1588 984 sparsim
1632 944 1671 967 in

197 984 279 1024 hoc
300 999 452 1037 opere.
512 986 601 1038 lego
636 986 806 1040 insuper
835 960 983 1038 Ἱεράν
1011 985 1271 1039 καλουμένην
1299 985 1426 1052 νῆσον
1451 985 1568 1053 apud
1597 986 1674 1026 Ni·-

197 1041 429 1095 cephorum
469 1041 662 1082 editionis
703 1042 857 1096 Regiae
883 1057 977 1098 pag.
1006 1040 1089 1094 37,
1121 1041 1348 1099 eademque
1377 1039 1423 1084 τό
1451 1037 1589 1096 Ἱερὸν
1621 1040 1674 1081 ad

196 1098 484 1153 Propontidos
517 1099 654 1138 fauces
683 1098 814 1139 audit.

305 1169 517 1212 Ibid.16.
589 1168 672 1211 α’πό
706 1171 888 1222 Πυὶῶν]
943 1172 1062 1228 Pylas
1102 1173 1195 1214 istas
1240 1187 1288 1213 ex
1317 1169 1489 1214 adverso
1519 1171 1598 1213 ΟΡ.
1631 1171 1673 1212 in

194 1227 287 1273 Asia
315 1242 400 1268 esse
430 1235 648 1270 contextus
678 1229 862 1270 auctoris
890 1230 1047 1285 arguit.

305 1301 416 1343 Ibid.
443 1301 510 1342 20.
567 1300 940 1354 κλασματίζοντες]
970 1304 1217 1354 Anastasius,
1236 1303 1371 1343 multis
1385 1301 1549 1342 damms
1577 1299 1675 1355 affi-

192 1357 356 1400 cientes.
387 1359 599 1400 Cedrenus
619 1359 939 1416 periphrastice,
969 1375 1039 1400 και
1061 1355 1194 1400 ποὶυν
1222 1354 1354 1414 φόνον
1370 1358 1472 1399 καθ’
1497 1352 1674 1410 ἑκάστην

193 1415 418 1463 ποιοῦντες.

304 1488 400 1538 611,
430 1488 469 1530 9.
527 1489 757 1545 ἐνέσκηψεν
785 1489 847 1537 εἷς
890 1486 1046 1540 αὕτούς
1077 1487 1151 1530 καί
1192 1485 1358 1542 λοιμική
1389 1485 1528 1541 νόσος]
1563 1488 1673 1528 luem

195 1546 306 1586 ill-un
350 1546 434 1586 CP.
489 1545 753 1601 ingruentem
794 1547 1014 1588 hominum
1063 1552 1251 1587 trecenta
1294 1545 1420 1586 millia
1467 1545 1674 1585 sustulisse

196 1604 344 1643 Paulus
376 1602 510 1643 diaco.
543 1603 595 1644 de
622 1605 742 1658 gestis
771 1603 1158 1669 Longobaulorum
1181 1604 1249 1645 lib.
1273 1601 1299 1642 ὃ
1332 1617 1422 1657 cap.
1441 1601 1494 1642 47
1529 1602 1673 1641 refert.

196 1660 331 1701 hostes
358 1674 461 1700 vero
502 1659 703 1701 duntaxat
730 1661 938 1703 infestasse
977 1660 1162 1702 auctoris
1194 1660 1321 1701 verba
1345 1659 1446 1699 mihi
1479 1657 1677 1698 videntur

196 1731 480 1758 commonere.
1166 1726 1178 1733 ‘

307 1791 414 1830 Ibid.
450 1788 513 1830 10.
582 1790 751 1845 συνῆψε
795 1790 843 1832 δὲ
883 1789 993 1844 πρὸς
1032 1787 1164 1830 αυ’τὸν
1207 1787 1409 1842 πόλεμον]
1443 1788 1678 1829 Saracenos

178 1845 240 1886 ⁴iu
267 1847 470 1901 Bulgaros
498 1846 683 1888 insiliisse
712 1847 1060 1888 commentarium
1095 1845 1145 1886 de
1175 1860 1241 1885 sex
1274 1845 1477 1885 aetatibus
1509 1844 1677 1883 clausu—

198 1918 268 1944 rus
298 1904 410 1944 Beda
441 1903 691 1958 conscripsit
719 1904 780 1943 his
798 1903 953 1944 verbis.
994 1903 1219 1942 “Saiaceni
1245 1917 1341 1942 cum
1373 1900 1572 1941 immenso
1604 1915 1677 1940 ex-

201 1960 336 2001 ercitu
367 1961 446 2000 CP.
478 1961 688 2001 venientes
726 1960 912 2001 triennio
958 1959 1170 1999 civitatem
1201 1958 1417 1999 obsident:
1450 1957 1583 1998 donec
1612 1957 1676 1996 ci..

197 2017 318 2057 vibus
346 2017 473 2057 multa
503 2016 697 2057 instantia
728 2017 780 2056 ad
827 2015 951 2057 deum
981 2016 1280 2063 clamantibus,
1322 2014 1493 2069 plurimi
1528 2028 1678 2054 eorum

199 2073 328 2125 fame,
361 2074 550 2127 frigore,
580 2073 790 2128 perirent·
836 2088 883 2113 ac
915 2073 973 2112 sic
1014 2073 1196 2127 pertaesi
1219 2070 1445 2113 obsidionis
1478 2070 1675 2110 abscede-

201 2135 307 2171 rent.
349 2131 421 2185 qui
458 2130 554 2171 inde
583 2131 771 2184 regressi,
802 2130 1081 2185 Bulgarolum
1113 2135 1291 2184 gentem,
1323 2142 1428 2183 quae
1456 2133 1516 2167 cst
1546 2141 1674 2181 super

199 2187 454 2237 Danubium,
486 2187 598 2228 bello
630 2186 944 2242 aggrediuntur,
976 2194 1017 2227 et
1049 2187 1104 2226 oh
1135 2186 1236 2227 baec
1265 2198 1437 2241 quoque
1468 2184 1578 2223 bello
1611 2184 1680 2222 vi-

203 2244 259 2283 cti
286 2244 510 2299 msughmt,
542 2258 590 2284 ac
616 2258 738 2284 naves
762 2250 960 2298 repetunt
989 2258 1092 2284 suas.
1151 2243 1301 2298 quibus
1332 2256 1426 2282 cum
1457 2240 1585 2279 altum
1603 2255 1679 2294 pe-

202 2308 243 2340 ti
249 2306 364 2350 rent
395 2302 618 2355 ingruente
653 2300 836 2355 plurima
879 2306 1151 2354 tempestate,
1180 2299 1365 2374 plurimi
1382 2298 1508 2338 etiam
1535 2296 1679 2337 mersis

202 2358 286 2398 sive
317 2357 542 2398 confractis
571 2372 651 2412 pei
686 2357 830 2397 littora
863 2358 1035 2398 navibus
1066 2364 1162 2398 sunt
1192 2356 1365 2396 necatif’

314 2438 604 2483 Ibid.14.6
635 2438 737 2490 θεὸς
766 2456 835 2482 και
863 2439 1048 2494 παναγία
1079 2439 1305 2493 παρθένος]
1337 2439 1415 2478 CP.
1446 2438 1596 2478 urbem
1626 2437 1677 2477 B.

205 2498 375 2552 virginis
414 2513 541 2540 cuiae
584 2498 871 2549 commissam,
916 2504 958 2538 et
982 2498 1066 2538 eius
1101 2496 1257 2538 nomini
1289 2496 1469 2536 dicatam
1500 2499 1680 2534 testatur

205 2557 423 2595 Menaeum
454 2555 520 2596 die
546 2555 593 2596 11
616 2555 729 2596 Maii.
785 2569 863 2608 τνν
892 2551 1126 2620 ἀνάμνησιν
1157 2551 1451 2604 πνευματικῶς
1480 2549 1683 2602 τελουμεν

206 2611 285 2651 τοῦ
311 2613 531 2664 γενεθλίου
571 2607 729 2665 ταύτης
772 2611 845 2663 τῆς
883 2607 1180 2678 θεοφυλάκτου
1222 2609 1295 2649 καί
1340 2605 1558 2660 βασιλίδος
1597 2604 1682 2646 τῶν

206 2663 385 2734 πόλεων,
409 2669 484 2719 τῆς
515 2684 594 2710 κατ
634 2667 851 2720 ἐξαίρετον
875 2665 1148 2719 ἀνακειμένης
1177 2666 1227 2721 τῇ
1257 2661 1452 2734 δεσποίνῃ
1482 2661 1602 2716 ἡμων
1629 2661 1684 2717 τῇ

206 2720 306 2779 ἁγία
336 2723 547 2782 θεοτόκω,
586 2723 660 2765 καὶ
697 2722 770 2764 vn'
797 2722 937 2789 αι’τῆς.
969 2720 1199 2770 διαπαντὸς
1225 2707 1480 2774 σωζομένῆς.
1535 2719 1683 2759 natalis

206 2795 234 2820 a
253 2781 329 2823 deo
343 2765 564 2823 custoditae
594 2791 631 2823 et
664 2784 820 2824 urbium
851 2782 1014 2834 reginae
1031 2780 1142 2821 urbis
1168 2779 1363 2820 dominae
1392 2787 1556 2819 nostrae
1584 2790 1680 2816 san·
