<?xml version="1.0" encoding="UTF-8"?>
<!DOCTYPE html PUBLIC "-//W3C//DTD XHTML 1.0 Transitional//EN"
    "http://www.w3.org/TR/xhtml1/DTD/xhtml1-transitional.dtd">
<html xmlns="http://www.w3.org/1999/xhtml" xml:lang="en" lang="en">
 <head>
  <title>
</title>
<meta http-equiv="Content-Type" content="text/html;charset=utf-8" />
  <meta name='ocr-system' content='tesseract 3.04.00' />
  <meta name='ocr-capabilities' content='ocr_page ocr_carea ocr_par ocr_line ocrx_word'/>
</head>
<body>
  <div class='ocr_page' id='page_1' title='image "./corpusscriptorum47niebuoft_0651.png"; bbox 0 0 1728 3184; ppageno 0'>
   <div class='ocr_carea' id='block_1_1' title="bbox 483 147 1486 217">
    <p class='ocr_par' dir='ltr' id='par_1_1' title="bbox 483 147 1486 217">
     <span class='ocr_line' id='line_1_1' title="bbox 483 147 1486 217; baseline 0.014 -15"><span class='ocrx_word' id='word_1_1' title='bbox 483 147 668 204; x_wconf 75' lang='lat' dir='ltr'><strong>NOTAE</strong></span> <span class='ocrx_word' id='word_1_2' title='bbox 694 163 1076 212; x_wconf 79' lang='lat' dir='ltr'>POSTEmoREs.</span> <span class='ocrx_word' id='word_1_3' title='bbox 1394 166 1486 217; x_wconf 70' lang='lat'>641</span> 
     </span>
    </p>
   </div>
   <div class='ocr_carea' id='block_1_2' title="bbox 39 269 1495 611">
    <p class='ocr_par' dir='ltr' id='par_1_2' title="bbox 39 269 1495 611">
     <span class='ocr_line' id='line_1_2' title="bbox 151 269 1493 341; baseline 0.01 -26"><span class='ocrx_word' id='word_1_4' title='bbox 151 269 248 326; x_wconf 74' lang='grc'><strong>644,</strong></span> <span class='ocrx_word' id='word_1_5' title='bbox 280 272 345 316; x_wconf 86' lang='grc'>16.</span> <span class='ocrx_word' id='word_1_6' title='bbox 365 331 374 341; x_wconf 46' lang='grc'>·</span> <span class='ocrx_word' id='word_1_7' title='bbox 404 281 554 329; x_wconf 77' lang='grc' dir='ltr'>κρατεῖ</span> <span class='ocrx_word' id='word_1_8' title='bbox 577 278 650 330; x_wconf 76' lang='grc' dir='ltr'>τῆς</span> <span class='ocrx_word' id='word_1_9' title='bbox 667 277 802 331; x_wconf 82' lang='grc' dir='ltr'>α’ρχῆς</span> <span class='ocrx_word' id='word_1_10' title='bbox 825 278 942 331; x_wconf 74' lang='grc' dir='ltr'>Ἰζίὸ]</span> <span class='ocrx_word' id='word_1_11' title='bbox 963 285 1175 340; x_wconf 83' lang='lat' dir='ltr'>imperium</span> <span class='ocrx_word' id='word_1_12' title='bbox 1204 288 1374 341; x_wconf 80' lang='lat' dir='ltr'><em>capessit</em></span> <span class='ocrx_word' id='word_1_13' title='bbox 1398 288 1493 329; x_wconf 81' lang='lat' dir='ltr'>Isid</span> 
     </span>
     <span class='ocr_line' id='line_1_3' title="bbox 39 332 1493 396; baseline 0.008 -25"><span class='ocrx_word' id='word_1_14' title='bbox 39 339 295 386; x_wconf 76' lang='lat' dir='ltr'>cognomento</span> <span class='ocrx_word' id='word_1_15' title='bbox 320 332 483 386; x_wconf 75' lang='lat' dir='ltr'>szsus.</span> <span class='ocrx_word' id='word_1_16' title='bbox 557 348 641 374; x_wconf 88' lang='lat' dir='ltr'>non</span> <span class='ocrx_word' id='word_1_17' title='bbox 679 335 786 376; x_wconf 86' lang='lat' dir='ltr'>bene</span> <span class='ocrx_word' id='word_1_18' title='bbox 831 337 1007 392; x_wconf 75' lang='lat' dir='ltr'><strong>interpr.</strong></span> <span class='ocrx_word' id='word_1_19' title='bbox 1041 340 1250 396; x_wconf 81' lang='lat' dir='ltr'>Cuifilius</span> <span class='ocrx_word' id='word_1_20' title='bbox 1281 342 1378 383; x_wconf 83' lang='lat' dir='ltr'>Izid</span> <span class='ocrx_word' id='word_1_21' title='bbox 1401 358 1493 384; x_wconf 81' lang='lat' dir='ltr'>suc.-</span> 
     </span>
     <span class='ocr_line' id='line_1_4' title="bbox 40 387 1494 451; baseline 0.009 -25"><span class='ocrx_word' id='word_1_22' title='bbox 40 389 178 427; x_wconf 78' lang='lat' dir='ltr'>cessit.-</span> <span class='ocrx_word' id='word_1_23' title='bbox 207 387 302 427; x_wconf 81' lang='lat' dir='ltr'>satis</span> <span class='ocrx_word' id='word_1_24' title='bbox 333 388 443 427; x_wconf 88' lang='lat' dir='ltr'>enim</span> <span class='ocrx_word' id='word_1_25' title='bbox 470 390 684 444; x_wconf 83' lang='lat' dir='ltr'><strong>sequentia</strong></span> <span class='ocrx_word' id='word_1_26' title='bbox 715 390 900 431; x_wconf 81' lang='lat' dir='ltr'>indicant</span> <span class='ocrx_word' id='word_1_27' title='bbox 931 408 1014 433; x_wconf 90' lang='lat' dir='ltr'>non</span> <span class='ocrx_word' id='word_1_28' title='bbox 1043 396 1162 436; x_wconf 79' lang='lat' dir='ltr'>fuisse</span> <span class='ocrx_word' id='word_1_29' title='bbox 1188 397 1323 438; x_wconf 81' lang='lat' dir='ltr'>validi</span> <span class='ocrx_word' id='word_1_30' title='bbox 1351 399 1494 451; x_wconf 83' lang='lat' dir='ltr'>filium,</span> 
     </span>
     <span class='ocr_line' id='line_1_5' title="bbox 42 443 1492 506; baseline 0.009 -24"><span class='ocrx_word' id='word_1_31' title='bbox 42 444 366 483; x_wconf 77' lang='lat' dir='ltr'>cumMarovam</span> <span class='ocrx_word' id='word_1_32' title='bbox 382 443 485 485; x_wconf 85' lang='lat' dir='ltr'>illius</span> <span class='ocrx_word' id='word_1_33' title='bbox 517 460 559 486; x_wconf 89' lang='lat' dir='ltr'>se</span> <span class='ocrx_word' id='word_1_34' title='bbox 586 446 678 485; x_wconf 84' lang='lat' dir='ltr'>filiis</span> <span class='ocrx_word' id='word_1_35' title='bbox 706 461 879 501; x_wconf 80' lang='lat' dir='ltr'>regnum</span> <span class='ocrx_word' id='word_1_36' title='bbox 910 457 1159 491; x_wconf 80' lang='lat' dir='ltr'><strong>asserturum</strong></span> <span class='ocrx_word' id='word_1_37' title='bbox 1185 459 1421 506; x_wconf 84' lang='lat' dir='ltr'>praetexens</span> <span class='ocrx_word' id='word_1_38' title='bbox 1449 455 1492 497; x_wconf 87' lang='lat' dir='ltr'>in</span> 
     </span>
     <span class='ocr_line' id='line_1_6' title="bbox 41 499 1495 565; baseline 0.006 -25"><span class='ocrx_word' id='word_1_39' title='bbox 41 513 141 540; x_wconf 82' lang='lat' dir='ltr'>eum</span> <span class='ocrx_word' id='word_1_40' title='bbox 168 499 345 554; x_wconf 79' lang='lat' dir='ltr'>movisse</span> <span class='ocrx_word' id='word_1_41' title='bbox 374 500 658 552; x_wconf 80' lang='lat' dir='ltr'><strong>describatur,</strong></span> <span class='ocrx_word' id='word_1_42' title='bbox 689 503 858 557; x_wconf 85' lang='lat' dir='ltr'>eiusque</span> <span class='ocrx_word' id='word_1_43' title='bbox 897 506 1069 545; x_wconf 82' lang='lat' dir='ltr'>subinde</span> <span class='ocrx_word' id='word_1_44' title='bbox 1096 508 1280 560; x_wconf 82' lang='lat' dir='ltr'>fratrem,</span> <span class='ocrx_word' id='word_1_45' title='bbox 1308 524 1430 565; x_wconf 84' lang='lat' dir='ltr'>quem</span> <span class='ocrx_word' id='word_1_46' title='bbox 1453 516 1495 551; x_wconf 86' lang='lat' dir='ltr'>et</span> 
     </span>
     <span class='ocr_line' id='line_1_7' title="bbox 39 554 1067 611; baseline 0.005 -16"><span class='ocrx_word' id='word_1_47' title='bbox 39 554 235 597; x_wconf 75' lang='lat' dir='ltr'>sustulit:</span> <span class='ocrx_word' id='word_1_48' title='bbox 269 556 463 611; x_wconf 84' lang='lat' dir='ltr'>ipsosque</span> <span class='ocrx_word' id='word_1_49' title='bbox 484 559 752 611; x_wconf 83' lang='lat' dir='ltr'>postmodum</span> <span class='ocrx_word' id='word_1_50' title='bbox 782 560 886 600; x_wconf 79' lang='lat' dir='ltr'>filios</span> <span class='ocrx_word' id='word_1_51' title='bbox 915 560 1067 602; x_wconf 73' lang='lat' dir='ltr'>validi.</span> 
     </span>
    </p>
   </div>
   <div class='ocr_carea' id='block_1_3' title="bbox 155 630 717 687">
    <p class='ocr_par' dir='ltr' id='par_1_3' title="bbox 155 630 717 687">
     <span class='ocr_line' id='line_1_8' title="bbox 155 630 717 687; baseline -0.004 -11"><span class='ocrx_word' id='word_1_52' title='bbox 155 630 252 687; x_wconf 81' lang='grc'><strong>645,</strong></span> <span class='ocrx_word' id='word_1_53' title='bbox 281 634 324 675; x_wconf 76' lang='lat'>2.</span> <span class='ocrx_word' id='word_1_54' title='bbox 357 630 528 687; x_wconf 73' lang='grc' dir='ltr'>θνήσκει</span> <span class='ocrx_word' id='word_1_55' title='bbox 558 630 579 674; x_wconf 84' lang='grc' dir='ltr'>ὅ</span> <span class='ocrx_word' id='word_1_56' title='bbox 604 633 717 686; x_wconf 75' lang='grc' dir='ltr'><strong><em>’[ζίδ.</em></strong></span> 
     </span>
    </p>
   </div>
   <div class='ocr_carea' id='block_1_4' title="bbox 44 702 1496 877">
    <p class='ocr_par' dir='ltr' id='par_1_4' title="bbox 44 702 1496 877">
     <span class='ocr_line' id='line_1_9' title="bbox 87 702 1495 764; baseline 0.004 -16"><span class='ocrx_word' id='word_1_57' title='bbox 87 723 90 730; x_wconf 62' lang='lat'>*</span> <span class='ocrx_word' id='word_1_58' title='bbox 153 707 262 750; x_wconf 84' lang='lat' dir='ltr'><em>Ibid.</em></span> <span class='ocrx_word' id='word_1_59' title='bbox 291 706 331 748; x_wconf 80' lang='lat'>8.</span> <span class='ocrx_word' id='word_1_60' title='bbox 387 714 484 761; x_wconf 88' lang='lat' dir='ltr'>post</span> <span class='ocrx_word' id='word_1_61' title='bbox 502 707 752 760; x_wconf 75' lang='grc' dir='ltr'>Σουλεϊμοὶν,</span> <span class='ocrx_word' id='word_1_62' title='bbox 784 710 854 749; x_wconf 82' lang='lat' dir='ltr'>ubi</span> <span class='ocrx_word' id='word_1_63' title='bbox 872 710 1069 750; x_wconf 86' lang='lat' dir='ltr'>mendose</span> <span class='ocrx_word' id='word_1_64' title='bbox 1098 702 1294 764; x_wconf 72' lang='grc' dir='ltr'>θνήσκει,</span> <span class='ocrx_word' id='word_1_65' title='bbox 1321 719 1367 752; x_wconf 88' lang='lat' dir='ltr'>ut</span> <span class='ocrx_word' id='word_1_66' title='bbox 1394 714 1495 753; x_wconf 85' lang='lat' dir='ltr'>dan-</span> 
     </span>
     <span class='ocr_line' id='line_1_10' title="bbox 44 763 1496 820; baseline 0.003 -17"><span class='ocrx_word' id='word_1_67' title='bbox 44 764 144 803; x_wconf 86' lang='lat' dir='ltr'>dum</span> <span class='ocrx_word' id='word_1_68' title='bbox 175 763 332 818; x_wconf 83' lang='lat' dir='ltr'>aliquid</span> <span class='ocrx_word' id='word_1_69' title='bbox 354 765 643 815; x_wconf 82' lang='lat' dir='ltr'>coniecturae,</span> <span class='ocrx_word' id='word_1_70' title='bbox 671 766 801 818; x_wconf 78' lang='lat' dir='ltr'>legam</span> <span class='ocrx_word' id='word_1_71' title='bbox 824 781 915 819; x_wconf 76' lang='lat' dir='ltr'>ego,</span> <span class='ocrx_word' id='word_1_72' title='bbox 946 765 1142 820; x_wconf 72' lang='grc' dir='ltr'>φθάσας;</span> <span class='ocrx_word' id='word_1_73' title='bbox 1175 783 1249 808; x_wconf 91' lang='lat' dir='ltr'>nec</span> <span class='ocrx_word' id='word_1_74' title='bbox 1282 769 1391 809; x_wconf 80' lang='lat' dir='ltr'>aliud</span> <span class='ocrx_word' id='word_1_75' title='bbox 1420 786 1496 810; x_wconf 81' lang='lat' dir='ltr'>au-</span> 
     </span>
     <span class='ocr_line' id='line_1_11' title="bbox 44 820 1182 877; baseline 0.004 -18"><span class='ocrx_word' id='word_1_76' title='bbox 44 827 141 860; x_wconf 80' lang='lat' dir='ltr'>etor</span> <span class='ocrx_word' id='word_1_77' title='bbox 172 820 401 874; x_wconf 84' lang='lat' dir='ltr'>scripserit,</span> <span class='ocrx_word' id='word_1_78' title='bbox 430 834 524 860; x_wconf 86' lang='lat' dir='ltr'>cum</span> <span class='ocrx_word' id='word_1_79' title='bbox 553 824 726 860; x_wconf 79' lang='lat' dir='ltr'>venisset</span> <span class='ocrx_word' id='word_1_80' title='bbox 755 823 817 861; x_wconf 82' lang='lat' dir='ltr'>ad</span> <span class='ocrx_word' id='word_1_81' title='bbox 826 822 1013 877; x_wconf 82' lang='lat' dir='ltr'><em>fluvium</em></span> <span class='ocrx_word' id='word_1_82' title='bbox 1031 823 1182 863; x_wconf 81' lang='lat' dir='ltr'>Litam.</span> 
     </span>
    </p>
   </div>
   <div class='ocr_carea' id='block_1_5' title="bbox 86 892 865 1028">
    <p class='ocr_par' dir='ltr' id='par_1_5' title="bbox 86 892 865 1028">
     <span class='ocr_line' id='line_1_12' title="bbox 86 892 853 953; baseline 0.004 -15"><span class='ocrx_word' id='word_1_83' title='bbox 86 924 89 933; x_wconf 84' lang='lat'>‚</span> <span class='ocrx_word' id='word_1_84' title='bbox 155 894 253 950; x_wconf 73' lang='lat'><strong>646,</strong></span> <span class='ocrx_word' id='word_1_85' title='bbox 286 897 351 943; x_wconf 81' lang='lat'>14.</span> <span class='ocrx_word' id='word_1_86' title='bbox 409 897 453 938; x_wconf 79' lang='grc' dir='ltr'>ἐν</span> <span class='ocrx_word' id='word_1_87' title='bbox 480 892 541 945; x_wconf 83' lang='grc' dir='ltr'>οἷς</span> <span class='ocrx_word' id='word_1_88' title='bbox 570 895 591 938; x_wconf 80' lang='grc' dir='ltr'><strong><em>ὅ</em></strong></span> <span class='ocrx_word' id='word_1_89' title='bbox 617 898 853 953; x_wconf 75' lang='grc' dir='ltr'>ῘΙΙονούτης.</span> 
     </span>
     <span class='ocr_line' id='line_1_13' title="bbox 154 962 865 1028; baseline 0.003 -22"><span class='ocrx_word' id='word_1_90' title='bbox 154 964 266 1006; x_wconf 80' lang='lat' dir='ltr'><strong><em>Ibid.</em></strong></span> <span class='ocrx_word' id='word_1_91' title='bbox 291 963 356 1005; x_wconf 86' lang='lat'>16.</span> <span class='ocrx_word' id='word_1_92' title='bbox 414 962 583 1014; x_wconf 77' lang='grc' dir='ltr'>αὐτούς.</span> <span class='ocrx_word' id='word_1_93' title='bbox 617 965 775 1028; x_wconf 80' lang='grc' dir='ltr'>ἐγένετο</span> <span class='ocrx_word' id='word_1_94' title='bbox 807 968 865 1010; x_wconf 79' lang='grc' dir='ltr'>δέ.</span> 
     </span>
    </p>
   </div>
   <div class='ocr_carea' id='block_1_6' title="bbox 41 1035 1504 1653">
    <p class='ocr_par' dir='ltr' id='par_1_6' title="bbox 41 1035 1504 1653">
     <span class='ocr_line' id='line_1_14' title="bbox 155 1035 1497 1092; baseline 0.001 -13"><span class='ocrx_word' id='word_1_95' title='bbox 155 1036 253 1086; x_wconf 83' lang='grc'><strong>647,</strong></span> <span class='ocrx_word' id='word_1_96' title='bbox 287 1038 350 1085; x_wconf 61' lang='grc'>5.,</span> <span class='ocrx_word' id='word_1_97' title='bbox 394 1035 710 1090; x_wconf 75' lang='grc' dir='ltr'><strong><em>περιεβάλοντο]</em></strong></span> <span class='ocrx_word' id='word_1_98' title='bbox 756 1039 975 1091; x_wconf 86' lang='lat' dir='ltr'>ultimum,</span> <span class='ocrx_word' id='word_1_99' title='bbox 1019 1038 1091 1080; x_wconf 78' lang='grc' dir='ltr'>καί</span> <span class='ocrx_word' id='word_1_100' title='bbox 1128 1040 1368 1092; x_wconf 76' lang='grc' dir='ltr'><strong><em>γυναικείαν</em></strong></span> <span class='ocrx_word' id='word_1_101' title='bbox 1395 1055 1497 1082; x_wconf 79' lang='grc' dir='ltr'>στο-</span> 
     </span>
     <span class='ocr_line' id='line_1_15' title="bbox 44 1091 1499 1151; baseline 0.001 -15"><span class='ocrx_word' id='word_1_102' title='bbox 44 1091 136 1148; x_wconf 80' lang='grc' dir='ltr'>λήν,</span> <span class='ocrx_word' id='word_1_103' title='bbox 163 1095 269 1150; x_wconf 72' lang='lat' dir='ltr'>male</span> <span class='ocrx_word' id='word_1_104' title='bbox 318 1095 544 1149; x_wconf 85' lang='lat' dir='ltr'>repetitum</span> <span class='ocrx_word' id='word_1_105' title='bbox 589 1110 634 1135; x_wconf 82' lang='lat' dir='ltr'>ex</span> <span class='ocrx_word' id='word_1_106' title='bbox 675 1097 773 1149; x_wconf 77' lang='lat' dir='ltr'>Reg.</span> <span class='ocrx_word' id='word_1_107' title='bbox 817 1111 899 1135; x_wconf 93' lang='lat' dir='ltr'>non</span> <span class='ocrx_word' id='word_1_108' title='bbox 943 1095 1068 1136; x_wconf 80' lang='lat' dir='ltr'>habet</span> <span class='ocrx_word' id='word_1_109' title='bbox 1098 1097 1218 1151; x_wconf 77' lang='lat' dir='ltr'>Peyr.</span> <span class='ocrx_word' id='word_1_110' title='bbox 1290 1099 1374 1137; x_wconf 82' lang='lat' dir='ltr'>cius</span> <span class='ocrx_word' id='word_1_111' title='bbox 1407 1098 1499 1138; x_wconf 80' lang='lat' dir='ltr'>loco</span> 
     </span>
     <span class='ocr_line' id='line_1_16' title="bbox 43 1150 1502 1201; baseline -0.001 -9"><span class='ocrx_word' id='word_1_112' title='bbox 43 1155 183 1195; x_wconf 82' lang='lat' dir='ltr'>Anast.</span> <span class='ocrx_word' id='word_1_113' title='bbox 216 1150 368 1201; x_wconf 79' lang='lat' dir='ltr'><strong>reddit,</strong></span> <span class='ocrx_word' id='word_1_114' title='bbox 396 1151 595 1190; x_wconf 77' lang='lat' dir='ltr'>cilicinum</span> <span class='ocrx_word' id='word_1_115' title='bbox 625 1154 920 1200; x_wconf 77' lang='lat' dir='ltr'>vestimentum3</span> <span class='ocrx_word' id='word_1_116' title='bbox 963 1159 1009 1191; x_wconf 87' lang='lat' dir='ltr'>ut</span> <span class='ocrx_word' id='word_1_117' title='bbox 1036 1166 1114 1191; x_wconf 86' lang='lat' dir='ltr'>vox</span> <span class='ocrx_word' id='word_1_118' title='bbox 1146 1153 1222 1192; x_wconf 80' lang='lat' dir='ltr'>alia</span> <span class='ocrx_word' id='word_1_119' title='bbox 1252 1154 1319 1193; x_wconf 77' lang='lat' dir='ltr'>alii</span> <span class='ocrx_word' id='word_1_120' title='bbox 1352 1155 1502 1194; x_wconf 80' lang='lat' dir='ltr'>substi-</span> 
     </span>
     <span class='ocr_line' id='line_1_17' title="bbox 46 1203 1503 1264; baseline -0.001 -16"><span class='ocrx_word' id='word_1_121' title='bbox 46 1214 137 1249; x_wconf 86' lang='lat' dir='ltr'>tuta</span> <span class='ocrx_word' id='word_1_122' title='bbox 164 1207 232 1248; x_wconf 85' lang='lat' dir='ltr'>sit.</span> <span class='ocrx_word' id='word_1_123' title='bbox 254 1207 314 1262; x_wconf 74' lang='grc' dir='ltr'>τῷ</span> <span class='ocrx_word' id='word_1_124' title='bbox 341 1203 424 1246; x_wconf 74' lang='grc' dir='ltr'><strong>α’πὸ</strong></span> <span class='ocrx_word' id='word_1_125' title='bbox 449 1205 525 1246; x_wconf 80' lang='grc' dir='ltr'>τοῦ</span> <span class='ocrx_word' id='word_1_126' title='bbox 543 1207 767 1246; x_wconf 79' lang='grc' dir='ltr'><em>ἐπισκόπου</em></span> <span class='ocrx_word' id='word_1_127' title='bbox 786 1205 1018 1259; x_wconf 70' lang='grc' dir='ltr'>κουράτωρι</span> <span class='ocrx_word' id='word_1_128' title='bbox 1034 1208 1329 1264; x_wconf 51' lang='lat' dir='ltr'>magau-suiuy.</span> <span class='ocrx_word' id='word_1_129' title='bbox 1362 1225 1503 1249; x_wconf 87' lang='lat' dir='ltr'>emen-</span> 
     </span>
     <span class='ocr_line' id='line_1_18' title="bbox 45 1262 1501 1321; baseline 0.001 -17"><span class='ocrx_word' id='word_1_130' title='bbox 45 1265 143 1305; x_wconf 77' lang='lat' dir='ltr'>date</span> <span class='ocrx_word' id='word_1_131' title='bbox 173 1264 296 1320; x_wconf 88' lang='lat' dir='ltr'>Peyr.</span> <span class='ocrx_word' id='word_1_132' title='bbox 336 1277 424 1303; x_wconf 79' lang='lat' dir='ltr'>cum</span> <span class='ocrx_word' id='word_1_133' title='bbox 468 1262 713 1303; x_wconf 78' lang='lat' dir='ltr'>Marcellino</span> <span class='ocrx_word' id='word_1_134' title='bbox 754 1274 935 1303; x_wconf 78' lang='lat' dir='ltr'>curatore</span> <span class='ocrx_word' id='word_1_135' title='bbox 965 1279 1019 1303; x_wconf 77' lang='lat' dir='ltr'>ex</span> <span class='ocrx_word' id='word_1_136' title='bbox 1048 1264 1272 1318; x_wconf 81' lang='lat' dir='ltr'>Gangrensi</span> <span class='ocrx_word' id='word_1_137' title='bbox 1301 1267 1501 1321; x_wconf 80' lang='lat' dir='ltr'>episcopo.</span> 
     </span>
     <span class='ocr_line' id='line_1_19' title="bbox 41 1315 1504 1375; baseline 0 -14"><span class='ocrx_word' id='word_1_138' title='bbox 41 1317 381 1373; x_wconf 80' lang='grc' dir='ltr'>μονοστράτηγον</span> <span class='ocrx_word' id='word_1_139' title='bbox 406 1315 604 1371; x_wconf 70' lang='grc' dir='ltr'>πεδήσας.</span> <span class='ocrx_word' id='word_1_140' title='bbox 626 1321 761 1358; x_wconf 83' lang='lat' dir='ltr'>Anast.</span> <span class='ocrx_word' id='word_1_141' title='bbox 779 1321 958 1359; x_wconf 78' lang='lat' dir='ltr'>vinctum</span> <span class='ocrx_word' id='word_1_142' title='bbox 981 1319 1096 1374; x_wconf 83' lang='lat' dir='ltr'>patri</span> <span class='ocrx_word' id='word_1_143' title='bbox 1107 1335 1184 1375; x_wconf 84' lang='lat' dir='ltr'>per</span> <span class='ocrx_word' id='word_1_144' title='bbox 1208 1335 1363 1360; x_wconf 78' lang='lat' dir='ltr'>murum</span> <span class='ocrx_word' id='word_1_145' title='bbox 1394 1336 1504 1361; x_wconf 85' lang='lat' dir='ltr'>mon-</span> 
     </span>
     <span class='ocr_line' id='line_1_20' title="bbox 41 1376 1501 1430; baseline -0.001 -12"><span class='ocrx_word' id='word_1_146' title='bbox 41 1377 227 1426; x_wconf 81' lang='lat' dir='ltr'>strabat,-</span> <span class='ocrx_word' id='word_1_147' title='bbox 254 1389 348 1429; x_wconf 77' lang='lat' dir='ltr'>eg0,</span> <span class='ocrx_word' id='word_1_148' title='bbox 377 1391 400 1414; x_wconf 89' lang='lat' dir='ltr'>e</span> <span class='ocrx_word' id='word_1_149' title='bbox 429 1389 544 1414; x_wconf 81' lang='lat' dir='ltr'>muro</span> <span class='ocrx_word' id='word_1_150' title='bbox 575 1376 859 1430; x_wconf 78' lang='lat' dir='ltr'>aspectandum</span> <span class='ocrx_word' id='word_1_151' title='bbox 899 1377 1073 1415; x_wconf 76' lang='lat' dir='ltr'>vinctum</span> <span class='ocrx_word' id='word_1_152' title='bbox 1114 1378 1364 1416; x_wconf 78' lang='lat' dir='ltr'>ostendebat.-</span> <span class='ocrx_word' id='word_1_153' title='bbox 1399 1392 1501 1425; x_wconf 90' lang='lat' dir='ltr'>non,</span> 
     </span>
     <span class='ocr_line' id='line_1_21' title="bbox 42 1431 1502 1486; baseline -0.001 -13"><span class='ocrx_word' id='word_1_154' title='bbox 42 1433 216 1474; x_wconf 82' lang='lat' dir='ltr'>vinculis</span> <span class='ocrx_word' id='word_1_155' title='bbox 258 1431 311 1472; x_wconf 85' lang='lat' dir='ltr'>de</span> <span class='ocrx_word' id='word_1_156' title='bbox 341 1445 453 1471; x_wconf 80' lang='lat' dir='ltr'>mum</span> <span class='ocrx_word' id='word_1_157' title='bbox 493 1446 744 1486; x_wconf 73' lang='lat' dir='ltr'>suspensum,</span> <span class='ocrx_word' id='word_1_158' title='bbox 780 1433 842 1471; x_wconf 84' lang='lat' dir='ltr'>uti</span> <span class='ocrx_word' id='word_1_159' title='bbox 880 1431 1089 1470; x_wconf 84' lang='lat' dir='ltr'>redditum</span> <span class='ocrx_word' id='word_1_160' title='bbox 1131 1439 1201 1471; x_wconf 86' lang='lat' dir='ltr'>est.</span> <span class='ocrx_word' id='word_1_161' title='bbox 1269 1437 1360 1472; x_wconf 82' lang='lat' dir='ltr'>erat</span> <span class='ocrx_word' id='word_1_162' title='bbox 1391 1433 1502 1472; x_wconf 86' lang='lat' dir='ltr'>enim</span> 
     </span>
     <span class='ocr_line' id='line_1_22' title="bbox 43 1487 1502 1542; baseline -0.004 -12"><span class='ocrx_word' id='word_1_163' title='bbox 43 1487 297 1530; x_wconf 78' lang='lat' dir='ltr'>Artabasdus</span> <span class='ocrx_word' id='word_1_164' title='bbox 326 1488 500 1528; x_wconf 84' lang='lat' dir='ltr'>Nicetae</span> <span class='ocrx_word' id='word_1_165' title='bbox 539 1493 662 1541; x_wconf 76' lang='lat' dir='ltr'>pater</span> <span class='ocrx_word' id='word_1_166' title='bbox 692 1489 732 1526; x_wconf 90' lang='lat' dir='ltr'>in</span> <span class='ocrx_word' id='word_1_167' title='bbox 772 1487 888 1538; x_wconf 85' lang='lat' dir='ltr'>urbe,</span> <span class='ocrx_word' id='word_1_168' title='bbox 931 1489 1051 1542; x_wconf 85' lang='lat' dir='ltr'>cique</span> <span class='ocrx_word' id='word_1_169' title='bbox 1080 1487 1369 1528; x_wconf 76' lang='lat' dir='ltr'>Constantinus</span> <span class='ocrx_word' id='word_1_170' title='bbox 1398 1502 1502 1527; x_wconf 85' lang='lat' dir='ltr'>con..</span> 
     </span>
     <span class='ocr_line' id='line_1_23' title="bbox 43 1543 1501 1598; baseline -0.005 -12"><span class='ocrx_word' id='word_1_171' title='bbox 43 1552 163 1586; x_wconf 86' lang='lat' dir='ltr'>sueto</span> <span class='ocrx_word' id='word_1_172' title='bbox 194 1549 486 1598; x_wconf 76' lang='lat' dir='ltr'>stratagemate</span> <span class='ocrx_word' id='word_1_173' title='bbox 523 1544 710 1583; x_wconf 79' lang='lat' dir='ltr'>vinctum</span> <span class='ocrx_word' id='word_1_174' title='bbox 751 1544 878 1582; x_wconf 82' lang='lat' dir='ltr'>[ilium</span> <span class='ocrx_word' id='word_1_175' title='bbox 922 1557 1003 1596; x_wconf 85' lang='lat' dir='ltr'>pro</span> <span class='ocrx_word' id='word_1_176' title='bbox 1043 1545 1257 1584; x_wconf 85' lang='lat' dir='ltr'>moenibus</span> <span class='ocrx_word' id='word_1_177' title='bbox 1300 1543 1501 1584; x_wconf 84' lang='lat' dir='ltr'>obtende..</span> 
     </span>
     <span class='ocr_line' id='line_1_24' title="bbox 41 1599 1502 1653; baseline -0.002 -11"><span class='ocrx_word' id='word_1_178' title='bbox 41 1602 129 1653; x_wconf 78' lang='lat' dir='ltr'>hat,</span> <span class='ocrx_word' id='word_1_179' title='bbox 160 1601 211 1641; x_wconf 86' lang='lat' dir='ltr'>ad</span> <span class='ocrx_word' id='word_1_180' title='bbox 247 1600 353 1641; x_wconf 81' lang='lat' dir='ltr'>illius</span> <span class='ocrx_word' id='word_1_181' title='bbox 384 1599 679 1641; x_wconf 85' lang='lat' dir='ltr'>inflectendum</span> <span class='ocrx_word' id='word_1_182' title='bbox 707 1600 830 1639; x_wconf 79' lang='lat' dir='ltr'>animi</span> <span class='ocrx_word' id='word_1_183' title='bbox 863 1600 1009 1651; x_wconf 80' lang='lat' dir='ltr'>robur,</span> <span class='ocrx_word' id='word_1_184' title='bbox 1044 1614 1090 1639; x_wconf 85' lang='lat' dir='ltr'>ac</span> <span class='ocrx_word' id='word_1_185' title='bbox 1118 1601 1356 1641; x_wconf 79' lang='lat' dir='ltr'>tentandam</span> <span class='ocrx_word' id='word_1_186' title='bbox 1387 1599 1502 1641; x_wconf 82' lang='lat' dir='ltr'>dedi-</span> 
     </span>
    </p>
   </div>
   <div class='ocr_carea' id='block_1_7' title="bbox 38 1658 1503 1845">
    <p class='ocr_par' dir='ltr' id='par_1_7' title="bbox 38 1658 1503 1845">
     <span class='ocr_line' id='line_1_25' title="bbox 38 1658 218 1699; baseline -0.006 0"><span class='ocrx_word' id='word_1_187' title='bbox 38 1658 218 1699; x_wconf 80' lang='lat' dir='ltr'>tionem.</span> 
     </span>
     <span class='ocr_line' id='line_1_26' title="bbox 155 1717 1042 1777; baseline -0.003 -12"><span class='ocrx_word' id='word_1_188' title='bbox 155 1721 253 1776; x_wconf 77' lang='grc'><strong>649,</strong></span> <span class='ocrx_word' id='word_1_189' title='bbox 284 1724 322 1764; x_wconf 80' lang='lat'>2.</span> <span class='ocrx_word' id='word_1_190' title='bbox 381 1717 403 1762; x_wconf 84' lang='grc' dir='ltr'>ὅ</span> <span class='ocrx_word' id='word_1_191' title='bbox 426 1722 600 1776; x_wconf 75' lang='grc' dir='ltr'>βοηθῶν</span> <span class='ocrx_word' id='word_1_192' title='bbox 630 1722 689 1777; x_wconf 74' lang='grc' dir='ltr'>τῷ</span> <span class='ocrx_word' id='word_1_193' title='bbox 717 1720 888 1774; x_wconf 78' lang='grc' dir='ltr'>ἀσεβεῖ]</span> <span class='ocrx_word' id='word_1_194' title='bbox 921 1723 1042 1777; x_wconf 81' lang='lat' dir='ltr'>Peyr.</span> 
     </span>
     <span class='ocr_line' id='line_1_27' title="bbox 153 1785 1503 1845; baseline -0.002 -13"><span class='ocrx_word' id='word_1_195' title='bbox 153 1791 266 1833; x_wconf 81' lang='lat' dir='ltr'><strong><em>Ibid.</em></strong></span> <span class='ocrx_word' id='word_1_196' title='bbox 302 1786 367 1831; x_wconf 80' lang='grc'>14.</span> <span class='ocrx_word' id='word_1_197' title='bbox 424 1787 610 1841; x_wconf 82' lang='grc' dir='ltr'>μάλιστα</span> <span class='ocrx_word' id='word_1_198' title='bbox 642 1789 689 1829; x_wconf 77' lang='grc' dir='ltr'>δὲ</span> <span class='ocrx_word' id='word_1_199' title='bbox 718 1785 990 1845; x_wconf 77' lang='grc' dir='ltr'>σωφροσύνῃ]</span> <span class='ocrx_word' id='word_1_200' title='bbox 1023 1790 1129 1829; x_wconf 85' lang='lat' dir='ltr'>bene</span> <span class='ocrx_word' id='word_1_201' title='bbox 1145 1790 1279 1829; x_wconf 83' lang='lat' dir='ltr'>Anast.</span> <span class='ocrx_word' id='word_1_202' title='bbox 1307 1790 1503 1841; x_wconf 66' lang='lat' dir='ltr'>maxime-</span> 
     </span>
    </p>
   </div>
   <div class='ocr_carea' id='block_1_8' title="bbox 42 1846 1501 1955">
    <p class='ocr_par' dir='ltr' id='par_1_8' title="bbox 42 1846 1501 1955">
     <span class='ocr_line' id='line_1_28' title="bbox 42 1846 1501 1905; baseline -0.002 -17"><span class='ocrx_word' id='word_1_203' title='bbox 42 1862 116 1905; x_wconf 81' lang='lat' dir='ltr'>que</span> <span class='ocrx_word' id='word_1_204' title='bbox 135 1848 365 1904; x_wconf 75' lang='lat' dir='ltr'>pudicitia5</span> <span class='ocrx_word' id='word_1_205' title='bbox 397 1848 603 1886; x_wconf 73' lang='lat' dir='ltr'>castitate.-</span> <span class='ocrx_word' id='word_1_206' title='bbox 635 1860 718 1885; x_wconf 88' lang='lat' dir='ltr'>non</span> <span class='ocrx_word' id='word_1_207' title='bbox 750 1846 805 1884; x_wconf 82' lang='lat' dir='ltr'>ita</span> <span class='ocrx_word' id='word_1_208' title='bbox 835 1846 953 1896; x_wconf 86' lang='lat' dir='ltr'>bene,</span> <span class='ocrx_word' id='word_1_209' title='bbox 992 1847 1332 1901; x_wconf 79' lang='lat' dir='ltr'>temperantiaque</span> <span class='ocrx_word' id='word_1_210' title='bbox 1361 1847 1501 1886; x_wconf 71' lang='lat' dir='ltr'><em>maxi-</em></span> 
     </span>
     <span class='ocr_line' id='line_1_29' title="bbox 45 1897 948 1955; baseline -0.002 -11"><span class='ocrx_word' id='word_1_211' title='bbox 45 1919 108 1944; x_wconf 84' lang='lat' dir='ltr'>me</span> <span class='ocrx_word' id='word_1_212' title='bbox 134 1900 204 1944; x_wconf 83' lang='grc' dir='ltr'>τόν</span> <span class='ocrx_word' id='word_1_213' title='bbox 232 1903 280 1943; x_wconf 77' lang='grc' dir='ltr'>δὲ</span> <span class='ocrx_word' id='word_1_214' title='bbox 298 1897 434 1952; x_wconf 75' lang='grc' dir='ltr'>Ἀβας</span> <span class='ocrx_word' id='word_1_215' title='bbox 463 1900 538 1942; x_wconf 83' lang='grc' dir='ltr'>τὸν</span> <span class='ocrx_word' id='word_1_216' title='bbox 567 1900 713 1942; x_wconf 81' lang='grc' dir='ltr'>πολλά.</span> <span class='ocrx_word' id='word_1_217' title='bbox 742 1902 840 1955; x_wconf 82' lang='lat' dir='ltr'>ch‚</span> <span class='ocrx_word' id='word_1_218' title='bbox 871 1909 948 1944; x_wconf 85' lang='lat' dir='ltr'>ete.</span> 
     </span>
    </p>
   </div>
   <div class='ocr_carea' id='block_1_9' title="bbox 153 1969 1141 2027">
    <p class='ocr_par' dir='ltr' id='par_1_9' title="bbox 153 1969 1141 2027">
     <span class='ocr_line' id='line_1_30' title="bbox 153 1969 1141 2027; baseline -0.004 -12"><span class='ocrx_word' id='word_1_219' title='bbox 153 1973 250 2026; x_wconf 83' lang='grc'><strong>650,</strong></span> <span class='ocrx_word' id='word_1_220' title='bbox 279 1973 320 2015; x_wconf 86' lang='grc'>8.</span> <span class='ocrx_word' id='word_1_221' title='bbox 379 1971 639 2015; x_wconf 80' lang='grc' dir='ltr'>ἐστασίασαν</span> <span class='ocrx_word' id='word_1_222' title='bbox 671 1972 717 2013; x_wconf 77' lang='grc' dir='ltr'>δὲ</span> <span class='ocrx_word' id='word_1_223' title='bbox 744 1970 815 2013; x_wconf 85' lang='grc' dir='ltr'><em>καί</em></span> <span class='ocrx_word' id='word_1_224' title='bbox 839 1969 908 2023; x_wconf 83' lang='grc' dir='ltr'>οἱ]</span> <span class='ocrx_word' id='word_1_225' title='bbox 937 1975 1035 2027; x_wconf 82' lang='lat' dir='ltr'>Reg.</span> <span class='ocrx_word' id='word_1_226' title='bbox 1065 1978 1141 2012; x_wconf 87' lang='lat' dir='ltr'>etc.</span> 
     </span>
    </p>
   </div>
   <div class='ocr_carea' id='block_1_10' title="bbox 35 2040 1501 2609">
    <p class='ocr_par' dir='ltr' id='par_1_10' title="bbox 35 2040 1501 2609">
     <span class='ocr_line' id='line_1_31' title="bbox 153 2040 1501 2098; baseline -0.004 -11"><span class='ocrx_word' id='word_1_227' title='bbox 153 2047 262 2091; x_wconf 84' lang='lat' dir='ltr'><em>Ibid.</em></span> <span class='ocrx_word' id='word_1_228' title='bbox 298 2045 360 2086; x_wconf 86' lang='lat'>18.</span> <span class='ocrx_word' id='word_1_229' title='bbox 428 2044 724 2094; x_wconf 78' lang='grc' dir='ltr'>ἐξαποστείλας</span> <span class='ocrx_word' id='word_1_230' title='bbox 764 2041 967 2098; x_wconf 72' lang='grc' dir='ltr'>ἀόπλους,</span> <span class='ocrx_word' id='word_1_231' title='bbox 999 2041 1276 2096; x_wconf 79' lang='grc' dir='ltr'>προσελάβετο</span> <span class='ocrx_word' id='word_1_232' title='bbox 1305 2040 1378 2083; x_wconf 82' lang='grc' dir='ltr'>καί</span> <span class='ocrx_word' id='word_1_233' title='bbox 1401 2040 1501 2091; x_wconf 74' lang='grc' dir='ltr'>τούς</span> 
     </span>
     <span class='ocr_line' id='line_1_32' title="bbox 42 2099 1499 2157; baseline -0.003 -14"><span class='ocrx_word' id='word_1_234' title='bbox 42 2100 152 2157; x_wconf 79' lang='grc' dir='ltr'>πρὸς</span> <span class='ocrx_word' id='word_1_235' title='bbox 196 2099 358 2154; x_wconf 79' lang='grc' dir='ltr'>πατρὸς</span> <span class='ocrx_word' id='word_1_236' title='bbox 394 2105 621 2152; x_wconf 81' lang='grc' dir='ltr'>συγγενεῖς]</span> <span class='ocrx_word' id='word_1_237' title='bbox 664 2103 767 2153; x_wconf 74' lang='lat' dir='ltr'>Reg.</span> <span class='ocrx_word' id='word_1_238' title='bbox 809 2109 885 2142; x_wconf 84' lang='lat' dir='ltr'>etc.</span> <span class='ocrx_word' id='word_1_239' title='bbox 935 2101 1160 2141; x_wconf 80' lang='lat' dir='ltr'>securitatis</span> <span class='ocrx_word' id='word_1_240' title='bbox 1190 2100 1276 2151; x_wconf 81' lang='lat' dir='ltr'>fide</span> <span class='ocrx_word' id='word_1_241' title='bbox 1304 2114 1499 2140; x_wconf 78' lang='lat' dir='ltr'>-concessa</span> 
     </span>
     <span class='ocr_line' id='line_1_33' title="bbox 42 2157 1501 2211; baseline -0.005 -11"><span class='ocrx_word' id='word_1_242' title='bbox 42 2161 195 2200; x_wconf 71' lang='lat' dir='ltr'>emissis</span> <span class='ocrx_word' id='word_1_243' title='bbox 225 2159 318 2199; x_wconf 77' lang='lat' dir='ltr'>inde</span> <span class='ocrx_word' id='word_1_244' title='bbox 345 2158 563 2198; x_wconf 75' lang='lat' dir='ltr'><em>inermibus</em></span> <span class='ocrx_word' id='word_1_245' title='bbox 591 2158 793 2201; x_wconf 72' lang='lat' dir='ltr'>Arabibas</span> <span class='ocrx_word' id='word_1_246' title='bbox 810 2188 821 2208; x_wconf 91' lang='lat'>‚</span> <span class='ocrx_word' id='word_1_247' title='bbox 852 2158 975 2197; x_wconf 81' lang='lat' dir='ltr'>ctiam</span> <span class='ocrx_word' id='word_1_248' title='bbox 1009 2171 1097 2196; x_wconf 83' lang='lat' dir='ltr'>suos</span> <span class='ocrx_word' id='word_1_249' title='bbox 1122 2165 1294 2211; x_wconf 77' lang='lat' dir='ltr'>paterna</span> <span class='ocrx_word' id='word_1_250' title='bbox 1324 2171 1378 2195; x_wconf 80' lang='lat' dir='ltr'>ex</span> <span class='ocrx_word' id='word_1_251' title='bbox 1405 2157 1501 2194; x_wconf 78' lang='lat' dir='ltr'>stir-</span> 
     </span>
     <span class='ocr_line' id='line_1_34' title="bbox 36 2213 1499 2272; baseline -0.005 -16"><span class='ocrx_word' id='word_1_252' title='bbox 36 2230 92 2272; x_wconf 84' lang='lat' dir='ltr'>pe</span> <span class='ocrx_word' id='word_1_253' title='bbox 122 2225 312 2270; x_wconf 82' lang='lat' dir='ltr'>cognatos</span> <span class='ocrx_word' id='word_1_254' title='bbox 338 2216 572 2269; x_wconf 78' lang='lat' dir='ltr'><em>assumpsit,</em></span> <span class='ocrx_word' id='word_1_255' title='bbox 613 2228 662 2253; x_wconf 84' lang='lat' dir='ltr'>ac</span> <span class='ocrx_word' id='word_1_256' title='bbox 701 2215 943 2266; x_wconf 80' lang='lat' dir='ltr'><em>Byzantium</em></span> <span class='ocrx_word' id='word_1_257' title='bbox 977 2213 1192 2252; x_wconf 79' lang='lat' dir='ltr'><em>transtulit.</em></span> <span class='ocrx_word' id='word_1_258' title='bbox 1243 2225 1324 2250; x_wconf 90' lang='lat' dir='ltr'>non</span> <span class='ocrx_word' id='word_1_259' title='bbox 1357 2217 1401 2249; x_wconf 92' lang='lat' dir='ltr'>ut</span> <span class='ocrx_word' id='word_1_260' title='bbox 1427 2225 1499 2249; x_wconf 88' lang='lat' dir='ltr'>so-</span> 
     </span>
     <span class='ocr_line' id='line_1_35' title="bbox 43 2268 1498 2322; baseline -0.006 -10"><span class='ocrx_word' id='word_1_261' title='bbox 43 2278 146 2313; x_wconf 87' lang='lat' dir='ltr'>nant</span> <span class='ocrx_word' id='word_1_262' title='bbox 191 2272 320 2312; x_wconf 84' lang='lat' dir='ltr'>verba</span> <span class='ocrx_word' id='word_1_263' title='bbox 349 2271 526 2322; x_wconf 82' lang='lat' dir='ltr'>interpr.</span> <span class='ocrx_word' id='word_1_264' title='bbox 602 2270 711 2322; x_wconf 87' lang='lat' dir='ltr'>ipsos</span> <span class='ocrx_word' id='word_1_265' title='bbox 752 2271 906 2310; x_wconf 78' lang='lat' dir='ltr'>Arabas</span> <span class='ocrx_word' id='word_1_266' title='bbox 936 2268 1029 2308; x_wconf 84' lang='lat' dir='ltr'>inde</span> <span class='ocrx_word' id='word_1_267' title='bbox 1057 2269 1223 2308; x_wconf 89' lang='lat' dir='ltr'>eductos</span> <span class='ocrx_word' id='word_1_268' title='bbox 1270 2281 1362 2305; x_wconf 89' lang='lat' dir='ltr'>cum</span> <span class='ocrx_word' id='word_1_269' title='bbox 1393 2280 1498 2305; x_wconf 86' lang='lat' dir='ltr'>con-</span> 
     </span>
     <span class='ocr_line' id='line_1_36' title="bbox 40 2322 1497 2383; baseline -0.005 -14"><span class='ocrx_word' id='word_1_270' title='bbox 40 2329 284 2383; x_wconf 74' lang='lat' dir='ltr'>sanguinei5‚</span> <span class='ocrx_word' id='word_1_271' title='bbox 324 2324 523 2381; x_wconf 83' lang='lat' dir='ltr'>Syrisque</span> <span class='ocrx_word' id='word_1_272' title='bbox 566 2325 652 2364; x_wconf 80' lang='lat' dir='ltr'>aliis</span> <span class='ocrx_word' id='word_1_273' title='bbox 692 2325 993 2380; x_wconf 85' lang='lat' dir='ltr'>monophysitis</span> <span class='ocrx_word' id='word_1_274' title='bbox 1032 2325 1086 2363; x_wconf 83' lang='lat' dir='ltr'>ita</span> <span class='ocrx_word' id='word_1_275' title='bbox 1127 2322 1345 2363; x_wconf 78' lang='lat' dir='ltr'>transtulit.</span> <span class='ocrx_word' id='word_1_276' title='bbox 1376 2322 1497 2361; x_wconf 82' lang='lat' dir='ltr'>Cedr.</span> 
     </span>
     <span class='ocr_line' id='line_1_37' title="bbox 39 2378 1500 2434; baseline -0.007 -8"><span class='ocrx_word' id='word_1_277' title='bbox 39 2385 180 2426; x_wconf 84' lang='lat' dir='ltr'>habet.</span> <span class='ocrx_word' id='word_1_278' title='bbox 209 2380 308 2430; x_wconf 78' lang='grc' dir='ltr'>τούς</span> <span class='ocrx_word' id='word_1_279' title='bbox 345 2379 452 2434; x_wconf 73' lang='grc' dir='ltr'>προς</span> <span class='ocrx_word' id='word_1_280' title='bbox 491 2378 649 2434; x_wconf 80' lang='grc' dir='ltr'>μητρὸς</span> <span class='ocrx_word' id='word_1_281' title='bbox 687 2385 912 2434; x_wconf 78' lang='grc' dir='ltr'>συγγενεῖς.</span> <span class='ocrx_word' id='word_1_282' title='bbox 981 2381 1102 2420; x_wconf 80' lang='lat' dir='ltr'>etiam</span> <span class='ocrx_word' id='word_1_283' title='bbox 1127 2381 1264 2417; x_wconf 79' lang='lat' dir='ltr'>Anast.</span> <span class='ocrx_word' id='word_1_284' title='bbox 1293 2391 1382 2417; x_wconf 78' lang='lat' dir='ltr'>suos</span> <span class='ocrx_word' id='word_1_285' title='bbox 1406 2392 1500 2417; x_wconf 86' lang='lat' dir='ltr'>ma-</span> 
     </span>
     <span class='ocr_line' id='line_1_38' title="bbox 39 2433 1498 2491; baseline -0.007 -9"><span class='ocrx_word' id='word_1_286' title='bbox 39 2451 156 2482; x_wconf 76' lang='lat' dir='ltr'>terna</span> <span class='ocrx_word' id='word_1_287' title='bbox 194 2455 250 2481; x_wconf 79' lang='lat' dir='ltr'>ex</span> <span class='ocrx_word' id='word_1_288' title='bbox 273 2441 386 2479; x_wconf 80' lang='lat' dir='ltr'>linea</span> <span class='ocrx_word' id='word_1_289' title='bbox 424 2438 719 2477; x_wconf 80' lang='lat' dir='ltr'>descendentes.</span> <span class='ocrx_word' id='word_1_290' title='bbox 792 2437 894 2491; x_wconf 85' lang='lat' dir='ltr'>quid</span> <span class='ocrx_word' id='word_1_291' title='bbox 927 2436 1118 2476; x_wconf 85' lang='lat' dir='ltr'>habuerit</span> <span class='ocrx_word' id='word_1_292' title='bbox 1145 2434 1184 2472; x_wconf 88' lang='lat' dir='ltr'>S.</span> <span class='ocrx_word' id='word_1_293' title='bbox 1214 2433 1381 2486; x_wconf 80' lang='lat' dir='ltr'>Niceph.</span> <span class='ocrx_word' id='word_1_294' title='bbox 1414 2447 1498 2472; x_wconf 90' lang='lat' dir='ltr'>non</span> 
     </span>
     <span class='ocr_line' id='line_1_39' title="bbox 35 2490 1498 2553; baseline -0.006 -16"><span class='ocrx_word' id='word_1_295' title='bbox 35 2497 203 2553; x_wconf 73' lang='lat' dir='ltr'>liquet,</span> <span class='ocrx_word' id='word_1_296' title='bbox 238 2496 376 2537; x_wconf 81' lang='lat' dir='ltr'>statim</span> <span class='ocrx_word' id='word_1_297' title='bbox 415 2499 566 2547; x_wconf 86' lang='lat' dir='ltr'>coepta</span> <span class='ocrx_word' id='word_1_298' title='bbox 605 2493 725 2532; x_wconf 87' lang='lat' dir='ltr'>huius</span> <span class='ocrx_word' id='word_1_299' title='bbox 766 2493 1037 2547; x_wconf 78' lang='lat' dir='ltr'>expeditionis</span> <span class='ocrx_word' id='word_1_300' title='bbox 1067 2490 1304 2530; x_wconf 81' lang='lat' dir='ltr'>narratione</span> <span class='ocrx_word' id='word_1_301' title='bbox 1345 2502 1498 2529; x_wconf 88' lang='lat' dir='ltr'>occur-</span> 
     </span>
     <span class='ocr_line' id='line_1_40' title="bbox 42 2548 888 2609; baseline -0.008 -14"><span class='ocrx_word' id='word_1_302' title='bbox 42 2561 163 2595; x_wconf 86' lang='lat' dir='ltr'>rente</span> <span class='ocrx_word' id='word_1_303' title='bbox 192 2552 341 2609; x_wconf 80' lang='lat' dir='ltr'>grandi</span> <span class='ocrx_word' id='word_1_304' title='bbox 366 2550 483 2590; x_wconf 81' lang='lat' dir='ltr'>hiatu</span> <span class='ocrx_word' id='word_1_305' title='bbox 515 2550 555 2589; x_wconf 87' lang='lat' dir='ltr'>in</span> <span class='ocrx_word' id='word_1_306' title='bbox 587 2549 672 2589; x_wconf 86' lang='lat' dir='ltr'>eius</span> <span class='ocrx_word' id='word_1_307' title='bbox 701 2548 888 2591; x_wconf 82' lang='lat' dir='ltr'>historia.</span> 
     </span>
    </p>
   </div>
   <div class='ocr_carea' id='block_1_11' title="bbox 39 2622 1499 2796">
    <p class='ocr_par' dir='ltr' id='par_1_11' title="bbox 39 2622 1499 2796">
     <span class='ocr_line' id='line_1_41' title="bbox 153 2622 1497 2680; baseline -0.009 -8"><span class='ocrx_word' id='word_1_308' title='bbox 153 2630 251 2680; x_wconf 85' lang='lat'>651,</span> <span class='ocrx_word' id='word_1_309' title='bbox 288 2630 350 2670; x_wconf 84' lang='lat'>17.</span> <span class='ocrx_word' id='word_1_310' title='bbox 409 2627 705 2679; x_wconf 78' lang='grc' dir='ltr'>προμαστίζων</span> <span class='ocrx_word' id='word_1_311' title='bbox 746 2624 819 2667; x_wconf 77' lang='grc' dir='ltr'>τὸν</span> <span class='ocrx_word' id='word_1_312' title='bbox 858 2624 989 2677; x_wconf 72' lang='grc' dir='ltr'>ἀσεβῆ</span> <span class='ocrx_word' id='word_1_313' title='bbox 1034 2622 1365 2675; x_wconf 83' lang='grc' dir='ltr'>Κωνσταντῐίὀν]</span> <span class='ocrx_word' id='word_1_314' title='bbox 1400 2622 1497 2675; x_wconf 77' lang='lat' dir='ltr'>Reg.</span> 
     </span>
     <span class='ocr_line' id='line_1_42' title="bbox 39 2680 1499 2745; baseline -0.009 -17"><span class='ocrx_word' id='word_1_315' title='bbox 39 2689 166 2745; x_wconf 83' lang='lat' dir='ltr'>Peyr.</span> <span class='ocrx_word' id='word_1_316' title='bbox 195 2688 404 2728; x_wconf 77' lang='lat' dir='ltr'>verberum</span> <span class='ocrx_word' id='word_1_317' title='bbox 424 2687 496 2725; x_wconf 83' lang='lat' dir='ltr'>hoc</span> <span class='ocrx_word' id='word_1_318' title='bbox 522 2683 735 2739; x_wconf 82' lang='lat' dir='ltr'>praeludio</span> <span class='ocrx_word' id='word_1_319' title='bbox 761 2684 927 2738; x_wconf 81' lang='lat' dir='ltr'>impium</span> <span class='ocrx_word' id='word_1_320' title='bbox 955 2680 1259 2742; x_wconf 51' lang='lat' dir='ltr'>Constantinum</span> <span class='ocrx_word' id='word_1_321' title='bbox 1288 2680 1499 2731; x_wconf 74' lang='lat' dir='ltr'>castigans.</span> 
     </span>
     <span class='ocr_line' id='line_1_43' title="bbox 42 2733 1497 2796; baseline -0.011 -10"><span class='ocrx_word' id='word_1_322' title='bbox 42 2746 146 2788; x_wconf 82' lang='lat' dir='ltr'>libet</span> <span class='ocrx_word' id='word_1_323' title='bbox 173 2745 281 2785; x_wconf 84' lang='lat' dir='ltr'>hanc</span> <span class='ocrx_word' id='word_1_324' title='bbox 313 2744 434 2795; x_wconf 82' lang='lat' dir='ltr'>luem,</span> <span class='ocrx_word' id='word_1_325' title='bbox 463 2755 586 2796; x_wconf 82' lang='lat' dir='ltr'>quam</span> <span class='ocrx_word' id='word_1_326' title='bbox 614 2744 784 2794; x_wconf 79' lang='lat' dir='ltr'>praeter</span> <span class='ocrx_word' id='word_1_327' title='bbox 811 2737 997 2791; x_wconf 79' lang='lat' dir='ltr'>Theoph.</span> <span class='ocrx_word' id='word_1_328' title='bbox 1038 2748 1203 2787; x_wconf 77' lang='lat' dir='ltr'>eiusque</span> <span class='ocrx_word' id='word_1_329' title='bbox 1233 2733 1497 2782; x_wconf 73' lang='lat' dir='ltr'>sublectores,</span> 
     </span>
    </p>
   </div>
   <div class='ocr_carea' id='block_1_12' title="bbox 178 2816 1233 2875">
    <p class='ocr_par' dir='ltr' id='par_1_12' title="bbox 178 2816 1233 2875">
     <span class='ocr_line' id='line_1_44' title="bbox 178 2816 1233 2875; baseline -0.016 -11"><span class='ocrx_word' id='word_1_330' title='bbox 178 2827 414 2875; x_wconf 76' lang='lat' dir='ltr'>Theophanes</span> <span class='ocrx_word' id='word_1_331' title='bbox 438 2827 485 2861; x_wconf 86' lang='grc' dir='ltr'>ΙΙ.</span> <span class='ocrx_word' id='word_1_332' title='bbox 1189 2816 1233 2848; x_wconf 63' lang='lat'>41</span> 
     </span>
    </p>
   </div>
  </div>
 </body>
</html>
