1794 3250
249 179 347 226 298
779 184 834 224 IN
880 181 1255 223 THEOPHANEM

248 284 347 326 υἱοῦ
389 284 525 326 αυ“τοῦ
563 284 674 326 τοῦτ’
714 281 826 325 ἔστιν
871 280 954 325 ἀπὸ
1004 282 1130 342 ἐψοζ
1171 280 1291 330 ἔτους
1329 284 1409 323 τοῦ
1438 280 1614 335 κόσμου,
1641 279 1722 330 ἕως

248 337 336 397 'gre'
370 337 488 389 ἔτους
521 356 587 382 κα.
615 338 717 389 τούς
748 340 830 382 Ἀλ.
862 337 966 381 κατὰ
998 341 1044 381 δὲ
1065 337 1307 391 ιΡωμαιί)υς
1338 338 1475 396 ,ςτκαᾍ
1507 339 1581 378 sub
1608 354 1719 380 num.

252 399 329 439 155
362 413 457 439 cum
488 398 721 438 Barberino
766 404 937 452 praeter
981 413 1110 436 unum
1155 402 1197 437 et
1229 397 1409 436 alterum
1442 395 1590 436 nullius
1624 408 1721 436 mo-

246 455 376 495 menti
410 456 588 496 verbum
625 456 843 496 convenit.
910 453 1236 494 correctissimus
1268 453 1467 503 omnium,
1501 467 1624 507 quem
1654 451 1720 492 id-

247 512 360 553 circo
392 512 506 566 regio
538 511 716 562 deserto,
750 511 901 551 invitus
933 511 1030 552 licet
1066 523 1224 565 sequor
1252 515 1295 549 et
1325 509 1526 563 exprimo,
1560 509 1720 563 Peyre-

245 569 383 609 zianus
419 575 491 620 est,
519 568 692 609 dilectae
723 568 917 608 videlicet
957 582 1005 608 ac
1048 567 1297 608 sacerrimae
1325 565 1611 607 litteratissimi
1637 565 1719 605 viri

245 627 302 666 D.
334 625 525 680 Peyrezii
552 624 832 666 bibliothecae
862 624 1064 679 reliquiae
1092 639 1115 663 a
1145 623 1298 663 clariss.
1323 623 1376 663 D.
1405 623 1535 663 Petro
1564 622 1722 662 Putea-

245 695 316 736 no,
345 682 461 722 cuius
492 681 666 723 viventis
690 681 874 721 animum
890 681 1042 735 Apollo
1061 680 1291 730 exornavit,
1322 680 1482 720 mortui
1513 693 1623 718 nunc
1641 692 1719 717 no..

244 753 340 779 men
380 738 481 779 colit
507 740 790 794 Mnemosyne,
823 738 937 792 apud
976 752 1043 778 me
1073 736 1318 791 depositae:
1352 737 1397 787 is,
1429 735 1613 791 inquam,
1645 749 1722 776 ceu

242 801 416 849 praeter
444 810 586 836 omnes
619 794 984 845 emendatissimus,
1017 799 1059 834 et
1080 809 1175 834 cum
1204 792 1392 848 palatino
1422 793 1586 847 pariter
1614 807 1721 846 pro-

243 851 344 892 bato
380 850 460 893 979
485 851 760 902 consentiens,
793 866 844 892 ne
866 850 1047 891 aliorum
1078 865 1230 891 naevos
1261 850 1400 904 operis
1433 850 1554 889 facies
1581 849 1721 888 statim

244 908 486 960 exhiberet,
526 909 597 964 qui
635 915 817 950 mentem
863 907 1048 948 auctoris
1088 907 1270 948 fideliter
1302 908 1340 946 in
1371 906 1498 947 titulo
1527 906 1721 956 referret,

246 965 421 1021 ipseque
453 980 550 1006 cum
579 964 662 1006 fide
692 964 957 1016 redderetur,
990 963 1135 1019 dignus
1163 971 1224 1004 est
1251 962 1432 1004 habitus.

358 1032 399 1081 3,
413 1031 453 1077 8.
511 1028 616 1072 κατὰ
636 1029 738 1080 τούς
767 1031 1069 1084 Ἀλεξανδρεῖς,
1098 1026 1203 1071 κατὰ
1236 1030 1283 1071 δὲ
1303 1027 1562 1083 εΡωμοιιόυς]
1594 1045 1723 1085 quam-

244 1088 396 1130 diversi
424 1103 549 1144 penes
581 1091 765 1130 Graecos
796 1089 848 1129 ab
885 1089 992 1129 orbe
1034 1087 1209 1128 condito
1240 1087 1292 1127 ad
1321 1087 1534 1141 vulgarem
1566 1086 1721 1126 Christi

244 1147 423 1187 natalem
473 1146 584 1186 diem
613 1160 821 1186 annorum
868 1145 1032 1185 numeri
1074 1143 1376 1199 chronologiae
1403 1144 1586 1184 sincerus
1621 1143 1722 1183 illu-

241 1208 402 1244 strator
432 1202 625 1243 Petavius
665 1207 852 1243 recenset
881 1202 933 1242 de
960 1201 1155 1242 doctrina
1194 1207 1437 1255 temporum
1468 1201 1544 1240 lib.
1573 1199 1598 1240 9
1629 1214 1719 1254 cap.

244 1260 283 1310 2,
313 1265 355 1300 et
386 1259 630 1300 cultissimus
662 1259 833 1300 Allatius
864 1259 917 1299 ad
945 1258 1152 1299 Eustathii
1195 1258 1484 1299 Hexaemeron
1513 1270 1606 1311 pag.
1637 1256 1720 1296 250

243 1322 286 1357 et
314 1330 430 1371 seqq.
488 1315 531 1355 in
572 1321 655 1357 tres
688 1331 823 1370 porro
856 1330 1060 1366 summas,
1105 1330 1213 1371 quae
1255 1315 1441 1355 omnium
1471 1313 1720 1369 spectatissi-

242 1387 346 1423 mae,
377 1372 600 1413 discrimen
634 1373 934 1429 quodcumque
954 1372 1102 1426 extitit,
1132 1372 1277 1413 abiisse
1304 1371 1576 1427 dignoscitur.
1635 1376 1719 1411 tres

244 1429 387 1485 itaque
416 1431 680 1470 Graecorum
710 1436 948 1484 computos,
981 1443 1276 1485 annorumque
1295 1442 1410 1470 aeras
1439 1435 1524 1469 tres
1554 1428 1720 1482 praeci-

244 1501 346 1541 puas
378 1486 535 1527 eruditi
566 1487 791 1528 celebrant.
814 1486 944 1527 trium
964 1486 1090 1541 prior
1118 1487 1168 1527 ab
1200 1486 1306 1526 orbe
1325 1484 1497 1526 condito
1526 1484 1578 1524 ad
1597 1484 1720 1524 Chri-

243 1549 353 1583 stum
383 1557 430 1583 ex
450 1543 635 1599 Virginis
663 1549 786 1584 utero
816 1549 961 1583 natum
985 1557 1115 1583 annos
1145 1548 1339 1584 numerat
1359 1539 1483 1583 5493.
1537 1541 1722 1583 secunda

245 1615 268 1639 a
298 1599 445 1639 mundi
476 1599 527 1639 ad
558 1600 712 1640 Christi
744 1600 855 1641 diem
877 1599 1056 1640 natalem
1091 1614 1220 1641 annos
1250 1598 1358 1640 5501
1392 1604 1621 1653 computat.
1655 1598 1724 1638 in·-

245 1661 312 1696 ter
343 1663 572 1711 utrumque
601 1656 800 1708 limitem,
842 1671 970 1697 annos
992 1655 1102 1697 5508
1131 1663 1320 1697 recenset
1349 1663 1575 1711 postrema.
1632 1655 1723 1709 pri-

245 1726 338 1753 mae
370 1720 523 1753 auctor
561 1713 812 1754 Panodorus
852 1712 1080 1753 monachus
1113 1713 1366 1769 Aegyptius,
1406 1713 1523 1753 cuius
1566 1713 1724 1767 scripta

247 1770 434 1824 Georgio
461 1769 656 1825 Syncello
688 1769 928 1821 familiaria,
973 1784 1021 1810 ac
1055 1770 1315 1825 frequentius
1342 1776 1598 1810 momorata·
1655 1782 1724 1808 se-

247 1825 407 1866 cundae
437 1826 577 1867 forsan
595 1827 827 1878 Africanus,
860 1842 983 1882 quem
1008 1825 1203 1877 Anianus,
1233 1832 1398 1867 sanctus
1416 1826 1617 1866 Maximus
1646 1826 1724 1866 ab-

245 1883 318 1923 bas
346 1888 388 1923 et
417 1883 656 1933 confessor,
683 1884 890 1939 Georgius
919 1884 1157 1940 Syncellus,
1185 1890 1228 1923 et
1267 1884 1353 1924 eius
1392 1883 1635 1930 coaetanei,
1681 1883 1724 1922 S.

246 1938 508 1993 Nicephorus
538 1940 796 1994 patriarcha,
830 1955 905 1981 nec
936 1954 1021 1980 non
1049 1939 1324 1994 Theophanes
1368 1947 1512 1981 noster
1538 1953 1725 1995 sequun-

247 2003 322 2036 tur
355 1998 394 2035 in
428 1997 623 2037 numeris.
695 1996 892 2038 inventor
931 1997 1082 2037 tertiae
1124 1996 1310 2036 nondum
1341 2001 1594 2051 compertus,
1629 1996 1727 2036 licet

247 2052 465 2107 antiquus;
495 2052 609 2093 illam
629 2054 787 2108 quippe
801 2054 917 2095 velut
940 2060 1155 2108 receptam
1179 2053 1347 2094 adhibet
1376 2053 1607 2094 chronicon
1626 2051 1726 2093 Ale.
1777 2099 1787 2108 Α

249 2108 509 2160 xandrinum,
540 2115 583 2151 et
610 2111 803 2151 usitatam
830 2113 962 2151 refert
990 2124 1125 2151 canon
1154 2111 1303 2151 tertius
1324 2110 1547 2152 Trullanae
1575 2109 1726 2166 synodi

253 2180 363 2205 anno
396 2165 550 2207 Christi
583 2165 659 2208 691
693 2167 877 2208 secundo
910 2173 1108 2219 coactae,
1142 2183 1262 2223 quae,
1293 2182 1379 2223 quo
1413 2167 1726 2216 celebrabatur,

253 2237 408 2263 annum
426 2224 615 2278 putabat,
644 2231 741 2279 post
763 2224 918 2264 Christi
948 2225 1146 2264 nimirum
1166 2224 1344 2265 natalem
1372 2230 1414 2265 et
1444 2224 1591 2265 mundi
1617 2221 1728 2264 5508

250 2294 298 2319 ex
333 2278 538 2320 adiunctis
578 2278 674 2332 691,
705 2280 779 2337 qui
810 2281 1008 2322 collectus
1049 2288 1125 2333 est,
1153 2282 1298 2322 mundi
1339 2280 1448 2322 6199
1477 2280 1650 2321 eandem
1684 2279 1726 2318 in

251 2335 395 2376 officiis
438 2337 722 2378 ecclesiasticis
750 2337 986 2393 Horologio
1032 2338 1229 2389 maxime,
1263 2338 1382 2392 cyclo
1410 2337 1591 2392 paschali
1623 2351 1728 2376 con-

249 2392 451 2434 struendo
495 2395 684 2434 manibus
724 2400 864 2435 versat
902 2395 1071 2436 ecclesia
1107 2396 1347 2447 Orientalis,
1376 2400 1510 2450 prout
1541 2396 1728 2435 Graeco-

253 2465 347 2490 rum
382 2450 908 2492 iureconsulti-secundum
936 2452 1047 2492 illam
1076 2453 1386 2507 imperatorum
1420 2451 1557 2493 edicta
1588 2449 1730 2491 consi-

251 2514 381 2561 gnant
425 2508 467 2548 in
509 2508 703 2548 Basilicis.
773 2509 952 2563 primam
996 2524 1134 2549 aeram
1166 2509 1472 2550 Antiochenam
1516 2507 1730 2563 appellant

252 2564 405 2619 aliqui,
441 2564 553 2618 apud
581 2565 798 2605 Petavium
837 2565 890 2606 ad
923 2565 1155 2605 auctarium
1183 2566 1234 2607 de
1265 2566 1459 2607 doctrina
1487 2571 1730 2618 temporum

251 2620 321 2659 lib.
351 2619 378 2660 8
410 2635 500 2676 cap.
537 2622 571 2674 1,
599 2622 823 2663 secundam
854 2622 1155 2676 Aethiopicam,
1188 2623 1359 2664 tertiam
1387 2621 1729 2663 Alexandrinamz

253 2691 433 2730 quarum
476 2678 804 2732 appellationum
832 2679 931 2718 tides
974 2685 1056 2719 stat
1094 2694 1220 2734 penes
1255 2685 1465 2720 auctores.
1525 2678 1731 2730 Scaliger,

251 2733 397 2773 scribit
424 2734 611 2776 laudatus
637 2736 844 2788 Petavius,
872 2736 932 2775 ad
958 2745 1157 2791 excerpta
1177 2737 1367 2776 Maximi
1388 2737 1570 2790 primam
1600 2733 1733 2773 nomi-

253 2799 328 2829 nat
357 2790 585 2842 [μιαν-επις
615 2792 814 2844 mediam,
861 2793 1146 2842 Orientalem5
1176 2803 1450 2849 postremam,
1474 2791 1725 2848 paschalenr,
