1728 3184
485 186 670 229 NOTAE
707 191 1088 239 POSTEfflOREs.
1416 195 1513 243 633

72 349 156 388 Rea
182 290 276 387 532²,
314 294 378 336 16.
437 292 508 333 διά
541 309 585 335 τε
625 296 699 349 γῆς
742 296 815 338 καὶ
842 298 1068 357 θαλάσσης.
1139 307 1349 360 Νεωριύυ]
1392 308 1516 349 etiam

133 375 171 403 θ.
218 380 223 384 .
270 377 280 387 .

182 418 278 472 592,
307 418 351 462 6.
409 416 501 473 ἅμα
529 423 570 463 Γ
567 425 735 480 ερμανῷ
759 425 817 481 τῷ
857 425 1095 487 πατριάρχῃ
1123 433 1228 474 ΚΠ.

168 501 276 574 .593,
320 507 384 548 12.
461 498 642 559 ἤρξαντο
682 505 722 548 οἱ
760 510 1008 565 Σαρακηνοί.
1074 512 1173 564 τούς
1204 514 1286 558 ἔσω
1323 515 1369 560 τὸ
1409 518 1514 561 av'w

69 573 221 601 ποιειν.

162 631 291 698 ,11ιίιῇ
323 635 388 699 18Ζ
456 630 527 698 erqo}
558 632 604 675 ‘tc'
641 631 916 691 πάρακαθέζη
945 636 1020 692 τήν
1048 639 1182 692 πόλιν]
1211 645 1310 699 Reg.
1339 654 1416 687 etc.
1441 648 1518 687 fal-

71 688 248 731 lentubus
278 690 408 730 oculis
436 688 614 747 edltum,
649 694 957 750 παρασκευάζῃ.
998 699 1141 749 utquid
1177 701 1306 740 urbem
1338 703 1517 743 obsides?

72 746 390 798 προερχομένου
430 745 579 787 αὐτοῦ.
645 750 859 791 emendate
896 754 995 807 Reg.
1023 768 1115 793 cum
1135 769 1214 810 per
1251 767 1327 797 tres
1350 759 1436 799 dies
1462 758 1521 800 ad

67 815 136 842 eos
162 801 334 842 subinde
362 804 508 844 exiret.

177 871 275 926 594,
305 877 370 920 16.
427 874 486 915 δι’
517 876 674 917 ἐκεῖνον
701 878 958 935 ἐκαβαλλικ]
989 882 1088 935 Reg.
1118 890 1196 923 etc.

137 1010 146 1022 .
179 957 294 1000 Ibid.
320 958 387 1000 20.
443 958 632 1012 δηλῶσαι
673 965 757 1008 τοῖς
785 963 883 1016 τοῦ]
927 964 1050 1020 Peyr.
1083 962 1140 1019 w}
1186 964 1415 1022 προδόσητε
1443 963 1520 1009 αὗ-

70 1027 183 1062 τους.
239 1015 415 1070 perinde
442 1017 543 1072 Reg.
567 1024 643 1057 etc.
678 1021 800 1057 etiam
829 1022 964 1059 Anast.
1010 1037 1059 1061 ne
1085 1025 1340 1078 vosmetipsos
1359 1026 1519 1080 proda-

69 1072 134 1111 tis.
194 1085 343 1126 nempe
383 1073 491 1113 cives
519 1075 736 1114 confirmat
778 1090 828 1115 ne
853 1076 956 1116 tanti
990 1078 1191 1118 exercitus
1219 1082 1407 1133 potentia
1433 1087 1521 1120 ter-

71 1128 143 1168 riti
173 1127 427 1170 deditionem
443 1130 628 1181 faciant3
664 1131 829 1185 ipseque
848 1132 1023 1172 vicissim
1054 1134 1236 1187 episcopi
1266 1137 1400 1177 verbis
1430 1139 1523 1176 ani-

69 1189 224 1225 matur.
253 1186 380 1226 λαλεΐ
411 1184 527 1243 αὐτῷ
558 1187 675 1228 Barb.
708 1193 788 1227 ete.
832 1184 854 1227 ὅ
885 1187 931 1230 δὲ
960 1192 1291 1243 περιστατηθείς.
1348 1193 1523 1250 undique

69 1241 123 1280 ab
147 1243 204 1281 eis
231 1250 373 1297 septus-

182 1322 278 1373 596,
307 1324 348 1365 7.
406 1321 431 1365 ὅ
458 1324 506 1365 δὲ
539 1323 774 1376 Σουλεὶμάν
800 1328 922 1367 τοῦτο
967 1326 1043 1367 ov‘x
1068 1324 1188 1380 ἔγνω]
1212 1330 1313 1385 Reg.
1345 1335 1423 1371 etc.
1454 1346 1522 1372 ne·

74 1381 221 1421 sciebat
248 1381 474 1432 Sulciman,
503 1383 588 1421 iam
624 1384 870 1423 Musalmam
907 1398 1107 1439 superasse
1140 1389 1327 1427 montium
1354 1389 1519 1439 fhuces.

68 1451 148 1478 vox
174 1436 436 1491 Ἀμωρραῖοι
466 1439 624 1479 emend.
656 1454 702 1480 ex
719 1440 842 1495 Peyr.
869 1445 911 1480 et
929 1441 1054 1481 Barb.
1082 1447 1208 1496 atque
1227 1446 1362 1483 Anast.
1395 1441 1524 1497 Ἀμη-

68 1497 197 1548 ραῖοι.
212 1495 254 1534 A
257 1495 426 1536 met-aei.

180 1577 275 1629 597,
312 1582 347 1623 1.
406 1577 608 1619 ἀπέλθετε
651 1579 695 1619 ἐν
734 1582 817 1627 τοῖς
860 1577 1055 1632 κὰστροις
1088 1577 1222 1631 ὑμῶν]
1254 1580 1430 1635 interpr.
1460 1595 1522 1620 re-

66 1636 186 1690 cipite
209 1650 279 1675 vos
305 1637 349 1676 in
374 1645 511 1676 castra
538 1647 685 1676 vestra.
758 1636 910 1678 malim,-
938 1651 1036 1690 ergo
1053 1667 1065 1688 ,
1098 1637 1160 1676 ad
1184 1638 1346 1692 oppida,
1376 1652 1424 1676 ac
1455 1652 1523 1676 m·-

65 1690 132 1731 bec
162 1702 335 1732 vestms.
405 1692 458 1731 ad
486 1694 592 1732 cives
634 1693 743 1731 enim
779 1706 914 1732 sermo
948 1698 1032 1743 est,
1075 1707 1158 1732 non
1190 1694 1241 1732 ad
1271 1693 1443 1741 milites3
1475 1699 1523 1732 ut

67 1748 175 1787 nulla
209 1750 321 1789 forte
350 1747 378 1788 ii
409 1756 540 1788 castra
565 1749 762 1788 haberent
793 1750 832 1788 in
856 1748 1094 1802 provincia3
1127 1748 1195 1788 sed
1217 1749 1321 1802 agris
1350 1749 1443 1798 suis,
1473 1763 1521 1788 ae

65 1805 231 1859 oppidis
261 1805 468 1854 timentes,
495 1806 553 1845 sic
583 1805 786 1859 legatione
816 1805 1061 1844 studuerant
1089 1805 1263 1857 praedas
1295 1805 1345 1844 ab
1372 1805 1440 1856 eis,
1471 1819 1520 1844 ac

65 1861 298 1901 vastitatem
327 1860 548 1916 depellere.
607 1867 654 1900 ut
679 1858 746 1910 τό,
777 1868 919 1911 castra,
948 1861 1057 1914 ipsae
1087 1859 1216 1901 urbes'
1238 1860 1334 1915 sint,
1364 1875 1412 1900 ac
1440 1875 1518 1915 op·

64 1917 187 1971 pida';
219 1932 298 1958 vox
326 1916 491 1970 durior,
524 1917 599 1958 etsi
628 1918 875 1972 indulgenda
902 1917 1123 1957 Anastasio.

171 1995 266 2046 598,
294 1997 335 2040 9.
411 1997 670 2048 παρέρχεται
717 1992 791 2044 τὰς
829 1991 1036 2049 ἐπαρχίας
1075 1991 1237 2049 αιῖτοῦ]
1277 1995 1389 2034 intra
1428 1994 1517 2034 dies

60 2053 234 2108 quinque
261 2053 373 2093 illius
394 2054 625 2108 provinciis·
664 2066 943 2101 excessurum;
987 2050 1099 2105 quod
1140 2051 1224 2090 Leo
1268 2050 1424 2090 iniectis
1469 2051 1516 2089 iis

62 2109 191 2148 moris
224 2110 533 2162 negotiabatur.
607 2109 721 2164 quod
767 2109 808 2148 in
832 2108 937 2147 notis
977 2106 1136 2149 emend.
1165 2113 1286 2159 putat
1312 2107 1356 2146 P.
1387 2108 1517 2156 Gom,

61 2160 127 2205 ὅτι
162 2161 236 2205 ἐπὶ
264 2164 519 2215 Μασαλμᾶν
558 2163 808 2218 ἐπλησίασε,
854 2163 953 2204 nihil
985 2163 1199 2203 cohaeret:
1247 2177 1321 2202 nec
1359 2161 1517 2216 alioqui

61 2219 129 2261 illa
157 2235 238 2261 vox
267 2218 570 2262 Μασσαλαιών
597 2223 676 2261 loci
706 2221 879 2275 propria
906 2220 972 2259 hic
991 2225 1150 2258 tantum
1179 2218 1258 2258 loci
1282 2225 1408 2259 extat.
1437 2217 1515 2257 ha..

58 2277 132 2318 bet
161 2278 272 2318 enim
301 2283 343 2318 et
374 2277 673 2332 Metaphrastes
701 2278 743 2318 in
771 2278 851 2317 vita
882 2277 921 2316 S.
937 2276 1112 2326 Nicetoe,
1140 2274 1253 2329 apud
1279 2288 1403 2330 quem
1430 2273 1516 2316 eins

59 2333 166 2375 exilii
199 2335 314 2375 locus
346 2341 419 2375 est.

90 2453 96 2459 .
168 2412 276 2455 Ibid.
309 2415 374 2457 15.
432 2410 623 2466 α’ζὴμιος,
654 2412 727 2453 καί
749 2404 942 2465 ἅθλιβος]
971 2413 1068 2466 Reg.
1087 2411 1206 2466 Peyr.
1241 2415 1319 2450 etc.

168 2489 264 2543 599,
292 2491 331 2532 2.
404 2488 463 2545 μὴ
497 2489 728 2542 δυνάμενος
770 2491 868 2531 ποτὲ
897 2491 1060 2542 στῆναι]
1098 2504 1169 2529 nec
1197 2501 1366 2544 usquam
1389 2489 1516 2528 consi-

52 2556 156 2588 stere
176 2547 350 2599 valen-53
381 2549 436 2588 ob
469 2549 651 2602 ingentes
683 2563 830 2602 nempe
858 2548 1012 2601 copias,
1041 2546 1187 2600 quibus
1205 2544 1314 2584 nulla
1346 2543 1417 2583 diu
1445 2558 1516 2583 re-

54 2604 123 2658 gio
154 2604 208 2645 ad
237 2611 517 2645 commeatum
545 2603 762 2644 sufficeret.
817 2604 875 2644 sic
903 2605 1007 2643 bene
1038 2601 1235 2641 intellexit
1262 2602 1399 2640 Anast.
1431 2614 1515 2640 uon

57 2659 174 2715 quod
205 2660 347 2701 reddit
379 2675 510 2701 novus
541 2661 719 2715 interpr.
750 2659 939 2715 adeoque
972 2659 1081 2698 venit
1108 2657 1342 2707 Aer-onium,
1373 2670 1516 2706 παρα-

53 2717 230 2769 γίνεται,
260 2731 310 2757 ac
340 2718 488 2758 Leonis
517 2717 745 2771 provinciis
777 2717 874 2755 alibi
912 2716 1082 2755 hiberna
1115 2714 1314 2754 ducturus
1340 2711 1514 2761 excedit,

53 2786 161 2829 quae
190 2778 280 2814 tota
309 2773 428 2815 huius
457 2774 539 2815 loci
568 2773 708 2814 sabula
739 2772 885 2813 existit.
