1794 3250
578 198 649 237 Ex
685 195 1034 238 TllEOPHANE.
1445 191 1540 238 259

79 322 154 363 hos
183 320 387 362 insecutus
418 327 480 362 est
516 336 646 377 usque
674 322 727 362 ad
756 335 931 362 amnem.
1001 327 1045 362 et
1075 336 1172 362 cum
1199 322 1375 363 venisset
1400 321 1545 376 Ephe-

78 393 168 420 sum
197 384 242 419 et
268 378 382 433 apud
411 377 479 419 dei
498 378 637 418 locum
663 379 879 419 orationes
899 377 1072 427 fecisset,
1100 380 1399 419 commercium
1434 394 1546 419 nun-

79 435 287 488 dinarum,
318 434 434 490 quod
463 441 631 476 centum
651 440 744 475 erat
772 435 865 475 auri
882 434 1099 483 librarum,
1132 434 1300 474 indulsit
1328 435 1379 475 ad
1408 435 1548 475 famu-

79 491 211 532 latum
247 492 294 532 S.
321 492 486 532 loannis
531 492 725 546 apostoli.
798 494 983 546 Augusto
1017 504 1119 530 vero
1160 505 1297 532 mense
1325 491 1550 531 coronavit

79 550 313 603 imperator
331 547 598 590 Theodotem
623 547 927 588 cubiculariam
954 548 995 588 in
1029 551 1277 602 Augustam,
1303 555 1347 588 et
1367 547 1550 603 despon-

77 605 184 646 savit
210 619 302 647 eam
328 605 490 661 inique.

190 688 312 729 Anno
343 687 509 741 imperii
534 688 596 728 sui
617 692 746 738 sexto,
778 684 1006 727 indictione
1035 686 1186 741 prima,
1218 686 1447 727 celebravit
1474 687 1551 726 im-

77 751 255 802 perator
286 745 582 785 Constantinus
608 758 705 784 cum
732 741 955 784 'theodote
993 744 1240 798 nuptiarum
1270 743 1480 798 principia
1509 744 1550 783 in

80 803 237 858 palatio
267 801 308 842 S.
326 802 486 842 Mamae
515 815 595 855 per
616 800 700 840 dies
723 799 1001 855 quadraginta
1020 801 1384 855 prolongatarum.
1414 813 1551 840 mense

79 873 183 900 vero
207 857 359 912 Aprilis
388 857 571 898 eiusdem
604 856 842 897 indictionis
873 863 1084 897 nocturno
1105 864 1300 911 tempore
1328 857 1461 896 factus
1493 861 1553 895 est

80 921 221 956 terrae
249 921 386 954 motus
431 913 471 953 in
513 914 642 953 insula
673 913 798 953 Creta
835 912 954 953 valde
994 914 1214 966 terribilis,
1245 927 1382 953 mense
1413 918 1551 953 autem

79 972 192 1013 Maio
223 971 354 1011 factus
386 977 447 1011 est
475 969 841 1024 Constantinopoli
885 970 1005 1010 nimis
1034 969 1265 1011 horribilis.
1325 969 1552 1009 Cardamus

79 1033 300 1085 praeterea
339 1027 530 1067 dominus
557 1026 786 1082 vulgariae
827 1025 1092 1067 denuntiavit
1131 1026 1378 1081 imperatori
1413 1025 1554 1066 dicens

80 1089 181 1126 “aut
211 1084 354 1126 tribue
383 1083 484 1124 mihi
514 1089 635 1137 pacta
653 1113 666 1134 ‚
698 1088 771 1123 aut
813 1083 976 1123 veniam
1007 1082 1060 1123 ad
1090 1098 1261 1124 auream
1291 1097 1420 1138 usque
1447 1096 1555 1137 por-

81 1147 183 1194 tam,
212 1147 256 1182 et
286 1140 490 1182 demoliar
504 1140 750 1179 Thracem.’'
810 1146 871 1179 ast
904 1140 1138 1193 imperator
1163 1140 1301 1194 posita
1332 1139 1484 1194 equina
1514 1138 1553 1177 iu

81 1211 232 1253 mappa
264 1202 454 1238 stercora
500 1195 727 1236 transmisit
754 1196 820 1243 ei,
852 1195 1040 1251 “qualia''
1084 1197 1273 1252 inquiens
1305 1199 1375 1236 “te
1407 1194 1556 1235 decere

81 1260 203 1310 pacta
237 1252 459 1309 praevidi,
490 1252 696 1292 transmisi
733 1252 824 1292 tibi.
896 1267 1043 1293 verum
1088 1253 1185 1309 quia
1216 1267 1336 1293 senex
1366 1265 1424 1300 es,
1455 1251 1556 1291 nolo

80 1318 130 1352 ut
159 1310 344 1365 fatigeris
386 1324 516 1365 usque
554 1309 606 1349 ad
639 1309 742 1349 baec
774 1307 885 1358 loca,
917 1309 987 1349 sed
1019 1324 1096 1363 ego
1127 1310 1251 1350 venio
1284 1322 1415 1364 usque
1446 1310 1558 1348 Mar-

82 1368 200 1419 cella,
230 1373 272 1408 et
302 1374 350 1407 tu
379 1366 464 1416 exi,
498 1371 539 1406 et
568 1363 769 1420 quicquid
808 1364 1058 1406 iudicaverit
1088 1365 1331 1406 deus·fiat.'’
1390 1371 1432 1404 et
1462 1379 1559 1404 cum

83 1425 254 1465 misisset
282 1423 517 1478 imperator
546 1421 598 1461 ad
628 1421 835 1462 ulteriora
870 1421 1071 1472 themata,
1118 1422 1323 1476 congessit
1353 1422 1557 1475 populum

81 1496 200 1523 suum
232 1486 274 1520 et
302 1479 418 1520 venit
449 1493 578 1533 usque
610 1478 890 1528 Versinitiam,
922 1484 964 1518 et
993 1477 1220 1518 cardamus
1253 1492 1383 1532 usque
1414 1478 1465 1518 ad
1494 1477 1691 1527 lu·p.729

82 1553 180 1579 cum
210 1536 440 1583 Abroleva3
486 1540 528 1575 et
567 1549 663 1575 cum
700 1534 960 1585 formidaret,
991 1536 1141 1575 mansit
1183 1536 1222 1574 in
1255 1547 1440 1576 nemore.
1499 1538 1562 1573 ast

81 1595 318 1650 imperator
338 1593 581 1632 confortato
612 1592 774 1646 populo
797 1605 871 1631 suo
903 1591 1006 1631 abiit
1026 1606 1156 1646 usque
1185 1591 1236 1631 ad
1268 1592 1405 1631 lucum
1421 1590 1561 1630 Abro-

80 1652 228 1704 levam,
260 1649 439 1690 invitans
473 1663 567 1688 eum
596 1662 675 1702 per
705 1647 789 1688 dies
821 1647 964 1688 decem
996 1653 1039 1688 et
1067 1655 1243 1703 septem.
1303 1652 1346 1687 at
1375 1648 1445 1687 ille
1474 1660 1559 1685 non

81 1715 143 1750 est
172 1722 309 1757 ausus,
337 1705 410 1747 sed
442 1704 662 1760 repedavit
690 1704 815 1759 fugax
848 1703 899 1744 ad
931 1719 1018 1744 sua.

191 1785 354 1827 Eodem
383 1798 554 1840 quoquc
590 1796 700 1823 anno
745 1789 788 1824 et
826 1783 978 1825 Arabes
1021 1788 1230 1824 venerunt
1269 1797 1399 1838 usque
1430 1784 1562 1822 Amo-

82 1844 208 1893 rium‚
234 1849 277 1883 et
305 1856 401 1883 cum
428 1841 528 1881 nihil
559 1840 848 1894 profecissent,
878 1840 1034 1882 reversi
1066 1845 1174 1891 sunt,
1204 1839 1365 1895 praeda
1396 1839 1437 1879 iu
1472 1840 1559 1879 cir.-

82 1913 346 1955 cumquaque
377 1896 618 1952 regionibus
651 1897 776 1937 facta.

194 1978 357 2018 Eodem
388 1983 528 2016 autem
563 1989 673 2015 anno
714 1975 836 2015 Plato
866 1973 1112 2015 Sacudionis
1156 1974 1282 2014 abbas
1312 1987 1356 2014 se
1383 1972 1559 2013 abscidit

84 2049 108 2074 a
138 2033 435 2074 communione
474 2031 634 2072 Tarasii
667 2030 948 2086 patriarchae,
977 2045 1060 2085 pro
1102 2046 1152 2071 eo
1183 2029 1297 2085 quod
1328 2030 1560 2084 imperato·

85 2106 172 2132 rem
205 2092 245 2131 in
279 2089 618 2130 communionem
648 2089 870 2143 receperit,
903 2094 943 2127 et
982 2088 1212 2128 institutori
1242 2087 1421 2127 tondere
1452 2100 1556 2126 uxo-

85 2163 175 2189 rem
204 2147 289 2188 eius
319 2146 517 2196 Mariam,
549 2150 591 2185 et
638 2145 787 2200 loseph
828 2144 1036 2184 monacho
1071 2150 1113 2184 et
1143 2144 1283 2185 abbati
1317 2142 1558 2183 monasterii

85 2202 201 2260 quod
229 2202 466 2258 appellatur
504 2201 799 2243 Tanchatbara
838 2215 1048 2242 coronare
1085 2215 1178 2241 eum
1210 2215 1306 2241 cum
1335 2197 1559 2239 Theodot'e

83 2259 364 2316 praeceperit.
422 2257 539 2313 quod
561 2272 656 2298 cum
686 2257 895 2299 didicisset
923 2257 1173 2311 imperator,
1206 2257 1328 2298 misso
1348 2254 1556 2295 Bardanio

83 2317 265 2372 patricio
299 2321 341 2357 et
368 2314 605 2356 scholarum
636 2315 894 2365 domestico,
934 2320 1061 2369 atque
1092 2316 1248 2354 Ioanne
1288 2311 1442 2353 comite
1468 2310 1558 2348 Ob-

83 2374 231 2428 seqlui,
259 2373 480 2413 Platonem
509 2371 745 2412 introduxit
772 2372 815 2410 in
847 2371 1008 2421 urbem,
1038 2375 1080 2410 et
1109 2371 1278 2411 reclusit
1305 2370 1413 2408 intra
1444 2366 1559 2406 clau-

85 2436 170 2472 stra
199 2431 241 2469 in
273 2428 430 2483 templo
462 2426 667 2481 principis
700 2426 885 2478 militiae,
917 2426 1035 2482 quod
1066 2433 1126 2467 est
1159 2428 1200 2466 in
1230 2425 1400 2481 palatio·
1458 2419 1557 2462 reli-

87 2501 192 2543 quos
225 2500 327 2526 vero
363 2482 590 2525 monachos
621 2498 716 2523 cum
737 2483 958 2538 nepotibus
987 2484 1072 2523 eius
1093 2497 1308 2537 percussos
1336 2479 1456 2520 exilio
1487 2491 1559 2518 re-

86 2543 238 2598 legavit
269 2541 379 2596 apud
408 2540 775 2590 Thessalonicam3
814 2539 967 2594 quibus
1011 2540 1291 2579 auxiliabatur
1314 2541 1452 2575 mater
1476 2535 1558 2574 im-

86 2599 324 2696 geratoris,
354 2605 554 2652 tanquam
599 2596 660 2636 his
691 2595 762 2651 qui
806 2596 892 2636 filio
923 2610 998 2637 suo
1028 2597 1275 2636 resistebant
1303 2598 1345 2634 et
1377 2590 1558 2631 confun-

118 2657 260 2698 ebant.

200 2742 320 2782 Anno
350 2756 453 2782 vero
486 2736 652 2792 imperii
683 2737 746 2778 sui
767 2736 960 2791 septimo,
992 2749 1129 2775 mense
1158 2746 1258 2772 vcro
1276 2730 1606 2785 Septembrioffl-
1630 2730 1697 2765 730

88 2811 271 2852 egressus
300 2804 361 2839 est
399 2798 633 2852 imperator
677 2808 772 2834 cum
810 2798 945 2833 matre
975 2807 1072 2839 sua,
1115 2796 1161 2830 ut
1195 2787 1403 2828 calefieret
1446 2787 1559 2840 apud
