1728 3184
208 184 304 233 698
857 191 1022 234 INDEX

252 291 343 326 lerio
368 292 588 327 Maximiano
625 292 766 328 insidiis
788 303 901 340 appe-

250 340 340 374 titus
367 340 423 382 10,
447 340 469 374 9
507 341 560 383 12,
583 339 607 374 4
676 341 899 376 Christianus

253 388 324 422 iam
349 393 424 422 tum
449 389 612 423 innuitur
636 389 684 423 ib.
711 389 741 424 5.
787 402 805 424 a
833 401 901 436 pa-

249 441 305 470 tre
331 436 544 471 Constantio
582 438 774 483 imperator
805 437 900 472 desi-

252 489 380 527 gnatus
412 483 465 526 14,
482 486 536 518 11.
566 485 604 518 in
620 486 742 527 Gallis,
768 491 805 520 et
820 487 901 520 Bri-

247 533 372 566 tannia
396 533 550 578 imperat
579 533 634 575 16,
667 535 698 567 1.
725 534 899 567 Maxentii

246 580 375 621 victor,
401 592 504 615 cruce
529 593 548 616 e
574 581 676 616 coelo
693 587 900 628 apparente,

247 627 401 662 efficitur
431 628 487 669 19,
513 628 547 662 4.
596 636 786 674 martyrum
811 629 898 663 reli-

247 677 349 722 quias
381 678 509 710 Romae
549 678 709 722 colligit,
744 689 784 711 ac
813 677 897 710 reli-

247 724 348 768 giose
379 726 511 770 sepelit
544 725 600 766 20,
628 726 661 759 5.
713 726 896 759 Galerium

245 770 521 814 Maximianum,
546 773 669 807 divina
695 785 761 819 ope
786 774 898 807 vincit

245 818 294 853 ib.
313 820 367 854 15.
395 821 470 855 eius
496 821 533 855 in
562 833 635 854 rem
661 820 896 855 Christianam

244 868 362 913 pietas
391 868 451 910 19,
481 869 534 903 13.
568 870 626 911 21,
652 868 685 902 3.
719 869 776 911 22,
800 867 835 902 4.
860 869 894 902 8.

244 914 302 959 30,
320 915 374 949 19.
400 917 457 959 33,
477 917 529 951 19.
556 916 612 959 39,
626 917 659 949 4.
678 916 735 958 40,
762 916 816 951 16.
836 915 894 958 42,

196 1008 425 1045 Constantini
438 1023 549 1055 genus
565 1016 600 1045 et
612 1011 754 1045 soboles
771 1011 892 1050 14,10.

244 1059 304 1100 25,
327 1060 382 1094 18.
408 1060 464 1101 27,
487 1062 515 1092 1.
550 1060 724 1093 Licinium
752 1060 893 1106 imperii

243 1108 419 1151 collegam
437 1107 661 1149 instituit22,
675 1109 705 1140 1.
723 1119 741 1140 a
767 1119 892 1153 perse-

242 1156 398 1201 quendis
433 1155 647 1190 Christianis
680 1167 741 1200 per
769 1157 891 1190 literas

239 1205 435 1249 compescit
459 1202 517 1244 23,
548 1203 601 1237 13.
642 1203 890 1245 Alexandrum,

241 1258 278 1285 et
307 1253 431 1286 Arium
468 1251 663 1285 conciliare
694 1251 812 1286 studet
834 1251 891 1294 24,

240 1299 272 1332 5.
332 1300 479 1333 Hosium
523 1301 561 1333 in
598 1301 815 1344 Aegyptum,
851 1312 890 1333 ac

238 1347 424 1382 Orientem
453 1348 564 1381 mittit
603 1347 652 1381 ib.
679 1346 711 1381 9.
759 1349 890 1382 Romae

238 1406 258 1428 a
297 1396 470 1429 Silvestro
510 1395 712 1441 baptizatur
745 1396 795 1429 ib.
835 1396 889 1430 16.

236 1443 301 1476 alii
341 1444 378 1477 in
406 1444 555 1478 Oriente
591 1443 718 1477 dicunt
747 1444 792 1476 ab
818 1445 890 1478 Eu-

237 1491 339 1525 sebio
365 1491 503 1525 Nicom.
534 1492 668 1529 Ariano
693 1491 748 1533 25,
772 1492 806 1526 2.
833 1492 889 1534 50,

237 1539 270 1575 7.
299 1539 374 1573 Nili
400 1551 602 1573 mensuram
630 1541 667 1574 in
703 1539 888 1574 eeclesiam

235 1588 408 1622 transfert
433 1587 483 1621 ib.
509 1588 598 1629 eius,
626 1599 666 1620 ac
686 1588 797 1633 Crispi
823 1588 888 1621 filii

238 1635 337 1679 leges
362 1647 427 1681 pro
457 1635 670 1670 ChristianiS
693 1636 750 1677 25,
766 1636 889 1678 16-27,

232 1682 267 1717 9.
297 1683 476 1718 Licinium
497 1690 640 1730 captum
665 1685 739 1719 vita
765 1683 890 1726 donat,

235 1742 330 1765 nova
363 1733 575 1766 molientem
619 1737 726 1766 necat
760 1731 818 1775 28,
856 1732 887 1765 1.

238 1779 333 1812 filios
357 1786 454 1814 creat
481 1791 643 1814 caesares
669 1780 718 1814 ib.
745 1780 786 1814 15

192 1825 425 1861 Constantini
467 1829 673 1874 praeclarae
710 1828 826 1869 dotes,
855 1838 895 1861 ac

236 1874 389 1909 virtutes
414 1875 471 1917 28,
499 1876 553 1910 16.
603 1876 649 1909 ab
680 1876 832 1916 Arianis,
858 1881 895 1909 et

237 1922 435 1966 gentilibus
464 1929 502 1957 ut
530 1925 671 1969 spurius
698 1924 893 1957 infamatur

235 1969 295 2011 25,
315 1970 368 2004 15.
399 1971 588 2005 martinum
608 1978 798 2015 tyrannum
827 1971 891 2004 de-

236 2016 366 2060 bellat,
395 2023 432 2052 et
456 2019 590 2053 occidit
609 2018 707 2060 29,5.
734 2020 894 2053 Licinia-

237 2076 326 2100 num
362 2066 522 2100 Caesaris
564 2067 767 2112 insignibus
794 2067 895 2099 exuit

237 2113 289 2147 ib.
318 2114 350 2148 7.
397 2114 548 2148 Nar-sem
583 2115 765 2148 Persarum
802 2114 894 2159 regis

238 2161 352 2194 filiurn
382 2161 562 2199 interimit
589 2162 637 2195 ib.
666 2162 718 2194 12.

193 2206 424 2244 Constantini
438 2209 648 2244 vicennalia
670 2209 727 2251 29,
750 2208 803 2242 13.
829 2209 894 2243 Ni-

239 2269 373 2291 caenae
419 2257 546 2302 synodi
575 2257 737 2302 patribus
768 2268 893 2290 neees-

240 2307 334 2339 saria
360 2306 488 2340 sufficit
500 2304 624 2348 30,13.
650 2305 706 2339 illi
731 2305 894 2345 interest,

241 2356 391 2399 eiusque
403 2353 548 2388 decreta
559 2354 631 2388 suis
649 2353 765 2387 literis
778 2353 895 2386 munit

241 2402 299 2443 31,
325 2402 357 2435 3.
404 2403 553 2436 Arianos
590 2402 748 2445 exagitat
775 2400 832 2442 32,
861 2401 893 2434 8.

241 2450 318 2483 eius
344 2451 381 2483 in
409 2455 551 2484 sanctos
573 2449 797 2484 confessores
816 2449 895 2495 pie-

240 2503 306 2538 tas,
332 2498 445 2543 inque
471 2499 662 2543 episcopos
689 2496 814 2541 religio
843 2495 892 2529 ib.

245 2544 298 2578 18.
359 2546 604 2580 Alexandrum
642 2556 723 2579 cum
767 2545 894 2589 gentili

240 2593 463 2639 philosopho
516 2593 709 2628 committit
745 2592 815 2634 33,
861 2594 893 2625 8.

241 2641 450 2675 mundanda
478 2642 558 2676 loca
583 2646 718 2683 sancta,
745 2652 785 2674 ac
811 2652 896 2674 cru-

242 2700 318 2721 cem
356 2690 614 2735 exquirendam
644 2689 821 2735 praecipit
845 2689 893 2721 ib.

245 2734 298 2768 14.
325 2737 450 2778 37,11.
475 2739 581 2771 matri
601 2738 761 2771 Helenae
789 2748 892 2769 coro-

242 2794 323 2818 nam
348 2785 477 2831 iusque
500 2791 668 2821 monetae
691 2784 820 2820 tribuit
843 2784 892 2817 ib.

246 2831 300 2865 19.
353 2833 476 2867 urbem
505 2845 548 2869 ex
585 2845 648 2868 suo
676 2834 822 2868 nomine
847 2833 894 2866 ad

1015 294 1224 338 Byzantium
1251 293 1376 329 condit
1401 295 1460 338 34,
1490 298 1524 331 3.
1553 298 1668 333 sabo-

1015 353 1087 375 rem
1104 342 1306 388 (Saporem)
1319 355 1338 375 a
1355 344 1505 379 saevitia
1515 346 1553 380 in
1566 347 1669 381 Chri-

1015 390 1148 423 stianos
1175 389 1332 424 deterret
1344 390 1439 432 37,4
1473 391 1668 428 sacros'li-

1014 437 1097 470 bros
1107 437 1384 472 conscribendos
1397 440 1553 476 Eusebio
1565 443 1667 476 Pam·

1014 484 1106 531 phili
1118 485 1377 529 committit40‚
1391 487 1444 522 10.
1460 489 1670 531 Germanos,

1013 535 1202 576 Sarmatas,
1218 533 1372 568 Gotthos
1398 535 1523 571 domat
1549 537 1599 572 ib.
1613 537 1668 572 14.

1014 581 1162 625 Scythas
1181 587 1384 617 constructo
1400 583 1444 618 ad
1460 586 1665 620 Danubium

1012 635 1123 674 ponte
1148 630 1282 674 subigit
1306 628 1364 672 41,
1382 631 1434 666 16.
1462 633 1665 680 Drepanum

1013 677 1269 723 Helenopolim
1305 679 1505 714 vocandam
1548 684 1667 716 sanxit

1013 724 1060 757 ib.
1089 726 1118 758 1.
1166 725 1518 773 Constantinopolim
1548 741 1664 764 novae

1012 774 1144 807 Romae
1175 779 1283 818 auget
1319 776 1490 819 nomine,
1523 783 1664 819 senatu,

1011 822 1177 855 columna
1202 822 1423 867 porphyrite,
1451 831 1516 859 etc.
1546 825 1663 860 ib.20.

1009 870 1140 903 eversis
1173 871 1342 916 templis,
1378 883 1500 907 eorum
1536 874 1664 920 spoliis

1013 916 1181 951 ecclesias
1206 917 1299 952 ditat
1322 915 1379 960 42,
1406 918 1439 953 9.

965 963 1194 999 Constantini
1213 966 1445 1001 ‘l'ricennalia
1470 967 1528 1010 43,
1546 967 1599 1002 19.
1627 970 1663 1002 in

1009 1012 1244 1046 Athanasium
1283 1014 1461 1050 infensior
1497 1016 1544 1049 ob
1590 1028 1663 1050 non

1010 1067 1193 1106 receptum
1212 1062 1346 1104 Arium,
1372 1067 1440 1096 etc.
1464 1063 1522 1105 44,
1546 1063 1580 1104 8,
1607 1063 1664 1105 45,

1008 1108 1041 1141 8.
1070 1106 1128 1150 47,
1154 1109 1187 1145 3.
1239 1110 1425 1144 Treverim
1460 1112 1499 1145 in
1529 1112 1661 1145 Galliis

1010 1156 1122 1190 exilio
1149 1158 1285 1202 relegat
1313 1157 1371 1200 48,
1396 1158 1430 1192 4.
1458 1159 1534 1192 eius
1564 1160 1662 1205 prior

1008 1204 1366 1251 Constantinopolim
1400 1207 1576 1241 adventus
1603 1207 1660 1249 49,

1006 1251 1036 1284 3.
1080 1253 1315 1298 expeditione
1342 1255 1379 1288 in
1407 1255 1528 1288 Persas
1553 1255 1661 1288 Meo-

1007 1299 1148 1333 mediae
1177 1302 1329 1335 moritur
1353 1301 1411 1344 50,
1438 1302 1468 1337 7.
1495 1304 1572 1336 eius
1598 1313 1660 1336 ae-

1006 1352 1072 1389 tas,
1100 1360 1141 1382 ac
1163 1350 1248 1383 anni
1276 1350 1417 1396 imperii
1446 1350 1495 1384 ib.
1521 1350 1575 1384 13.
1595 1352 1663 1384 irn-

1004 1397 1144 1441 perium
1176 1397 1261 1430 filiis
1287 1410 1330 1431 ex
1357 1403 1573 1432 testamento
1601 1398 1660 1432 di·-

1004 1443 1096 1478 vidit
1122 1445 1170 1478 ib.
1198 1445 1254 1479 15.
1297 1445 1534 1482 Athanasium
1560 1459 1664 1481 revo-

1004 1492 1075 1524 cari
1098 1493 1136 1527 in
1173 1499 1288 1527 morte
1325 1494 1430 1528 iubet
1454 1495 1512 1537 51,
1537 1494 1569 1528 6.
1622 1497 1661 1529 in

1004 1546 1210 1575 sanctorum
1244 1542 1491 1586 apostolorum
1522 1543 1660 1588 templo

1006 1587 1174 1622 conditus
1192 1589 1282 1623 ibid.
1330 1589 1376 1623 ad
1402 1590 1515 1624 sancti
1541 1591 1660 1624 Aeacii

1005 1636 1182 1682 templum
1233 1637 1448 1671 Macedonio
1490 1638 1663 1685 episcopo

1007 1695 1086 1717 cum
1111 1686 1270 1719 tumultu
1299 1686 1515 1720 transfertur
1541 1685 1598 1726 70,
1629 1686 1660 1718 1.

1007 1732 1162 1766 ecclesia
1185 1733 1410 1767 Antiochena
1432 1733 1478 1767 ab
1509 1745 1552 1767 eo
1577 1746 1665 1767 con-

1008 1779 1083 1813 dita
1110 1781 1167 1814 55.
1197 1780 1230 1815 9.

960 1826 1221 1861 Constantinus
1266 1826 1496 1861 Constantini
1548 1828 1665 1862 maior

1008 1875 1105 1908 filins
1131 1875 1271 1909 Italiam
1288 1875 1432 1909 obtinet
1459 1875 1517 1915 50,
1533 1874 1586 1909 16.
1604 1875 1662 1916 51,

1010 1922 1064 1956 16.
1123 1923 1335 1957 Constantis
1372 1923 1462 1957 {ines
1487 1923 1663 1957 invadens

1007 1969 1187 2004 occitlitur
1215 1971 1272 2015 53,
1297 1970 1350 2004 16.

959 2018 1217 2053 Constantinus
1236 2019 1369 2053 Leonis
1405 2018 1520 2052 Isauri
1567 2018 1663 2051 iilius

1005 2064 1086 2106 614,
1114 2066 1167 2100 19.
1225 2067 1264 2100 in
1305 2066 1485 2112 baptismo
1516 2066 1662 2100 sinistro

1007 2114 1127 2147 omine
1146 2115 1265 2149 fontes
1286 2113 1413 2148 foedat
1429 2113 1511 2155 615,
1537 2113 1569 2147 8.
1596 2125 1656 2146 co-

1009 2168 1157 2196 ronatur
1186 2173 1206 2195 a
1234 2167 1348 2207 patre,
1365 2173 1488 2206 preces
1506 2161 1665 2195 funden-

1008 2216 1043 2243 te
1074 2211 1107 2244 S.
1136 2210 1316 2244 Germano
1343 2209 1495 2251 616,17.
1524 2210 1665 2242 lrenem

1009 2257 1167 2302 Chagani
1181 2258 1289 2291 filiam
1303 2269 1453 2291 uxorem
1468 2256 1568 2291 ducit
1579 2256 1660 2297 631,

1006 2305 1039 2339 2.
1067 2305 1202 2340 Melieh
1229 2311 1266 2340 et
1279 2306 1383 2339 Batai
1408 2304 1563 2339 Arabum
1593 2304 1662 2337 du-

1007 2364 1066 2387 ces
1102 2365 1180 2387 cum
1218 2359 1321 2399 patre
1360 2353 1474 2387 vincit
1497 2351 1578 2393 633,
1606 2351 1660 2385 13.

1008 2402 1084 2435 eius
1111 2402 1349 2446 pravimores,
1376 2411 1589 2446 erroresque
1603 2411 1664 2433 su-

1005 2450 1121 2494 gillati
1149 2448 1231 2490 636,
1258 2449 1292 2483 2.
1327 2447 1567 2483 Artabasdum
1596 2459 1663 2492 op-

1007 2498 1163 2543 primere
1190 2502 1348 2536 tentans,
1378 2496 1562 2530 Amor-ium
1587 2495 1664 2541 ipse

1010 2545 1134 2590 fugere
1160 2545 1301 2590 cogitur
1323 2544 1405 2586 638,
1437 2541 1491 2577 14.
1535 2543 1662 2576 urbem

1008 2593 1140 2627 frustra
1168 2598 1288 2627 tentat
1304 2591 1385 2634 639,
1410 2591 1468 2626 20.
1509 2591 1664 2624 Artaba-

1006 2641 1072 2675 sdo
1084 2642 1221 2675 victore
1235 2641 1272 2674 in
1286 2641 1405 2684 sugam
1416 2639 1569 2672 vertitur
1581 2636 1664 2679 643,

1010 2688 1064 2722 14.
1089 2687 1279 2723 Artabasdi
1316 2688 1430 2721 {ilium
1458 2686 1560 2730 fugat
1583 2685 1664 2726 644,

1009 2737 1040 2770 1.
1102 2736 1191 2770 urbe
1222 2736 1394 2777 obsessa,
1424 2733 1665 2768 Artabasdum

1007 2783 1053 2817 ad
1082 2785 1364 2833 pugnamxcogit,
1386 2793 1426 2816 ac
1442 2782 1555 2816 vincit
1580 2781 1665 2822 645,

1009 2832 1063 2867 18.
1089 2832 1172 2876 646,
1196 2832 1229 2867 5.
1269 2836 1414 2877 captum
1444 2830 1559 2865 oculis
1581 2839 1663 2870 cae-
