1728 3184
685 155 885 197 NOTAE.
1427 155 1520 200 355
1588 197 1605 212 ,

57 276 218 317 elevato
246 274 385 316 audiri
416 274 600 330 coepisse
631 274 842 330 reliquum
870 279 943 316 est.
969 289 1120 315 errore
1155 275 1297 332 itaque
1326 276 1524 332 deceptus

59 340 121 373 est
147 332 352 374 Baronius
386 332 458 372 uhi
489 346 598 372 anno
631 330 784 371 Christi
813 330 909 382 365,
936 331 1220 372 Valentiniani
1251 333 1435 375 secundo
1457 349 1526 374 ae·

55 396 194 430 censet
227 394 478 443 utrumque,
508 388 698 429 Gratiani
729 402 831 427 vero
878 388 1189 441 promotionem
1219 390 1333 429 annis
1362 390 1526 431 duobus

56 450 267 497 semovet,
309 445 363 485 ad
395 445 550 486 Christi
576 444 772 496 videlicet
802 441 898 494 367,
938 444 1068 498 patris
1106 452 1243 485 autem
1271 442 1312 485 4.
1368 447 1441 486 sed
1473 462 1524 487 an

57 501 266 554 decipere,
294 500 359 541 vel
391 502 432 541 in
469 515 660 542 errorem
683 499 884 541 inducere
916 500 1110 550 voluerit,
1140 501 1330 541 Gratiani
1358 503 1526 544 nomine

58 558 100 598 in
134 557 211 598 illis
241 557 392 598 litteris
423 571 659 613 suppresso,
689 563 730 597 et
762 557 803 596 in
836 571 982 598 earum
1025 557 1166 597 limine
1194 557 1426 599 nullatenus
1455 574 1530 599 ex-

58 619 191 663 tante,
223 629 334 654 anno
351 612 434 654 365
467 629 580 657 num.
604 614 655 654 21
698 613 887 654 nondum
919 620 1185 668 compertum
1214 620 1286 657 est.
1315 619 1363 652 ut
1391 621 1530 655 autem

61 670 113 710 de
157 670 228 710 illo
266 670 538 724 praefigendo
586 671 697 711 testis
740 670 854 710 adest
880 669 1183 724 Theophanes,
1215 670 1272 710 ita
1303 678 1440 711 certus
1472 677 1533 712 est

60 733 213 767 auctor
242 726 534 767 Theodoretus
564 727 636 767 lib.
655 725 684 766 4
711 741 803 781 cap.
822 726 863 774 7,
895 741 942 766 ex
978 741 1063 781 quo
1096 725 1222 767 edicti
1248 726 1414 767 titulum
1447 741 1531 768 non

61 783 242 824 fideliter
270 783 473 823 Baronius
503 783 728 837 exscripsit.
759 778 1067 835 αὐτοκράτορες
1098 779 1304 835 μέγιστοι,
1334 781 1534 835 αἐισέβαὲ·

20 834 23 838 ’
58 852 168 892 oroi,
198 836 390 892 νικηταί,
426 832 694 892 Αὔγουστοι,
743 837 1119 889 Οὐαλεντινιανός,
1150 839 1225 880 καί
1253 837 1438 892 Ουάλης,
1464 837 1538 880 καί

61 895 103 935 Γ
98 891 311 948 ρατιανός.
346 902 428 936 etc.
464 898 591 952 impp.
621 897 821 944 maximi,
858 910 1016 949 semper
1041 895 1233 949 Augusti,
1261 897 1428 936 victores
1447 896 1534 935 Λιι-

58 953 180 1005 gusti,
211 951 260 992 V
253 953 537 1000 αἱεηίἰηίαηιις,
573 953 619 991 V
614 955 724 992 alens
751 963 787 991 et
818 952 1051 1001 Gratianus,
1084 959 1163 994 etc.
1200 953 1405 992 Baronius
1434 953 1537 992 scri-

63 1008 161 1062 psit.
187 1010 314 1064 impp.
352 1010 544 1059 maximi,
572 1023 730 1064 semper
757 1009 893 1061 Augg.
931 1009 1115 1057 victores,
1147 1008 1474 1061 Valentinianus,
1502 1019 1540 1048 ee

69 1064 225 1105 Valens
255 1066 451 1121 episcopis
478 1065 713 1116 dioeceseos,
744 1071 821 1104 etc.

176 1147 255 1197 95,
299 1151 364 1194 18.
420 1144 513 1188 τότε
551 1145 626 1188 καί
670 1144 920 1202 Γρηγόριος]
965 1153 1224 1202 praesentem
1254 1146 1304 1188 de
1335 1148 1532 1203 Gregorii

73 1203 256 1259 theologi
288 1204 330 1244 in
363 1205 443 1246 CP.
470 1204 608 1245 sedem
639 1205 914 1259 promotione
943 1218 1133 1244 errorem
1162 1204 1339 1260 corrigit
1368 1205 1540 1245 inferius

67 1268 220 1303 auctor
253 1261 339 1315 ipse
369 1261 420 1301 ad
451 1276 606 1301 annum
635 1261 780 1301 mundi
810 1259 933 1311 5873,
965 1261 1119 1301 Christi
1148 1259 1244 1301 373.

179 1344 247 1396 96,
276 1343 316 1386 9.
370 1340 550 1398 Βάρσην
571 1345 618 1386 δὲ
644 1342 719 1386 τὸν
740 1343 965 1385 ἐπίσκοπον
991 1344 1173 1399 Ἐδέσης]
1207 1345 1424 1386 historiam
1456 1360 1538 1385 non

69 1401 301 1442 chronicon
335 1402 437 1442 texit
469 1402 539 1441 hic
570 1402 859 1456 Theophanes,
898 1403 1041 1442 Barses
1072 1403 1229 1456 quippe
1259 1409 1354 1441 ante
1384 1402 1543 1441 Valen-

71 1458 119 1500 tis
148 1459 342 1499 Edessam
382 1459 692 1511 profectionem
734 1458 855 1499 exilio
897 1460 1117 1498 mulctatus
1150 1464 1237 1509 est,
1268 1473 1313 1498 ex
1341 1457 1543 1498 Theodo-

74 1514 156 1556 reti
185 1515 257 1557 lib.
290 1510 319 1554 4
344 1528 438 1567 cap.
461 1516 512 1558 16
543 1515 728 1563 ineunte,
758 1522 885 1569 atque
915 1514 1020 1555 adeo
1055 1530 1139 1554 non
1171 1514 1219 1554 iis
1249 1514 1366 1554 annis
1395 1515 1546 1568 quibus

69 1573 155 1612 leto
186 1571 400 1626 proximus
430 1571 585 1611 bellum
611 1573 652 1610 in
673 1571 855 1612 Gotthos
887 1571 1079 1611 ultimum
1108 1578 1360 1611 renovarat:
1393 1570 1444 1610 de
1473 1585 1547 1624 pe·

73 1627 182 1682 lagio
210 1628 476 1668 Laodicaeno
508 1628 655 1668 eadem
683 1628 840 1668 sentire
867 1627 981 1682 cogit
995 1629 1199 1668 Baronius
1229 1627 1282 1667 ad
1314 1641 1468 1667 annum
1499 1628 1545 1669 C.

71 1683 153 1725 370
188 1699 303 1725 num.
340 1686 407 1728 13.

182 1769 290 1810 Ihid.
324 1772 388 1813 15.
466 1766 819 1816 Ουάλεντινιανὸς
861 1764 882 1808 ὅ
920 1766 1067 1822 μέγας]
1108 1769 1246 1823 quotis
1288 1767 1436 1807 vixerit
1477 1773 1550 1807 aut

73 1826 346 1880 imperaverit
386 1826 501 1865 annis
535 1825 850 1865 Valentinianus
894 1826 1036 1866 senior
1065 1825 1131 1865 vix
1167 1839 1260 1865 cum
1291 1824 1438 1879 quovis
1467 1824 1549 1864 alio

77 1883 285 1922 consentit
314 1880 615 1937 Theophanes:
659 1882 710 1922 dc
737 1882 803 1922 his
834 1881 1063 1922 chronicon
1096 1881 1342 1936 Hieronymi
1377 1887 1418 1920 et
1451 1879 1548 1919 Ale.

78 1938 351 1992 xandrinum,
380 1939 534 1979 Victor
564 1938 604 1978 in
637 1939 841 1993 epitome,
874 1938 1111 1978 Ammianus
1146 1938 1217 1978 lib.
1249 1938 1318 1987 30,
1356 1938 1550 1976 Socrates

76 1994 149 2034 lib.
178 1994 207 2033 4
238 2009 329 2049 cap.
358 1992 424 2045 26,
470 1996 725 2035 Sozomenus
765 1996 838 2035 lib.
870 1994 897 2034 6
931 2009 1022 2048 cap.
1061 1992 1130 2046 36,
1163 1993 1375 2035 clarissimi
1402 1993 1551 2034 litteris

78 2051 298 2102 Petavius‚
328 2051 529 2102 Valesius,
562 2058 604 2091 et
633 2052 718 2092 alii.

190 2123 304 2165 Ibid.
330 2123 392 2164 17.
451 2120 748 2178 Σαυρομάται]
788 2124 951 2181 Quados
978 2129 1131 2164 vocant
1150 2123 1386 2164 Ammianus
1415 2127 1459 2163 et
1471 2119 1550 2162 Vi-

78 2186 187 2219 ctor.
244 2179 347 2219 haec
377 2181 566 2221 narratio
596 2196 643 2221 ex
674 2182 908 2222 Sozomeno
939 2182 1080 2224 citato.

193 2263 261 2315 97,
295 2267 362 2309 17.
421 2261 731 2316 ὀνειδιζόμενος
759 2264 805 2304 δὲ
830 2264 1061 2319 μαλακίαν]
1091 2263 1186 2318 ipsis
1216 2276 1324 2317 pene
1353 2259 1549 2302 Theodo-

79 2321 160 2362 reti
196 2322 331 2362 verbis
361 2316 478 2364 lib.4
518 2320 675 2375 cap.29
706 2329 851 2361 narrat
882 2322 957 2362 ista
985 2319 1284 2374 Theophanes:
1314 2331 1422 2371 quae
1438 2317 1549 2356 Gra-

80 2379 196 2419 tiano
228 2384 428 2433 quartum
459 2384 500 2417 et
524 2378 783 2419 Merobaude
811 2392 912 2419 coss.
944 2377 994 2417 ad
1025 2384 1269 2417 autumnum
1297 2379 1409 2428 gesta
1437 2372 1550 2413 indi-

80 2442 149 2475 cat
178 2434 444 2475 Marcellinus
475 2434 550 2474 lib.
578 2437 645 2478 31.

194 2509 305 2549 Ibid.
331 2510 395 2552 19.
452 2502 632 2555 πολλοὺς
661 2506 708 2547 δὲ
740 2505 920 2561 ἀνεῖλεν]
954 2507 1083 2547 inanis
1105 2501 1307 2559 'repetitio
1338 2500 1550 2543 dictorum

85 2580 196 2606 anno
226 2563 511 2606 Valentiniani
544 2578 670 2605 nono.

195 2638 263 2689 99,
291 2639 330 2679 5.
389 2633 461 2676 διὰ
491 2636 567 2676 τοῦ
603 2636 763 2688 μέλους
807 2634 906 2684 τούς
935 2631 1209 2688 ἇργοτὲροῡς]
1255 2633 1306 2672 de
1345 2632 1550 2673 Graecor-

84 2695 262 2736 melodis
291 2695 542 2750 exquisitum
573 2694 726 2733 Leonis
750 2693 890 2733 Allatii
931 2693 1176 2747 opusculum
1203 2687 1440 2743 legendum.

203 2767 318 2811 Ibid.
354 2770 420 2810 10.
482 2763 508 2819 ἦ
538 2765 620 2806 τῶν
649 2765 964 2807 Μεσσαλιανῶν
994 2761 1172 2818 αἵρεσις]
1215 2760 1255 2800 in
1286 2757 1551 2814 Theophanis
