1768 3268
249 187 340 238 184
461 193 740 236 ANASTASH
785 191 1044 234 nisTomA
1079 186 1487 232 EcclAEsiAs'ncA

241 315 391 349 sextam
422 308 636 364 synodum,
664 313 706 349 et
734 307 851 362 pulso
883 307 994 361 Cyro
1023 310 1135 345 sexto
1167 316 1274 342 anno
1302 299 1609 353 patriarchatus
1638 301 1699 339 sui

241 366 358 404 lieret
391 366 560 404 loannes
603 363 843 418 patriarcha
875 360 1294 413 Constantinopoleos
1339 361 1380 395 et
1406 354 1586 395 Andreas
1617 370 1702 394 me.-

242 421 442 474 tropolita
455 421 658 461 Cretensis
673 427 714 461 et
729 423 958 460 Germanus
973 414 1239 469 metropolita
1255 411 1406 467 Cyzici,
1429 411 1502 466 qui
1519 411 1702 460 subscri-

240 485 412 531 pserunt
451 476 664 517 evidenter
696 481 737 516 et
766 474 1234 521 anathematizaverunt,
1271 484 1366 507 cum
1408 468 1598 507 omnibus
1629 467 1703 522 qui

239 548 316 587 per
345 534 487 573 eadem
526 539 719 586 tempora
764 532 902 584 fuere,
931 529 1188 584 praedictam
1229 532 1376 564 contra
1411 524 1703 564 monothelitas

241 589 490 629 celebratam
520 595 701 629 sanctam
724 587 995 627 universalem
1023 590 1175 624 sextam
1194 580 1424 636 synodum;
1454 586 1548 634 post
1575 594 1705 620 annos

240 659 341 685 vero
372 651 456 685 tres
489 645 684 685 defuncto
717 645 867 683 loanne
898 641 1114 682 translatus
1143 637 1270 678 fuerit
1301 639 1534 677 Germanus
1567 652 1590 676 a
1617 637 1702 691 Cy-

240 701 329 741 zico
358 707 399 741 et
426 701 665 754 patriarcha
694 700 813 740 fieret
844 694 1274 748 Constantinopole0s‚
1311 699 1351 733 et
1384 693 1545 733 decimo
1573 692 1701 733 tertio

240 773 349 797 anno
380 757 544 810 imperii
573 756 721 797 Leonis
750 754 1037 808 expelleretur,
1068 757 1109 792 et
1138 751 1257 790 fieret
1277 748 1522 799 Anastasius,
1553 755 1596 789 et
1623 763 1702 803 pa-

240 813 473 854 triarchatu
506 814 749 867 fungeretur
779 810 892 850 annis
911 809 974 859 24,
1007 814 1048 848 et
1069 813 1164 862 post
1194 821 1288 847 eum
1303 805 1596 847 Constantinus
1626 806 1704 845 an·-

241 869 301 909 nis
334 869 397 919 12,
428 875 468 909 et
497 869 645 909 Paulus
676 868 714 918 5,
747 874 787 907 et
811 866 999 906 Tarasius
1030 865 1098 904 21.

114 939 228 988 p.555
351 935 495 976 Mundi
525 950 634 976 anno
665 933 788 982 6178,
820 933 981 974 divinae
1013 929 1306 971 incarnationis
1336 927 1431 980 678,
1462 943 1572 968 anno
1602 943 1704 968 vero

241 992 403 1046 imperii
435 992 643 1032 Iustiniani
676 991 812 1044 primo
834 987 1069 1029 Abimelech
1101 986 1363 1041 principatur
1383 986 1598 1037 Arabibus,
1630 984 1703 1039 qui

241 1048 422 1102 praefuit
450 1047 512 1087 his
542 1048 656 1087 annis
686 1047 750 1089 22.
823 1045 1070 1086 Theodorus
1103 1050 1243 1083 autem
1272 1040 1705 1095 Constantinopolita-

242 1120 315 1144 nus
343 1103 455 1143 annis
496 1104 627 1144 tribus
656 1110 696 1143 et
726 1102 953 1142 Alexander
981 1099 1259 1140 Antiochenus
1302 1098 1513 1138 habentur
1542 1097 1708 1137 antisti-

242 1167 312 1200 tes.
373 1159 452 1199 hoc
482 1166 619 1199 autem
649 1172 755 1198 anno
788 1158 918 1198 mittit
947 1156 1190 1197 Abimelech
1221 1155 1272 1195 ad
1303 1154 1572 1194 lustinianum
1605 1167 1706 1194 con-

241 1217 407 1256 firmare
436 1230 601 1269 pacem,
645 1221 687 1255 et
725 1214 921 1254 convenit
953 1213 1064 1264 inter
1106 1227 1175 1253 eos
1219 1211 1505 1251 huiuscemodi
1536 1225 1628 1264 pax,
1658 1215 1706 1248 ut

240 1271 394 1312 scilicet
424 1272 653 1326 imperator
683 1269 914 1325 deponeret
930 1268 1232 1310 Mardaitarum
1264 1283 1408 1322 agmen
1432 1267 1632 1307 aLibano
1665 1272 1707 1306 et

240 1327 486 1382 prohiberet
513 1327 765 1368 incursiones
797 1341 960 1377 eorum,
989 1332 1030 1367 et
1058 1325 1294 1365 Abimelech
1323 1324 1518 1364 Romanis
1545 1323 1707 1363 tribue-

241 1389 306 1423 ret
334 1398 412 1437 per
454 1383 633 1438 singulos
663 1383 745 1423 dies
775 1383 1017 1423 numismata
1055 1383 1168 1422 mille
1199 1387 1241 1421 et
1271 1396 1425 1435 equum
1456 1387 1496 1420 et
1527 1393 1707 1429 servum,

240 1445 282 1479 et
313 1445 358 1479 ut
384 1439 588 1480 haberent
626 1439 666 1479 in
696 1454 915 1480 commune
943 1454 1021 1493 per
1060 1438 1351 1494 aequalitatem
1382 1437 1542 1476 tributa
1577 1435 1709 1491 Cypri

242 1502 283 1535 et
312 1497 528 1536 Armeniae
558 1510 605 1535 ac
634 1496 840 1536 Hiberiae.
911 1503 952 1536 et
982 1494 1133 1535 direxit
1163 1495 1396 1548 imperator
1419 1494 1596 1533 Paulum
1623 1507 1710 1531 ma-

242 1551 483 1604 gistrianum
521 1552 573 1592 ad
599 1552 833 1593 Abimelech
872 1552 924 1592 ad
964 1552 1300 1592 confirmandum
1343 1565 1391 1590 ea
1421 1564 1527 1605 quae
1555 1548 1711 1602 placita

242 1608 419 1658 fuerant,
448 1615 488 1648 et
519 1610 626 1648 facta
657 1615 716 1649 est
746 1609 786 1648 in
812 1609 977 1662 scriptis
1005 1609 1201 1649 securitas
1230 1607 1306 1648 sub
1339 1607 1506 1648 testium
1536 1604 1711 1659 stipula-

244 1664 376 1704 tione.
447 1665 519 1719 qui
561 1665 787 1705 liberaliter
830 1665 1060 1705 honoratus
1102 1679 1289 1705 reversus
1325 1669 1398 1707 est.
1472 1668 1513 1703 et
1543 1662 1711 1701 mittens

239 1720 475 1773 imperator
520 1722 732 1775 assumpsit
774 1722 1074 1762 Mardaitarum
1123 1719 1280 1771 12000,
1319 1719 1516 1760 Romaica
1556 1718 1713 1758 virtute

117 1775 393 1830 p.556recisa:
435 1791 573 1818 omnes
619 1778 727 1817 enim
767 1793 871 1832 quae
900 1793 1011 1818 nunc
1053 1777 1297 1818 habitantur
1340 1776 1391 1816 ab
1430 1776 1637 1816 Arabibus
1670 1773 1710 1813 in

247 1833 475 1873 confinibus
511 1833 669 1887 positae
707 1834 890 1875 civitates
930 1851 952 1874 a
981 1835 1233 1888 Mopsuestia
1266 1841 1307 1874 et
1341 1847 1469 1888 usque
1497 1832 1550 1872 ad
1580 1845 1711 1886 quar-

245 1895 330 1928 tam
364 1890 613 1938 Armeniam,
650 1890 849 1942 infirmae,
880 1897 922 1931 et
950 1891 1237 1931 inhabitabiles
1270 1896 1390 1930 erant
1420 1894 1603 1943 propter
1631 1888 1714 1928 im—

245 1950 388 1998 petum
419 1946 741 1998 Mardaitarum,
782 1948 931 2002 quibus
970 1947 1166 2002 repressis
1206 1947 1346 1986 omnia
1381 1946 1473 1986 dira
1508 1943 1714 1986 Romania

247 2015 360 2053 passa
406 2008 463 2040 est
509 2017 635 2057 usque
677 2003 715 2042 in
748 2011 1006 2057 praesentem
1056 2004 1179 2044 diem.
1253 2003 1401 2044 eodem
1445 2015 1553 2042 anno
1584 2000 1714 2040 mittit

247 2057 483 2097 Abimelech
516 2059 686 2098 Ziadum
718 2061 889 2100 fratrem
907 2060 1100 2101 Mauhiae
1132 2060 1173 2100 in
1205 2059 1416 2100 Persidem
1448 2065 1599 2098 contra
1614 2058 1712 2096 Mu-

248 2118 423 2152 ctartem
443 2114 680 2155 mendacem
709 2123 833 2170 atque
863 2123 1102 2172 tyrannum,
1132 2118 1462 2170 etinteremptus
1491 2121 1550 2155 est
1567 2113 1715 2154 Ziadus

248 2184 270 2207 a
305 2171 525 2210 Muctarte.
584 2187 667 2226 quo
697 2173 840 2213 audito
871 2174 1110 2214 Abimelech
1140 2174 1254 2214 venit
1285 2175 1324 2214 in
1355 2170 1714 2226 Mesopotamiam,

249 2230 290 2264 et
316 2226 574 2280 tyrannidem
607 2229 766 2281 patitur
796 2244 818 2269 a
847 2229 987 2281 Saido,
1018 2245 1142 2285 quem
1170 2243 1458 2285 supergressus
1489 2228 1618 2268 verbo
1631 2229 1715 2266 Da-

246 2295 427 2321 mascum
457 2283 621 2336 aperire
651 2285 749 2324 fecit
778 2301 800 2326 a
827 2301 869 2327 se
898 2293 1195 2341 praeventam,
1227 2293 1269 2328 et
1288 2292 1386 2342 post
1413 2286 1514 2326 haec
1543 2282 1717 2324 fraudu-

252 2336 388 2377 lenter
416 2339 574 2379 occidit
607 2355 712 2380 eum.

361 2394 608 2436 Iustinianus
642 2403 778 2436 autem
800 2412 894 2437 cum
925 2406 1026 2439 esset
1059 2399 1211 2450 iunior,
1247 2399 1360 2453 quasi
1393 2412 1602 2438 annorum
1639 2393 1715 2446 16,

249 2454 292 2487 et
320 2463 389 2489 sua
420 2466 612 2506 quaeque
640 2452 872 2494 inconsulte
914 2455 1167 2510 disponeret,
1198 2455 1307 2494 misit
1338 2455 1559 2495 Leontium
1587 2461 1718 2507 prae-

250 2509 384 2568 torem
433 2507 472 2547 in
518 2509 753 2549 Armeniam
793 2525 887 2550 cum
918 2513 1118 2552 Romaico
1162 2518 1399 2565 potentatu,
1427 2519 1468 2551 et
1502 2508 1718 2550 Saracenis

251 2559 333 2599 illic
363 2563 623 2625 existentibus
670 2565 928 2621 interemptis
962 2569 1124 2622 subegit
1152 2568 1259 2607 hanc
1290 2568 1499 2618 Romanis,
1530 2565 1720 2607 similiter

250 2621 292 2655 et
325 2617 533 2659 Hiberiam
555 2627 597 2660 et
624 2622 852 2673 Albaniam,
879 2625 1117 2664 Bucandam
1162 2640 1331 2680 quoque
1369 2631 1494 2679 atque
1527 2622 1720 2671 Mediam,

250 2676 292 2711 et
317 2673 390 2711 sub
420 2676 578 2715 tributo
608 2678 847 2732 regionibus
877 2680 977 2719 actis
1005 2681 1206 2733 plurimas
1248 2682 1442 2734 pecunias
1472 2677 1719 2733 imperatori

250 2729 507 2794 trammisih-
546 2739 588 2773 at
625 2749 726 2773 vero
767 2735 1007 2776 Abimelech
1041 2736 1100 2776 his
1140 2738 1313 2793 cognitis
1347 2738 1435 2779 adit
1468 2735 1719 2784 Cercesium,

250 2783 552 2840 etTheopolnn
582 2790 829 2845 subiugavit.
