1728 3184
234 209 335 261 484
742 221 798 262 ιΝ
836 217 1211 261 ΤΗΕΟΡΗΑΝΕΜ

236 335 359 388 legio,
391 348 500 389 quae
527 333 772 388 provinciae
801 334 972 375 cuilibet
1009 335 1218 387 imposita,
1247 330 1343 372 inde
1372 333 1415 372 in
1442 332 1562 387 gloss
1591 335 1706 388 legio,

235 389 367 442 τάξις,
399 391 526 442 θέμα.
600 390 768 433 deinde·
791 391 992 431 translato
1027 390 1196 430 nomine
1226 389 1336 443 ipsae
1356 390 1596 444 provinciae
1628 406 1706 444 ap-

235 448 383 513 pellari
416 455 649 501 coeperunt
681 449 862 499 θέματα.
920 447 1017 486 inde
1047 445 1274 496 θειιατικοι
1301 451 1396 484 sunt
1416 448 1706 502 provi‘hzczales

235 504 451 544 immutata
482 504 628 544 militia
656 505 841 544 Romana
875 503 926 544 ab
956 485 1149 543 Heraclio
1184 517 1332 541 nomen
1365 503 1609 544 innovatum
1637 519 1708 543 su-

233 561 402 615 spieoi:
443 559 536 600 ἐπει
572 558 815 613 νεόχμωσεν
853 555 1001 610 ἐτέρας
1037 557 1059 598 ὁ
1092 556 1245 611 χρόνος
1289 555 1502 609 ὸυιάμεις.
1571 562 1708 616 copias

233 619 343 658 altas
372 617 566 672 temporis
593 631 785 657 successus
807 618 1038 672 prompsit.-
1069 615 1126 655 ait
1155 615 1384 655 Simocatta
1416 614 1622 657 laudatus.

345 685 441 740 462,
470 689 509 731 8.
577 687 635 746 τῶ
679 688 715 729 δ’
746 687 864 743 αυτῷ
903 685 1005 744 ἔτει]
1036 688 1184 728 chron.
1223 687 1416 728 Alexand.
1445 689 1707 743 Nicephorus

232 745 475 801 patriarcha
518 745 569 786 ad
610 761 763 785 annum
795 729 903 796 612,
954 751 995 785 et
1041 745 1236 786 Petavius
1278 744 1387 785 notis
1430 745 1470 784 in
1516 747 1708 789 eundem.

231 817 367 857 porro
397 802 470 857 qui
505 808 680 842 notatur
708 801 776 842 hic
797 801 895 841 Maii
925 801 1008 842 dies
1039 802 1185 843 tertius
1206 801 1401 841 vitiosum
1429 803 1568 856 arguit
1598 804 1707 845 eius..

233 860 327 900 dem
357 859 517 900 Petavii
548 859 738 899 codicem
765 857 1046 912 TheophaniS,
1077 873 1162 914 quo
1197 858 1390 913 quintum
1421 857 1535 913 legit.

341 932 446 974 Ibid.
485 931 549 973 10.
621 933 679 971 τῶ
718 931 754 972 ὁ
791 928 1030 988 Αυγούστω
1067 946 1168 985 μηνι
1208 925 1288 980 ιδ’]
1333 930 1442 972 diem
1484 930 1535 972 13
1573 932 1709 986 signat

230 988 418 1031 chronic.
451 987 644 1029 Alexand.
679 1002 726 1029 ex
757 987 957 1029 comitiali
987 971 1142 1028 morbo
1177 987 1380 1029 interiisse
1411 989 1558 1038 scribit
1588 989 1707 1030 Nice-

230 1046 387 1100 phorus
410 1044 654 1100 patriarcha
687 1044 740 1085 ad
770 1059 926 1085 annum
955 1043 1146 1085 eundem.

340 1118 451 1158 Ibid.
496 1117 561 1158 12.
630 1117 734 1172 μηνί
760 1112 1000 1174 Ὀκτωβρίω
1035 1114 1101 1168 δ’]
1143 1117 1246 1159 haec
1286 1117 1432 1158 eadem
1472 1117 1708 1160 chronicon

227 1174 421 1215 Alexand.
442 1190 549 1230 quae
568 1179 684 1215 extra
706 1174 946 1214 indictionis
977 1174 1179 1229 piopriae
1209 1174 1359 1216 limites
1391 1175 1592 1216 exhihuit.
1625 1177 1710 1216 Pe.

228 1232 442 1328 ῒῖνίυεθιὶη
474 1232 580 1273 notis
620 1232 674 1272 ad
718 1231 1004 1287 Nicephorum
1033 1230 1137 1272 haec
1176 1231 1386 1273 examinat
1430 1231 1530 1273 edit.
1557 1233 1711 1288 Regiae

227 1302 255 1344 P
284 1303 308 1343 g
338 1358 457 1402 Ibid.
495 1359 560 1403 15.
630 1359 688 1415 τῷ
719 1359 766 1400 δὲ
807 1359 1054 1418 Δεκεμβρίῳ
1090 1375 1191 1415 μηνι
1231 1355 1312 1415 κε’]
1355 1361 1466 1403 diem
1513 1361 1566 1403 22
1622 1376 1708 1416 po—

226 1416 310 1514 5ιῖιίῑ
351 1416 585 1457 chionicon
626 1400 751 1457 idem.
818 1401 1042 1472 baptismo
1066 1418 1187 1458 simul
1219 1418 1397 1458 tinctum
1428 1419 1560 1459 refert
1583 1420 1710 1460 Nice-

225 1488 254 1529 p
288 1488 402 1515 orus.

335 1539 434 1592 463,
468 1540 536 1582 10.
610 1542 851 1595 παρέλαβον
902 1555 939 1581 οι
970 1540 1146 1594 Πέρσαι
1189 1539 1263 1583 τὸν
1308 1539 1544 1596 Ἰορδάνην]
1585 1543 1712 1584 habet

226 1597 331 1638 baec
352 1598 575 1654 superiore
612 1614 722 1639 anno
756 1599 903 1639 chron.
937 1599 1134 1639 Alexand.
1178 1598 1229 1639 de
1259 1598 1410 1654 quibus
1440 1601 1480 1638 S.
1510 1601 1710 1641 Anastasii

226 1655 378 1695 Persae
409 1659 535 1709 gesta,
568 1656 682 1710 apud
716 1656 886 1696 Surium
918 1655 971 1695 22
1004 1656 1200 1708 Ianuarii,
1226 1655 1426 1697 Leontius
1458 1657 1498 1696 in
1530 1657 1612 1696 vila
1643 1658 1712 1696 lo-

228 1712 343 1751 annis
366 1712 634 1752 Alexandiini
666 1713 853 1766 episcopi
887 1712 1071 1752 cladibus
1106 1713 1188 1752 istis
1229 1714 1458 1762 coaetanei,
1491 1719 1533 1753 et
1561 1714 1712 1755 Antio-

231 1767 331 1808 chus
365 1767 596 1808 monachus
628 1768 770 1810 lamae
802 1771 842 1808 S.
875 1769 1006 1809 Sabae
1039 1769 1079 1808 in
1111 1769 1307 1810 homiliis.

338 1841 463 1938 Ιέιρᾱ2
477 1840 541 1882 17.
611 1842 671 1899 τῶ
701 1842 739 1882 ‹5’
782 1857 899 1897 αυτιιι
929 1838 1014 1882 ἔτει
1055 1842 1229 1898 ἐτέχθη]
1261 1843 1522 1899 Nicephorus
1553 1842 1606 1884 ad
1635 1859 1711 1883 an-

229 1912 328 1937 num

342 1965 452 2006 llud.
477 1965 542 2006 20.
601 1965 842 2018 παρέλαβον
885 1961 924 2005 οἱ
971 1965 1146 2019 Πέρσαι
1186 1963 1262 2019 τὴν
1304 1965 1544 2023 Αἴγυπτον]
1589 1967 1713 2007 Nice-

230 2022 392 2077 phot-us
426 2023 477 2063 ad
500 2038 656 2062 annum
670 2021 766 2073 616,
789 2022 1024 2062 ch1on1con
1051 2023 1245 2063 Alexand.
1278 2023 1319 2063 in
1341 2024 1531 2077 priorem
1560 2039 1715 2063 annum

231 2085 430 2119 revocat:
459 2094 592 2133 quare
609 2053 800 2133 legend’us
816 2079 1008 2119 Petavius
1040 2079 1080 2119 in
1098 2080 1383 2135 Nicephorum
1404 2081 1545 2122 locum
1567 2096 1711 2122 emen-

232 2136 352 2189 dans,
383 2135 576 2176 editionis
607 2135 759 2191 Regiae
791 2151 884 2190 pag.
916 2134 984 2175 66.

343 2211 441 2266 464,
474 2214 514 2258 4.
573 2212 857 2267 ἐστράτευσαν
902 2229 941 2255 οι
969 2215 1144 2267 Πέρσαι
1174 2213 1283 2257 κατὰ
1327 2211 1618 2270 Χαλκηδόνος]
1648 2215 1714 2254 vi-

234 2271 391 2312 dendus
423 2271 703 2326 Nicephorus:
738 2277 781 2311 et
811 2272 1005 2312 Petavius
1039 2272 1079 2311 in
1111 2288 1219 2324 eum,
1250 2272 1349 2314 edit.
1374 2231 1479 2328 Regi]
1505 2286 1602 2326 pag.
1619 2271 1687 2312 65.

345 2345 456 2385 Ibid.
499 2345 561 2384 15.
637 2340 924 2396 έστρατευσαν
965 2343 1174 2400 Ἀβαρεις]
1206 2360 1252 2387 ex
1278 2345 1510 2400 Nicephori
1539 2344 1716 2386 historia

234 2401 284 2440 ad
315 2416 469 2441 annum
500 2399 596 2441 619.
658 2400 760 2441 hace
790 2400 931 2441 eadem
971 2401 1119 2442 chion.
1142 2402 1339 2443 Alexand.
1367 2402 1417 2443 ad
1450 2416 1606 2443 annum
1634 2402 1717 2443 He-

236 2458 353 2499 raclii
388 2457 665 2498 undecimum.

346 2532 443 2588 465,
473 2535 514 2577 7.
563 2531 815 2590 ‘denzaog
844 2531 948 2589 πρὸς
976 2533 1288 2592 τὸνΧαγοένον]
1319 2551 1465 2591 pacem
1496 2552 1592 2577 cum
1608 2538 1717 2577 Aba·

235 2592 350 2632 ribus
389 2593 535 2634 initam
576 2597 784 2633 memorat
824 2592 1085 2646 Nicephorius
1138 2594 1190 2634 ad
1240 2609 1395 2634 annum
1419 2591 1516 2634 626.
1551 2608 1718 2648 appen-

236 2648 301 2688 dix
331 2649 381 2688 ad
407 2650 531 2690 Marii
562 2649 796 2690 chronicon
839 2648 1038 2689 historiae
1069 2651 1338 2690 Francorum
1365 2657 1483 2690 tomo
1514 2650 1551 2690 1.
1570 2650 1719 2691 Hunni

236 2720 394 2745 murum
416 2707 575 2760 longzmz
592 2708 929 2760 ιητεννιιηιρεηῐεε,
956 2715 996 2745 et
1014 2706 1073 2745 ad
1100 2708 1261 2746 moenia
1277 2706 1362 2748 ΟΡ.
1389 2708 1712 2761 peraccedentes,

235 2775 324 2800 cum
351 2764 576 2815 praedtcto
617 2777 712 2818 lmp.
741 2771 877 2802 mutuo
908 2777 951 2801 ιη
996 2777 1115 2803 muro
1144 2773 1279 2803 stante
1302 2764 1614 2819 conloquuntur;
1645 2764 1719 2820 qui

235 2827 438 2873 acceptum
467 2820 523 2859 ab
550 2834 597 2862 eo
622 2820 743 2875 pacis
763 2819 956 2874 pretium,
988 2818 1054 2858 ad
1083 2829 1235 2875 tempus
1261 2820 1462 2861 recedunt.
