1728 3184
186 165 285 219 400
320 214 323 218 .
693 178 748 220 IN
789 176 1166 219 TnEoPnANssM

187 291 334 346 eopius
365 289 418 331 de
443 289 553 331 bello
584 291 781 333 Gottliico
811 292 886 333 sub
916 292 1096 343 initium,
1129 290 1356 332 lornandes
1386 289 1438 331 de
1468 304 1584 349 regn.
1615 310 1664 335 ac

188 355 316 402 temp,
349 348 624 402 successione,
667 355 794 405 atque
822 350 975 390 iterum
1015 348 1067 389 de
1095 349 1216 389 rebus
1245 347 1400 388 Getieis
1428 349 1500 392 lib.
1527 366 1667 392 versus

189 406 325 445 finem.
396 411 589 460 tempora
625 412 667 447 et
696 421 823 446 annos
859 405 1084 447 observant
1101 405 1281 457 Marius,
1311 404 1592 460 Cassiodorus,
1622 414 1665 449 et

190 461 458 503 Marcellinus
489 462 531 502 in
563 463 783 504 chronicis.

194 591 244 632 18
278 534 400 633 1303,
419 534 486 633 22ίέ
512 531 554 577 οἱ
580 535 656 591 τῆς
683 531 888 590 ἀνατολῆς
919 533 1156 589 ἐπίσκοποι]
1187 535 1390 591 Euagrius
1409 536 1516 578 lih.3
1545 551 1668 593 capp.

358 606 379 633 e
486 621 497 633 .

305 662 404 719 204,
421 664 460 706 6.
518 665 691 720 Πέτρος
723 663 745 707 ὅ
766 662 956 721 γναφεύς
977 663 1024 707 τὸ
1045 662 1082 718 β’
1110 662 1182 721 ἔτη
1203 663 1270 720 γ’]
1301 681 1506 707 annorum
1534 668 1666 708 trium

190 737 390 763 summam
422 722 520 763 huic
557 736 697 764 omnes
738 723 857 764 codd.
903 724 1155 774 attribuunt,
1189 724 1305 764 cuius
1339 724 1437 764 anni
1462 724 1672 778 sigillatim

192 779 425 820 enumerati
465 778 518 819 ad
559 785 763 835 quattuor
800 780 1022 821 ascendere
1053 781 1390 835 comperiuntur.
1448 780 1544 822 vide
1571 795 1669 835 pag.

191 851 276 892 seq.
307 836 431 880 Barb.
464 834 595 877 codex
626 837 699 893 qui
732 844 816 878 tres
856 843 1072 889 recenset,
1103 837 1330 878 seeundum
1360 843 1554 893 repetere
1586 852 1670 878 non

193 900 381 934 veretur.

199 1015 202 1020 .
304 978 416 1019 Ibid.
475 972 640 1017 ἔκδικον
669 971 877 1031 ἔπεμψεν]
912 977 1096 1018 libellum
1108 976 1258 1018 Felicis
1286 978 1337 1017 ad
1369 978 1565 1018 Acacium
1595 976 1674 1017 ba..

192 1036 265 1077 het
296 1034 500 1075 Baronius
531 1032 585 1073 ad
628 1048 784 1074 annum
814 1035 860 1074 C.
894 1030 978 1075 483
1009 1050 1121 1086 num..
1151 1033 1206 1075 46
1240 1041 1282 1075 et
1309 1033 1378 1087 47,
1409 1050 1494 1091 quo
1526 1035 1676 1075 defen-

192 1092 294 1134 soris
341 1091 453 1132 istius
492 1104 645 1130 nomen
687 1091 857 1144 promit.
927 1091 1010 1131 “ad
1050 1106 1174 1146 quam
1214 1106 1302 1132 rem
1320 1093 1359 1140 ,'’
1390 1092 1561 1147 inquit,
1592 1092 1674 1131 “d-e

194 1148 366 1203 collegio
415 1153 557 1188 nostro
595 1147 748 1187 fratres
790 1154 832 1188 et
862 1148 1126 1202 coepiscopos
1165 1155 1354 1199 nostros,
1398 1164 1492 1189 cuin
1524 1148 1674 1203 quibus

195 1206 311 1246 illum
342 1220 364 1245 a
393 1205 526 1244 latere
557 1209 700 1244 nostro
732 1203 1013 1245 fidelissimum
1039 1203 1223 1245 Felicem
1254 1204 1515 1246 defensorem
1543 1207 1584 1247 S.
1604 1220 1674 1244 ec.-

194 1263 340 1303 elesiae
369 1263 581 1302 Romanae
609 1260 877 1302 ordinatione
921 1261 1183 1305 direximus.''
1242 1257 1404 1310 Z'nd‘moc
1430 1263 1571 1318 itaque
1603 1262 1676 1301 de-

196 1321 338 1360 fensor
370 1324 443 1369 est,
475 1316 549 1372 qui
578 1318 778 1358 eeclesiae
819 1319 928 1368 iura,
959 1325 1115 1359 statuta
1149 1324 1191 1359 et
1222 1318 1442 1375 privilegia
1470 1326 1581 1359 sarta
1611 1325 1679 1359 te-

194 1383 260 1416 cta
293 1380 514 1417 conservat
543 1381 586 1415 et
630 1373 841 1416 defendit:
881 1375 991 1416 unde
1023 1376 1215 1416 defensor
1245 1375 1440 1417 eeclesiae
1469 1376 1538 1417 hie
1569 1375 1676 1415 idem

193 1433 308 1475 Felix
334 1432 535 1473 scribitur
566 1446 589 1471 a
618 1431 815 1472 Liberato
846 1432 1047 1473 breviarii
1076 1447 1165 1488 cap.
1199 1434 1266 1476 18.

310 1505 421 1545 Ibid.
452 1504 491 1548 9.
560 1504 647 1545 τῶν
676 1502 759 1545 ἀπὸ
785 1502 952 1560 Ῥώμης
995 1505 1292 1561 πεμφθέντων]
1325 1506 1476 1561 legatos
1509 1504 1679 1545 iniurias

198 1561 432 1604 huiusmodi
463 1563 825 1617 Constantinopoli
867 1577 1001 1617 passos
1045 1570 1224 1605 testatur
1263 1563 1464 1604 liberatus
1511 1563 1548 1601 in
1577 1562 1682 1601 bre—-

199 1621 345 1661 viario.
375 1619 510 1659 “itum
541 1626 602 1659 est
618 1620 699 1662 GP.
730 1627 772 1660 et
802 1619 1008 1675 praedicti
1035 1620 1223 1675 episcopi
1254 1620 1295 1661 in
1327 1620 1555 1661 custodiam
1584 1626 1680 1658 sunt

201 1676 377 1728 redacti,
409 1675 564 1716 chartis
602 1676 797 1730 sublatis,
831 1692 882 1718 ne
914 1678 1140 1728 catholicis,
1173 1677 1322 1732 quibus
1353 1677 1559 1732 scriptum
1591 1676 1681 1715 fue-

202 1740 281 1785 rat,
315 1733 611 1774 redderentur.
673 1748 777 1787 quos
810 1734 968 1774 iterum
997 1743 1092 1789 post
1129 1733 1233 1774 haec
1264 1735 1434 1774 Aeacius
1460 1733 1510 1774 de
1540 1739 1682 1773 custo-

201 1791 270 1832 dia
300 1790 466 1831 eiiciens
491 1804 630 1830 secum
675 1790 774 1830 fecit
803 1791 1060 1844 procedere,
1092 1797 1139 1832 ut
1171 1791 1286 1846 quasi
1318 1791 1565 1831 confirmato
1599 1789 1682 1829 Pe-

202 1848 260 1889 tri
289 1846 525 1888 sacerdotio
557 1846 917 1888 dimitterentur.''

314 1918 426 1963 Ibid.
460 1922 528 1965 13.
594 1916 766 1972 Πέτρος
794 1915 868 1974 ἔτη
895 1915 943 1974 γ’,
971 1916 1033 1974 γ’]
1077 1919 1303 1973 palladium
1350 1920 1523 1976 eiusque
1552 1938 1679 1963 annos

202 1978 347 2019 decem
378 1981 551 2017 annotat
577 1976 645 2017 hic
667 1977 842 2032 Peyrez.
869 1978 1064 2018 collatum
1079 1977 1286 2028 Palatino,
1307 1977 1389 2018 imo
1413 1993 1567 2020 annum
1595 1981 1682 2021 cius

200 2034 388 2091 primum
418 2040 461 2075 et
492 2033 763 2075 decurrentes
794 2034 990 2088 deinceps
1031 2034 1183 2089 incipit
1212 2050 1446 2075 numerare.

316 2107 424 2150 Ibid.
458 2106 523 2151 14.
581 2100 717 2154 Ἴλλος
759 2106 834 2147 καί
873 2103 1072 2158 Λεόντος]
1121 2108 1346 2150 lornandes
1385 2107 1435 2149 de
1483 2123 1597 2164 regn.
1638 2124 1686 2149 ac

205 2172 333 2221 temp.
363 2163 634 2216 successione,
668 2163 914 2204 Theodorus
944 2164 1079 2205 lector
1109 2164 1181 2205 lib.
1215 2165 1253 2206 2.

316 2237 429 2282 Ibid.
467 2240 533 2282 19.
593 2233 780 2292 κοντούς]
810 2237 938 2278 habet
967 2237 1188 2280 lornandes
1221 2240 1401 2280 hastilia.

317 2311 428 2352 [hid.
484 2310 619 2364 πέραν
660 2309 721 2357 εἷς
758 2310 933 2366 >quat-g]
979 2311 1030 2351 ad
1067 2312 1237 2353 boreale
1279 2313 1361 2353 CP.
1402 2312 1508 2353 latus
1537 2318 1688 2367 portus

206 2375 279 2419 est,
313 2368 425 2408 ultra
456 2383 581 2423 quem
611 2367 727 2422 regio
757 2368 944 2421 opposita
990 2369 1097 2409 Pera
1127 2376 1317 2420 vocatur,
1349 2371 1445 2424 quia
1477 2368 1585 2422 πέρα
1614 2368 1690 2409 τοῦ

204 2426 397 2477 λιμένος,
430 2431 472 2465 et
503 2425 674 2465 inferius
707 2425 855 2464 Galata
895 2441 917 2464 a
950 2424 1067 2465 lactis
1093 2427 1214 2481 eopia
1249 2427 1343 2466 inde
1365 2428 1405 2465 in
1436 2426 1584 2466 urbem
1615 2425 1688 2465 ‹le-

205 2487 398 2538 portata,
443 2481 558 2522 cuius
595 2482 646 2522 ab
675 2481 843 2535 optimis
874 2482 1031 2522 ficubus
1060 2484 1215 2523 ibidem
1245 2482 1508 2523 nascentibus
1539 2482 1688 2533 Συκαί,

208 2539 430 2595 antiquum
463 2553 630 2582 nomen.
689 2538 955 2578 Iustinianam
991 2555 1159 2595 quoque
1191 2541 1344 2580 dietam
1375 2541 1572 2580 observat
1591 2541 1689 2580 Ste-

205 2597 367 2650 phanus
409 2595 460 2636 de
485 2595 675 2639 urbibus.
719 2596 840 2649 plura
872 2596 1128 2637 Pancirollus
1169 2597 1218 2638 de
1266 2597 1318 2640 14
1343 2596 1580 2652 regionibus
1613 2611 1688 2634 nr..
1725 2607 1727 2609 ’

205 2653 266 2692 bis
297 2653 374 2693 CP.
407 2653 461 2693 ad
491 2652 681 2694 notitiam
711 2652 892 2707 imperii,
924 2660 965 2693 et
1006 2654 1167 2709 Gyllius
1194 2654 1234 2694 in
1265 2652 1549 2708 topographia
1580 2653 1660 2691 CP.

321 2730 416 2783 205,
449 2735 485 2775 1.
544 2729 567 2771 ὅ
598 2731 645 2772 δὲ
664 2727 816 2785 Ζήνων
844 2731 896 2786 τῇ
925 2732 1062 2787 βουλῇ
1092 2729 1306 2786 Ἀκακιόυ]
1340 2731 1558 2772 historiam
1583 2734 1689 2771 Aca-
1720 2778 1728 2781 „

209 2787 259 2827 cii
290 2803 457 2830 omnem
487 2788 602 2831 nobis
631 2803 738 2843 pene
768 2789 1021 2843 incognitam
1052 2795 1229 2831 testatur
1250 2789 1424 2831 Photius
1456 2788 1600 2829 codice
1636 2783 1690 2828 42
