1768 3268
281 218 373 263 178
492 219 772 262 ANASTAsn
815 217 1075 260 HlSTomA
1100 211 1514 258 1-:CCLESIASTICA

276 362 299 386 a
326 345 559 386 summitate
599 344 793 385 videlicet
831 342 1027 397 Septimi,
1057 343 1175 397 'quae
1211 338 1347 393 vergit
1375 337 1426 377 ad
1453 336 1739 391 Occidentem,

275 403 316 442 id
346 407 405 443 est
446 417 469 441 a
507 400 632 441 domo
677 414 784 455 quae
823 402 1050 453 Magnaura
1093 396 1260 445 dicitur,
1291 401 1332 435 et
1361 409 1501 434 rursus
1531 408 1660 448 usque
1685 396 1737 434 ad

275 473 412 499 arcem
446 472 570 512 quam
616 457 862 512 Cyclobium
903 456 1068 504 dicunt,
1099 466 1288 508 quaeque
1315 457 1475 504 spectat
1503 450 1554 489 ad
1583 451 1738 491 Orien-

274 523 370 556 tem.
428 529 508 568 per
535 518 671 553 totum
719 513 861 567 itaque
894 511 1002 551 diem
1039 508 1274 564 congressio
1304 507 1398 547 belli
1428 508 1665 558 tenebatur,
1695 507 1739 548 id

274 579 333 612 est
367 587 388 610 a
417 584 537 610 mane
563 583 692 624 usque
732 569 783 609 ad
824 582 1047 621 vesperam,
1090 581 1110 604 a
1141 563 1373 604 Brachialio
1405 579 1556 604 aureae
1585 570 1737 618 portae

274 642 402 682 usque
439 626 491 666 ad
525 625 791 679 Cyclobium,
834 625 1011 663 invicem
1050 628 1229 676 utraque
1270 626 1394 674 parte
1423 634 1535 661 nunc
1565 619 1739 674 impulsa

273 698 384 723 nunc
416 682 662 736 impellente.
740 681 782 720 in
821 680 882 720 bis
913 680 1041 733 igitur
1087 677 1319 731 deguerunt
1349 677 1400 716 ab
1433 676 1565 731 Aprili
1598 691 1738 717 mense

273 754 401 793 usque
430 739 483 778 ad
516 738 852 792 Septembrium,
892 742 934 775 et
963 734 1116 775 reversi
1142 733 1338 788 Cyzicum
1364 740 1559 788 pergunt,
1591 739 1632 773 et
1661 733 1737 773 hac

271 794 568 849 comprehensa
598 794 680 834 illic
710 793 959 841 hiemabant,
988 798 1029 831 et
1063 790 1172 829 omni
1213 803 1313 830 vere
1341 789 1561 830 ascendens
1589 788 1735 829 simili-

271 858 338 892 ter
367 866 443 905 per
469 865 583 890 mare
612 849 854 889 conflictum
902 863 995 887 cum
1035 845 1276 886 Christianis
1315 844 1508 886 habebat.
1564 859 1644 900 per
1671 860 1738 886 se..

274 915 385 962 ptem
415 921 510 947 sane
541 920 668 946 annos
701 905 762 957 his
792 904 941 945 eisdem
973 903 1105 957 gestiS,
1135 907 1177 943 et
1208 901 1346 941 divina
1377 902 1528 959 deique
1558 902 1735 957 genitri-

273 964 328 1003 cis
346 977 427 1017 ope
458 962 723 1002 multitudine
754 961 942 1000 virorum
961 959 1257 1000 bellicosorum
1284 957 1441 1012 amissa,
1471 965 1513 999 et
1543 958 1740 999 vulnera·

274 1020 387 1060 tione
418 1019 589 1058 maxima
619 1018 660 1057 in
694 1017 749 1057 cis
770 1017 928 1067 effecta,
961 1016 1119 1056 confusi
1141 1014 1299 1056 reversi
1328 1021 1425 1055 sunt
1454 1029 1550 1055 cum
1580 1015 1739 1070 ingenti

271 1075 484 1117 maestitia.
562 1089 657 1114 cum
695 1079 833 1114 autem
863 1073 1102 1113 discessisset
1134 1071 1244 1112 idem
1276 1070 1576 1127 demergendus
1606 1086 1630 1111 a
1659 1071 1737 1112 deo

269 1131 418 1182 stolus,
462 1130 513 1170 ad
543 1129 706 1170 hiemali
735 1136 849 1170 aestu
878 1137 920 1170 et
957 1129 1110 1184 spiritu
1137 1126 1423 1183 procellarum
1453 1128 1565 1168 circa
1595 1134 1737 1182 partes

136 1202 170 1236 p.
189 1193 256 1226 542
271 1187 417 1243 Syllaei
456 1185 841 1240 comprehenditur,
869 1191 912 1226 et
941 1184 1146 1226 contritus
1175 1191 1286 1225 totus
1316 1183 1565 1226 omnimodis
1592 1184 1737 1238 periit.

271 1243 469 1297 Supliiam
523 1249 660 1282 autem
698 1242 800 1282 {ilius
851 1241 1027 1296 Hauph,
1069 1241 1272 1282 secundus
1325 1241 1478 1292 frater,
1530 1240 1738 1282 commisit

269 1300 421 1340 bellum
450 1313 543 1339 cum
575 1300 704 1338 Floro
739 1304 780 1339 et
801 1299 986 1339 Pctrona
1017 1304 1058 1338 et
1076 1298 1290 1354 Cypriane
1319 1297 1567 1339 habentibus
1598 1298 1739 1338 virtu-

270 1363 351 1396 tem
381 1357 646 1406 Roma·1·cam‚
678 1362 719 1396 et
747 1355 1001 1395 occiduntur
1039 1355 1223 1394 Arabum
1253 1355 1426 1410 triginta
1455 1354 1581 1394 milia.
1639 1360 1741 1394 tunc

270 1412 485 1451 Callinicus
518 1411 768 1459 architectus
798 1412 850 1452 ab
879 1411 1091 1465 Heliopoli
1127 1411 1272 1466 Syriae
1308 1410 1360 1451 ad
1392 1412 1602 1452 Romanos
1630 1425 1737 1466 pro-

267 1469 383 1523 fugus
414 1468 556 1520 venit,
602 1469 672 1523 qui
704 1469 865 1508 marino
898 1468 990 1522 igne
1031 1468 1224 1508 confecto
1254 1482 1347 1508 vasa
1378 1468 1564 1509 Arabum
1590 1467 1740 1508 exussit

267 1531 307 1565 et
339 1539 421 1564 nna
455 1539 548 1564 curn
593 1525 802 1565 animabus
843 1537 1017 1579 prorsus
1065 1524 1262 1567 incendit.
1334 1524 1391 1564 ita
1422 1524 1602 1565 Romani
1642 1538 1739 1565 cum

270 1580 484 1635 triumpho
517 1581 669 1621 reversi
702 1588 808 1635 sunt,
839 1583 931 1635 igne
957 1580 1181 1621 adinvento
1211 1580 1389 1625 marino.

378 1659 521 1698 Mundi
555 1674 661 1698 anno
681 1658 806 1711 6166,
837 1660 1000 1700 divinae
1032 1659 1331 1700 incarnationis
1362 1674 1471 1699 anno
1494 1657 1595 1711 666,
1625 1674 1737 1700 anno

268 1729 367 1754 vero
412 1715 574 1769 imperii
620 1717 876 1757 Constantini
924 1723 1037 1756 sexto
1080 1716 1375 1756 Constantinus
1418 1716 1622 1764 habetur,
1661 1717 1734 1771 qui

269 1771 754 1825 Constantinopolitanae
784 1788 863 1828 per
892 1773 994 1814 duos
1025 1788 1154 1813 annos
1194 1773 1389 1813 ecclesiae
1425 1773 1504 1812 fuit
1546 1773 1738 1822 antistcs;

271 1827 524 1921 Alitdclasque
556 1829 657 1868 lilius
689 1829 794 1869 Caisi
837 1837 879 1871 et
909 1829 1110 1870 phadalas
1138 1829 1272 1871 hieme
1303 1829 1417 1884 apud
1450 1830 1617 1870 Cretam
1647 1844 1740 1871 mo-

273 1897 316 1922 ra
341 1899 352 1921 1
384 1890 493 1923 sunt.

384 1957 501 1995 Anno
548 1956 710 2010 imperii
750 1958 1009 1999 Constantini
1057 1958 1234 2013 septimo
1275 1956 1474 2013 apparuit
1500 1957 1663 2014 siguum
1696 1957 1738 1998 in

272 2011 384 2051 caclo
419 2012 485 2052 dic
509 2014 692 2053 sabbato.

381 2085 500 2123 Anno
541 2086 704 2139 imperii
737 2088 996 2128 Constantini
1041 2093 1192 2129 octavo
1218 2086 1468 2127 Theodorus
1499 2085 1739 2127 Constanti-

270 2140 539 2193 nopolitanus
559 2141 736 2182 habetur
757 2145 936 2195 antistes,
968 2145 1040 2200 qui
1062 2145 1228 2185 duobus
1244 2144 1359 2184 annis
1383 2143 1580 2184 ccclesiae
1609 2157 1737 2197 prae-

270 2196 362 2236 fuit.
421 2212 505 2252 quo
541 2213 650 2238 anno
681 2199 789 2240 sacta
821 2209 879 2242 est
908 2201 1068 2242 locusta
1097 2215 1246 2256 magna
1273 2215 1352 2255 per
1381 2200 1547 2257 Syriam
1580 2207 1622 2240 et
1650 2201 1742 2240 Me-

270 2253 557 2307 sopotamiam.

384 2334 504 2371 Anno
534 2332 697 2387 imperii
729 2334 984 2376 Constantini
1022 2350 1135 2377 nono
1184 2336 1351 2391 ingressi
1381 2343 1477 2376 sunt
1509 2334 1742 2376 Mardaitae

273 2387 502 2438 Libanum,
544 2395 584 2429 et
628 2397 853 2431 tenuerunt
896 2407 918 2431 a
947 2394 1095 2433 Mauro
1127 2401 1271 2434 monte
1317 2407 1447 2448 usque
1478 2391 1531 2432 ad
1558 2397 1742 2431 sanctam

273 2444 508 2492 civitatem,
559 2450 600 2484 et
642 2453 843 2499 ceperunt
884 2450 1099 2489 cacumina
1135 2451 1308 2500 Libani,
1341 2455 1383 2490 et
1411 2449 1533 2489 multi
1561 2448 1671 2488 servi
1701 2453 1744 2488 et

141 2502 260 2549 p-543
275 2500 429 2553 captivi
475 2501 636 2555 pariter
677 2508 719 2542 et
756 2503 970 2557 indigenae
1015 2507 1296 2561 confugerunt
1341 2504 1391 2545 ad
1421 2519 1505 2556 eos,
1535 2504 1594 2544 ita
1620 2509 1667 2544 ut
1700 2504 1744 2543 in

276 2556 391 2596 brevi
435 2562 624 2611 tempore
667 2558 707 2597 in
755 2559 887 2599 multa
925 2560 1036 2601 milia
1077 2563 1242 2603 fierent.
1327 2562 1476 2617 quihus
1515 2559 1743 2615 compertis

276 2612 458 2652 Mauhias
486 2620 527 2654 et
557 2614 781 2655 consiliarii
814 2615 899 2656 eius
932 2616 1162 2658 timuerunt
1191 2619 1323 2670 valde,
1356 2619 1594 2673 colligentes
1625 2616 1743 2672 quod

276 2667 495 2721 imperium
526 2672 813 2711 Romanorum
851 2671 1044 2713 divinitus
1074 2676 1322 2716 muniretur.
1381 2682 1422 2715 et
1456 2673 1601 2728 dirigit
1629 2674 1742 2727 lega-

274 2728 338 2762 tos
369 2725 420 2763 ad
454 2726 688 2781 principem
712 2727 1041 2778 Constantinum,
1073 2732 1285 2783 postulans
1314 2747 1474 2786 pacem,
1503 2737 1546 2770 et
1573 2729 1743 2784 pollici..

275 2786 338 2818 tus
382 2782 570 2822 annualia
618 2797 660 2824 se
702 2783 951 2837 imperatori
991 2793 1112 2839 pacta
1150 2788 1345 2828 laturum.
1416 2794 1476 2827 ast
1507 2786 1743 2841 imperator

271 2833 554 2878 huiuscemodi
575 2839 713 2894 legatis
731 2840 936 2895 susceptiS,
958 2855 1188 2899 corumque
1211 2845 1416 2900 petitione
1434 2842 1589 2895 audita,
1617 2842 1746 2883 desti-
