1768 3268
521 243 590 283 Ex
629 240 978 283 THEOPRANE.
1403 238 1498 284 173

35 356 130 396 dam
157 355 384 398 maumeth.
441 355 486 397 bi
513 370 616 397 vero
654 357 725 412 qui
758 356 799 396 in
826 355 951 412 Syria
979 359 1022 395 et
1047 357 1254 411 Aegypto,
1284 357 1495 399 Maubiam

34 413 272 468 cupiebant,
302 413 374 468 qui
406 420 448 454 et
477 413 576 454 vicit
605 419 646 453 et
673 412 857 453 obtinuit
883 413 999 452 annis
1030 410 1097 451 24.

144 482 263 519 Anno
306 480 469 534 imperii
511 480 747 520 Constantis
789 479 840 519 15
880 479 1063 519 Arabum
1092 478 1285 533 princeps
1317 481 1500 520 Maubias

33 535 227 588 habetur,
259 536 333 591 qui
362 542 404 577 et
433 537 659 577 exercitum
688 536 822 576 movit
849 535 1044 576 adversus
1069 534 1219 586 Halim‚
1255 542 1299 576 et
1323 551 1500 591 congre-

30 598 184 647 gantur
221 592 344 632 ambo
391 593 504 633 inter
530 592 811 634 Barbalissum
853 593 964 632 iuxta
1005 591 1267 645 Euphraten.
1327 593 1500 634 bivero

32 649 106 704 qui
135 655 256 689 erant
283 649 498 699 Mauhiae,
528 663 622 689 cum
665 655 795 690 essent
846 647 1091 696 validiores,
1124 662 1273 703 aquam
1304 650 1501 690 obtinue-

31 710 146 748 runt.
203 704 316 746 unde
345 705 386 745 in
416 705 526 745 sitim
558 707 764 746 venientes
795 704 835 744 hi
869 705 943 760 qui
974 709 1096 745 erant
1125 703 1290 756 Halim,
1335 705 1500 746 defece-

32 766 146 802 runt.
202 774 337 816 porro
382 761 568 803 Mauhias
605 763 763 804 bellare
792 761 950 814 noluit,
978 759 1049 802 sed
1075 760 1165 801 sine
1190 761 1340 802 labore
1366 762 1502 802 victo-

33 817 140 858 riam
169 817 281 858 tulit.

145 885 266 926 Anno
299 884 466 940 imperii
493 883 729 927 Constantis
764 881 815 924 16
845 884 1074 925 exercitum
1102 884 1235 925 movit
1266 885 1501 939 imperator

31 946 182 981 contra
210 940 481 992 sclaviniam,
530 947 573 983 et
612 941 798 996 captivos
842 939 958 981 duxit
1000 941 1228 995 plurimos,
1257 947 1299 983 et
1324 942 1498 997 subegit.

30 997 179 1038 eodem
206 1012 317 1039 anno
362 1005 405 1039 et
441 998 508 1039 illa
539 1005 654 1054 gesta
680 1002 776 1037 sunt
818 1012 925 1052 quae
953 1004 1103 1038 contra
1130 997 1174 1041 S.
1204 998 1427 1038 Maximum
1458 1004 1500 1038 et

31 1052 252 1109 discipulos
282 1055 407 1110 ipsius
437 1061 532 1096 sunt
559 1060 664 1105 acta,
692 1053 748 1095 eis
775 1068 857 1108 pro
888 1055 1066 1094 veritate
1095 1059 1244 1094 contra
1272 1055 1497 1095 monothe-
1510 1074 1546 1109 p.
1558 1065 1624 1099 531

31 1109 122 1149 litas
142 1110 474 1165 agonizantibus;
504 1125 609 1167 quos
625 1111 826 1151 Constans
848 1110 901 1150 ad
919 1125 1092 1164 pravam
1113 1111 1356 1165 opinionem
1383 1125 1499 1151 suam

32 1167 259 1208 transferre
301 1183 384 1208 non
428 1167 590 1218 valens,
633 1167 829 1207 divinitus
867 1167 1095 1221 sapientem
1134 1173 1177 1208 et
1208 1168 1499 1221 peritissimam

30 1222 212 1276 linguam
242 1238 338 1264 cum
367 1223 535 1264 dextera
565 1238 692 1263 manu
710 1223 796 1263 eius
825 1223 1015 1274 abscidit,
1045 1237 1095 1264 eo
1126 1223 1243 1279 quod
1268 1224 1498 1278 plurimum

29 1286 181 1320 contra
214 1279 472 1335 impietatem
518 1295 635 1320 suam
672 1295 754 1320 una
792 1293 889 1320 cum
916 1278 1125 1334 discipulis
1162 1280 1243 1320 suis
1279 1281 1497 1320 Anastasiis

27 1336 255 1389 scripserit,
289 1351 480 1392 quaeque
507 1351 586 1391 per
614 1336 805 1377 ordinem
835 1336 902 1376 isti
931 1335 1217 1391 conscripsisse
1243 1337 1495 1391 probantur,

29 1392 136 1433 sicut
163 1392 287 1433 amici
308 1392 489 1433 discendi
519 1408 602 1433 nou
629 1393 828 1433 nesciunt.

141 1463 262 1499 Anno
291 1459 456 1513 imperii
497 1460 731 1500 Constantis
779 1458 829 1499 17
874 1459 1099 1500 conventio
1142 1460 1251 1500 facta
1296 1467 1357 1502 est
1386 1460 1497 1501 inter

30 1516 240 1555 Romanos
265 1522 308 1556 et
326 1517 494 1566 Arabes,
523 1516 691 1556 Mauhia
718 1515 966 1570 legationem
992 1515 1184 1557 mittente
1213 1517 1268 1556 ob
1299 1517 1496 1558 rebellio..

29 1586 138 1624 nem,
166 1577 214 1612 ut
240 1571 431 1613 tribuant
469 1573 667 1613 Romanis
712 1572 868 1613 Arabes
898 1586 977 1627 per
1014 1571 1195 1628 singulos
1223 1572 1308 1614 dies
1357 1574 1499 1613 numi-

27 1635 159 1667 smata
202 1628 317 1669 mille
352 1634 394 1669 et
424 1643 579 1684 equum
618 1636 661 1670 et
687 1643 865 1670 servum.
923 1628 1072 1669 eodem
1100 1643 1204 1670 vero
1235 1644 1345 1670 anno
1376 1630 1497 1670 exilio

30 1684 178 1724 ductus
205 1689 265 1725 est
280 1685 481 1725 Martinus
508 1686 781 1726 sanctissimus
810 1699 920 1738 papa
951 1685 1172 1735 Romanus,
1205 1701 1287 1740 pro
1320 1687 1499 1726 veritate

31 1740 203 1780 fortiter
229 1742 469 1795 agonizans,
497 1748 538 1783 et
565 1743 776 1783 confessor
802 1742 935 1782 factus
964 1741 1005 1781 in
1045 1741 1277 1783 climatibus
1310 1742 1497 1784 Orientis

31 1797 250 1838 defunctus
281 1804 352 1838 est.
618 1801 622 1804 ⁴

140 1864 286 1905 Mundi
314 1879 423 1906 anno
447 1863 574 1917 6151,
606 1865 768 1906 divinae
796 1865 1095 1906 incarnationis
1124 1879 1233 1906 anno
1266 1863 1362 1916 651,
1388 1879 1496 1905 anno

30 1921 196 1974 imperii
230 1922 291 1962 sui
334 1921 385 1963 18
415 1923 613 1962 Constans
651 1923 808 1963 occidit
834 1922 1119 1963 Theodosium
1155 1922 1382 1977 proprium
1408 1922 1497 1961 fra-

29 1984 139 2018 trem
166 1992 298 2018 suum.
367 1994 463 2019 cum
503 1986 642 2019 autem
684 1984 815 2019 essent
843 1980 999 2019 Arabes
1045 1977 1157 2033 apud
1196 1978 1367 2034 Saphin,
1398 1978 1496 2018 dolo

30 2039 199 2073 necatus
224 2039 284 2074 est
310 2035 548 2089 praedictus
566 2036 714 2086 Halim,
744 2041 787 2076 et
813 2034 1079 2090 singulariter
1099 2036 1280 2090 imperat
1292 2034 1497 2085 Mauhias‚

30 2090 146 2144 regio
178 2105 296 2131 more
314 2093 562 2133 Damascum
579 2091 815 2133 inhabitans
843 2097 886 2133 et
911 2092 1188 2146 pecuniarum
1218 2092 1302 2132 illic
1329 2091 1495 2132 thesau-

29 2160 97 2186 ros
125 2146 367 2189 recondens.

141 2216 260 2254 Anno
298 2213 461 2268 imperii
494 2214 726 2255 Constantis
770 2213 819 2254 19
849 2214 1048 2269 apparuit
1081 2214 1260 2256 haeresis
1293 2215 1491 2263 Arabum,

30 2284 179 2309 eorum
217 2269 410 2311 videlicet
453 2270 525 2325 qui
555 2270 756 2310 dicuntur
796 2270 1085 2326 Charurgitae.
1143 2272 1327 2313 Mauhias
1355 2277 1492 2311 autem
1506 2277 1622 2322 p.532

27 2325 103 2364 bos
133 2341 342 2380 aggressus
384 2340 453 2366 eos
498 2326 570 2381 qui
597 2334 718 2367 erant
758 2328 799 2366 in
825 2327 992 2368 Perside
1017 2327 1263 2379 humiliavit,
1293 2343 1360 2368 eos
1389 2340 1492 2366 vero

28 2380 99 2436 qui
129 2382 171 2421 in
189 2383 311 2439 Syria
342 2388 463 2423 erant
489 2383 694 2434 exaltavit,
723 2390 766 2424 et
794 2383 894 2424 alios
924 2383 1092 2439 quidem
1121 2385 1289 2425 vocavit
1318 2382 1494 2422 Hisami-

26 2442 87 2477 tas
114 2439 215 2478 alios
247 2446 386 2480 autem
412 2439 669 2487 Heraclitus,
701 2445 743 2479 et
771 2441 1068 2481 Hisamitarum
1102 2441 1270 2497 quidem
1298 2439 1494 2480 donativa

26 2495 264 2535 sublimavit
293 2510 422 2551 usque
450 2495 504 2535 ad
532 2494 708 2536 ducenta
737 2497 996 2549 numismata,
1022 2512 1158 2552 porro
1188 2495 1494 2538 Heraclitarum

28 2549 219 2605 deposuit
246 2567 377 2607 usque
406 2552 456 2591 ad
488 2551 660 2592 tricena.

142 2619 262 2659 Anno
292 2620 458 2673 imperii
494 2620 556 2658 sui
586 2618 638 2659 20
673 2620 872 2660 Constans
900 2620 1099 2661 derelicta
1128 2618 1491 2672 Constantinopoli

27 2672 133 2713 abiit
146 2674 407 2729 Syracusam,
436 2675 647 2716 civitatem
663 2677 843 2726 Siciliae,
866 2678 1008 2717 volens
1031 2677 1252 2730 imperium
1282 2675 1323 2714 in
1342 2676 1492 2716 urbem

26 2729 202 2770 Romam
222 2734 462 2782 transferre,
492 2737 533 2772 et
551 2732 681 2772 mittit
710 2733 760 2772 ad
790 2733 1074 2773 adducendam
1107 2747 1277 2773 uxorem
1306 2745 1421 2771 suam
1449 2738 1492 2772 et

29 2791 112 2826 tres
144 2787 263 2838 filios,
293 2789 610 2829 Constantinum
629 2788 869 2830 Heraclium
899 2797 942 2830 et
962 2789 1191 2830 Tiberium.
1248 2802 1383 2842 porro
1404 2790 1490 2843 By-

28 2842 153 2882 zantii
184 2857 269 2885 non
290 2844 533 2885 dimiserunt
560 2858 642 2885 eOS.
