1728 3184
480 182 665 226 NOTAE
707 185 1087 234 POSTERIORES.
1429 190 1526 238 605

183 301 281 354 384,
297 301 347 345 9.
404 298 513 355 ἴδω,
547 299 647 359 ἴδω]
693 305 819 346 Cedr.
854 304 1024 359 ἴδωμεν,
1054 306 1224 362 ἴδωμεν.
1283 308 1312 366 ἦ
1341 327 1404 362 τις
1431 312 1527 356 ὅνο-

72 357 253 413 μάζεται
285 358 511 412 ἐκκλησίας
551 359 882 416 interrogatione
916 364 989 418 leg.
1022 373 1069 406 ut
1103 374 1193 408 tum
1230 379 1430 424 sequatur
1455 387 1528 413 re..

72 416 259 472 sponsio.
297 411 546 467 ὄμώνυμοςε
583 417 756 456 ciusdem
792 420 962 459 nominis
1001 434 1091 462 cum
1126 424 1199 463 illa
1235 434 1291 465 est
1324 428 1524 481 Augusta.

73 473 154 514 τοῦ
179 471 329 526 βῆκας.
401 473 541 516 Anast.
584 479 626 512 et
655 473 832 527 interpr.
874 484 916 514 tu
948 476 1111 517 vincas=
1148 480 1284 520 malim
1321 483 1458 534 βῐβας,
1485 491 1527 524 tu

73 530 226 580 vivas,
257 526 387 584 quod
411 527 470 568 ita
497 527 709 570 Cedrenus
750 531 957 584 expressit,
983 529 1259 583 Ἀναστασιάς
1280 535 1529 593 Αὕγούστης

71 580 206 626 πολλά
248 579 302 626 τοὶ
343 579 430 638 ἔτη.
500 585 618 625 vivat
659 585 876 626 Anastasia
916 587 1098 641 Augusta
1134 591 1177 629 in
1223 593 1363 632 multos
1389 609 1526 638 annox.

73 639 253 696 quadrat
281 638 397 681 c'erte
432 639 535 680 baec
564 640 805 682 exclamatio
854 642 894 681 in
925 644 1171 696 foeminam,
1199 660 1281 686 non
1315 648 1392 688 illa.
1450 664 1527 691 nec

71 698 186 739 forte
215 696 295 738 alia
319 697 399 738 fuit
425 696 464 737 in
484 696 755 737 Iustinianum
784 699 937 740 celebri
957 699 1025 739 illa
1051 700 1251 743 seditione
1283 704 1523 747 factionum.

72 753 388 804 familiarissima
422 753 465 793 in
495 767 611 808 reges
631 755 870 795 exclamatio
904 754 946 795 in
975 757 1108 797 veteri
1138 758 1226 812 ipso
1255 759 1527 802 instrumento

70 825 168 852 cum
194 811 282 865 ipsa
310 824 456 864 regum
484 809 744 851 institutione
763 826 974 864 expressa,
1004 813 1313 868 etiamnumqne
1345 830 1417 856 usu
1443 817 1529 857 tri-

72 867 237 919 tissima,
266 867 384 907 vivat
407 881 500 907 rex.
539 863 757 908 ἀκούσασα
791 867 837 908 δὲ
866 866 1018 923 Σοφία,
1062 866 1088 923 ἦ
1120 870 1208 911 τοῦ.
1237 871 1337 925 Reg.
1364 873 1529 914 audiens

69 922 238 980 Sophia,
272 928 351 964 ete.

181 1004 278 1058 385,
315 1004 381 1048 18.
438 1003 506 1060 ἐφ’
549 1001 573 1044 ὃ
609 1004 760 1058 χρόνον
793 1008 1010 1062 τετραετῆ,
1041 1009 1201 1065 legend.
1229 1011 1383 1064 τριετῆ,
1414 1012 1528 1068 quod

70 1067 114 1103 et
143 1063 268 1119 Peyr.
298 1062 437 1104 habet.
495 1062 693 1103 videndus
725 1064 949 1104 Menander
977 1065 1026 1106 de
1056 1067 1175 1120 legat.
1207 1066 1277 1109 lib.
1307 1064 1346 1117 6,
1378 1068 1449 1108 ubi
1477 1067 1528 1110 de

69 1119 132 1160 his
163 1119 337 1160 induciis
365 1120 575 1159 Romanos
617 1119 725 1159 inter
754 1125 794 1160 et
830 1121 971 1160 Persas
1011 1136 1089 1175 per
1130 1123 1345 1163 Orientem
1375 1123 1427 1162 ad
1450 1125 1528 1164 tri-

71 1176 262 1227 ennium,
310 1191 404 1216 cum
448 1175 672 1216 Persarum
712 1190 781 1216 rex
820 1177 1140 1232 quinquennales
1166 1178 1305 1230 vellet,
1336 1180 1527 1220 Tiberius

69 1233 204 1273 solum
234 1231 465 1279 biennales;
506 1233 602 1272 satis
645 1232 686 1272 id
716 1238 828 1273 ratus
858 1235 1054 1287 temporis
1084 1234 1135 1275 ad
1166 1234 1422 1275 instruendas
1450 1250 1526 1276 co-

69 1290 158 1343 pias
203 1289 354 1344 quibus
393 1289 617 1328 Persarum
654 1289 742 1343 regi
782 1289 912 1329 obniti
949 1297 1099 1342 posset.
1169 1290 1283 1346 quod
1326 1292 1526 1346 sequitur,

67 1343 143 1385 τὸν
177 1343 224 1386 δὲ
251 1343 434 1396 πόλεμον
466 1344 538 1398 τῆς
571 1343 795 1396 Ἀρμενίας
836 1343 1157 1398 συστήσασθαι,
1198 1347 1330 1400 palam
1360 1354 1450 1397 est,
1482 1349 1526 1388 in

69 1401 358 1443 Armeniacum
387 1401 533 1443 bellum
563 1410 662 1441 totos
687 1402 935 1452 incumbere3
964 1403 1062 1452 sivo,
1092 1408 1223 1442 totam
1253 1403 1347 1442 belli
1374 1403 1526 1444 molem

72 1457 115 1497 in
147 1458 385 1499 Armeniam
416 1458 669 1498 transferre:
710 1458 751 1498 in
791 1473 870 1513 qua
902 1472 962 1498 res
993 1458 1096 1499 male
1126 1473 1149 1498 a
1176 1459 1369 1499 Romanis
1396 1464 1525 1514 gestas

72 1520 306 1569 occupante
354 1515 460 1570 regis
507 1514 729 1554 Persarum
773 1514 999 1568 diligentia,
1037 1517 1307 1570 prosequitur
1337 1515 1525 1557 laudatus

69 1571 327 1621 Menander,
366 1586 414 1612 ex
452 1585 538 1625 quo
568 1571 670 1611 haec
715 1570 963 1610 illustranda.
1021 1577 1117 1611 sunt
1143 1570 1245 1611 haec
1270 1571 1355 1611 eius
1386 1572 1523 1611 verba.

68 1624 165 1668 ἐπεὶ
193 1621 270 1668 οὖν
295 1623 494 1680 ἀνακωχή
537 1625 712 1679 ἐγεγόνει
741 1621 822 1667 ἄνα
850 1625 922 1680 τὴν
949 1624 1017 1679 ἕω,
1044 1627 1307 1680 μετηνὲνεκτο
1335 1626 1382 1667 δὲ
1411 1621 1522 1675 ἅπας

67 1681 143 1724 ἐπὶ
167 1679 247 1738 τὴν
272 1681 499 1735 Ἀρμενίαν
539 1681 561 1722 ὃ
592 1681 807 1735 θόρυβος,
837 1676 938 1736 ἦρος
970 1682 1209 1734 α’ρχομένου
1237 1682 1416 1736 συνέστη
1447 1681 1525 1722 πό-

68 1740 211 1791 λεμος.
261 1749 476 1797 postquam
509 1740 604 1779 belli
630 1741 799 1780 cessatio
842 1740 900 1779 ad
922 1748 1069 1794 tempus
1094 1748 1189 1779 rata
1212 1753 1290 1795 per
1316 1738 1524 1778 Orientem

54 1795 160 1851 ficit,
193 1799 308 1838 omni
327 1805 434 1837 motu
481 1797 525 1836 in
551 1796 796 1837 Armeniam
833 1796 1040 1844 translato,
1070 1796 1232 1836 ineunte
1258 1810 1351 1834 vere
1377 1795 1525 1835 bellum

65 1851 291 1909 cotylatam
320 1862 397 1894 esc.
469 1867 520 1894 en
552 1849 601 1893 τό
619 1883 630 1903 ,
661 1851 941 1893 συνίστασθαι
979 1849 1174 1904 πόλεμον,
1205 1850 1320 1906 quod
1347 1850 1524 1904 interpr.

65 1909 285 1950 contrario
325 1924 447 1950 seusu
493 1911 666 1963 accepit.
721 1904 792 1948 τὸν
826 1903 1006 1958 πόλεμον
1043 1905 1298 1960 ἄντουργεῖν.
1355 1908 1524 1947 audiens

65 1966 279 2021 ipsummet
299 1965 518 2007 Persarum
539 1980 671 2020 regem
697 1964 757 2004 ad
766 1964 905 2004 bellum
930 1978 1215 2018 processurum.
1244 1963 1368 2004 etiam
1387 1966 1523 2003 Anast.

66 2028 109 2062 et
137 2021 236 2078 Xyl.
273 2022 460 2078 nihilque
489 2021 542 2062 ad
572 2037 662 2063 rem
694 2022 868 2075 interpr.
900 2027 971 2060 aut
1001 2034 1046 2060 ex
1075 2019 1256 2060 auctoris
1286 2025 1439 2071 mente,
1466 2018 1526 2059 ad

65 2077 217 2119 bellum
255 2079 526 2120 revocandam
562 2079 734 2135 propria
771 2086 906 2133 sponte
940 2077 1174 2130 procedere.
1245 2076 1318 2116 καί
1351 2071 1397 2115 τὸ
1441 2074 1523 2114 τῶν

53 2135 254 2187 ’Περσῶν
299 2134 500 2176 mamone:
553 2150 633 2189 pro
679 2149 763 2188 quo
800 2135 1004 2174 Simoenta
1046 2133 1071 2174 l.
1107 2132 1132 2172 2
1173 2146 1210 2176 c.
1236 2128 1276 2174 4.
1310 2127 1385 2184 τήν
1413 2128 1521 2170 α’πο-

63 2187 220 2244 σκευῆν
247 2187 525 2244 ἐχειρώσατο,
556 2191 838 2247 impedimenta
860 2220 871 2239 ‚
900 2190 1108 2228 militarem
1146 2197 1390 2243 apparatum
1419 2185 1521 2233 obti-

62 2247 163 2287 nuit.
231 2247 290 2288 sic
332 2247 458 2288 semel
499 2253 541 2288 et
580 2248 731 2287 iterum
771 2261 812 2301 p.
837 2246 911 2286 9521
953 2251 1032 2285 etc.
1074 2245 1112 2284 in
1155 2242 1438 2297 superioribus
1471 2237 1517 2282 τὸ

61 2299 350 2355 στρατόπεδον
370 2318 453 2344 non
472 2319 571 2344 raro
595 2303 754 2343 dictum
775 2303 965 2353 invenias,
983 2297 1148 2347 ἔκλυτος
1173 2299 1348 2352 γέγονεν.
1378 2299 1518 2337 Anast.

61 2359 276 2414 expeditas
315 2359 472 2415 gffectus
508 2370 585 2407 εεες
632 2374 707 2399 nec
749 2359 961 2413 displicet3
1007 2356 1141 2397 statim
1183 2356 1291 2395 enim
1319 2353 1521 2394 scribitur

63 2416 223 2456 animos
251 2417 452 2458 exercitui
497 2416 722 2468 addidisse,
765 2429 812 2455 ac
842 2422 1008 2455 strenue
1039 2411 1089 2452 ad
1117 2426 1296 2466 pugnam
1319 2409 1519 2450 eduxisse:

61 2485 149 2512 non
179 2487 279 2528 ergo
310 2488 357 2514 ea
387 2474 444 2514 vis
472 2473 594 2513 huius
617 2474 729 2512 vocis
757 2472 835 2512 hoc
866 2472 956 2510 loco
978 2485 1098 2524 quam
1119 2467 1312 2522 expressit
1341 2467 1520 2519 interpr.

60 2529 199 2570 animo
223 2530 425 2583 concidz't3
455 2529 533 2570 nisi
566 2530 622 2570 ita
649 2528 788 2570 statim
819 2526 1042 2583 perculsus,
1070 2524 1224 2565 saniori
1253 2520 1522 2578 postmodum

64 2585 232 2626 emersit
262 2585 432 2627 iudicio.

172 2668 271 2719 386,
305 2669 369 2710 16.
426 2667 477 2710 τοὶ
525 2669 712 2721 ἐπίσημα
752 2667 905 2715 ἐκεῖνα]
936 2663 1054 2704 Cedr.
1080 2660 1124 2711 ἐξ
1151 2653 1211 2702 ὧν
1237 2656 1288 2701 τοὶ
1322 2656 1521 2714 ἐπίσημα.

59 2740 116 2766 ex
143 2727 298 2782 quibus,
331 2741 380 2766 ea
409 2740 513 2781 quae
542 2735 665 2766 erant
694 2724 935 2776 insigniora,
964 2727 1039 2763 etc.
1071 2733 1153 2760 non
1185 2717 1293 2759 solos
1322 2715 1520 2772 elephan-

61 2787 142 2835 tos,
171 2790 218 2824 ut
249 2789 402 2824 sonant
427 2782 668 2836 interpretis
696 2781 837 2821 verba.
