1794 3250
245 182 343 236 300
748 196 802 236 ιΝ
844 195 1220 237 THEOPHANEM

243 307 409 361 pariter
438 305 734 349 Alexandrinae
762 308 813 349 ab
844 308 1006 350 Aniano
1038 322 1192 350 nomen
1223 322 1318 349 aera
1359 312 1539 364 utraque
1569 309 1711 362 potuit

244 364 452 406 obtinere.
518 377 666 403 verum
696 379 747 405 ne
778 365 856 405 hac
884 367 971 405 sola
1003 366 1246 406 coniectura
1279 364 1455 405 arioler:
1485 364 1711 418 ,gravissimi

242 419 457 474 ponderis,
487 433 623 474 neque
651 421 848 462 irritandi
877 422 1045 462 roboris
1066 421 1289 462 translatae
1319 421 1606 475 appellationis
1640 437 1711 462 ar-

242 482 487 531 gumentum
518 483 604 527 est,
641 477 757 532 quod
786 478 1022 534 Syncellus,
1053 478 1127 533 qui
1161 493 1300 518 aeram
1331 476 1553 518 secundam
1583 492 1713 518 usur-

241 533 370 586 pavit,
402 539 445 573 et
484 531 537 572 ad
567 533 723 574 Christi
766 534 944 575 natalem
986 548 1115 575 annos
1153 541 1313 590 septem
1353 533 1418 575 vel
1457 540 1555 574 octo
1586 547 1712 587 supra

240 588 513 630 Panodorum
530 589 708 642 adiecit,
735 592 874 631 statim
891 604 1068 632 numero
1090 605 1211 646 pares
1229 590 1411 642 rescidit,
1440 595 1482 630 et
1510 605 1556 631 ex
1581 590 1712 645 impp.

241 646 457 698 aetatibus,
489 660 664 686 necnon
685 647 918 701 patriarch.
947 654 989 689 et
1014 654 1169 703 satrap.
1199 646 1378 688 totidem
1408 646 1587 697 resectis,
1615 649 1711 701 pri-

240 717 351 742 mam
381 701 547 743 tandem
576 717 716 743 aeram
743 704 793 744 ab
824 718 933 744 anno
966 703 1109 744 mundi
1139 699 1249 745 5493
1279 710 1321 744 et
1349 703 1524 744 alteram
1552 718 1573 743 a
1601 702 1708 743 5501

240 758 442 800 fluentem
469 759 700 801 concordes
726 760 837 800 inter
864 774 906 801 se
931 767 974 801 et
991 760 1152 816 aequali
1170 775 1308 815 gressu
1332 759 1569 816 procedere
1598 773 1713 800 com.

239 816 363 870 pulit,
404 829 533 856 annos
562 815 868 870 imperatorum
895 817 1104 858 aetatibus
1140 817 1350 858 detractos
1374 816 1555 873 Syncelli
1584 815 1712 856 chro-

240 872 411 927 nologia
437 872 524 912 aliis
544 879 802 927 comparata,
833 887 900 914 me
922 881 1087 915 tacente
1105 875 1391 914 vociferatur:
1425 872 1714 913 detractorum

239 928 440 969 indicium
471 934 514 969 et
542 929 774 983 exemplum
800 929 897 970 solis
925 929 1049 986 ipsius
1082 930 1201 970 radio
1228 929 1433 970 describo.
1462 929 1714 969 Diocletiani

241 987 429 1041 tyrannis
458 985 512 1025 ad
540 1000 695 1025 annum
726 1001 747 1026 a
779 985 925 1027 mundi
962 986 1140 1028 conditu
1169 986 1278 1028 5777
1310 1002 1356 1026 ex
1385 985 1567 1042 Syncelli
1596 1000 1715 1026 com-

239 1049 361 1096 puto,
390 1049 432 1082 et
451 1041 718 1096 Theophanis
748 1057 846 1097 pag.
878 1039 907 1083 4
935 1044 1174 1098 reponitur,
1205 1042 1435 1098 eademque
1462 1047 1560 1097 post
1588 1042 1715 1082 Chri-

237 1098 290 1140 sti
317 1113 456 1139 aeram
487 1112 596 1137 anno
629 1097 739 1139 5500
765 1098 925 1140 et5501
959 1100 1257 1154 consignatam,
1288 1113 1418 1139 annos
1447 1113 1494 1140 ex
1521 1099 1714 1154 Syncello

239 1160 282 1195 et
310 1154 569 1210 Theophane
601 1154 736 1195 citatis
767 1162 960 1196 numerat
994 1155 1087 1208 977,
1118 1156 1292 1197 eandem
1322 1161 1458 1197 tamen
1488 1170 1511 1195 a
1547 1155 1718 1196 Diocle*

238 1212 355 1252 tiano
385 1209 651 1268 tyrannidem
680 1217 895 1267 arreptam
925 1213 1040 1253 annis
1083 1211 1109 1253 7
1139 1212 1205 1253 vel
1236 1213 1263 1253 8
1294 1212 1577 1265 posteriorem
1607 1226 1715 1252 asse..

240 1268 298 1310 rit
325 1267 686 1323 chronologorum
724 1283 804 1309 vox
847 1269 1102 1321 communis,
1137 1276 1179 1310 et
1203 1268 1256 1309 ad
1284 1268 1566 1325 Dionysianae
1593 1283 1713 1310 aerae

239 1325 322 1364 284
350 1327 399 1365 et'
419 1324 500 1365 285
538 1323 695 1379 alligat.
742 1340 870 1365 annos
915 1326 1045 1380 igitur
1073 1332 1233 1380 septem
1270 1325 1336 1367 vel
1372 1332 1472 1366 octo
1503 1341 1525 1365 a
1556 1325 1712 1366 Christi

239 1381 435 1422 natalitiis
477 1381 531 1422 ad
575 1381 891 1423 Diocletianum
933 1382 1226 1437 imperantem,
1257 1382 1299 1422 in
1336 1382 1541 1438 Syncelli,
1575 1382 1717 1423 Theo-

238 1438 386 1493 phanis
415 1445 458 1479 et
487 1438 747 1479 consortium
777 1438 943 1480 calculis
976 1439 1187 1480 detractos
1215 1438 1351 1479 nullus
1384 1439 1610 1494 negaverit.
1640 1438 1718 1479 ad-

242 1495 295 1535 de
325 1495 406 1535 iam
436 1494 488 1535 ad
524 1495 740 1536 Panodori
778 1511 919 1536 aeram
949 1491 1060 1536 5493
1101 1510 1222 1536 aerae
1249 1495 1403 1538 Christi
1433 1495 1715 1551 Dionysianae

242 1566 373 1591 annos
409 1547 491 1592 284
521 1566 723 1591 summam
759 1551 913 1606 procul
952 1552 1082 1592 dubio
1114 1553 1282 1608 colliges
1325 1551 1448 1603 5777,
1478 1551 1582 1593 haec
1610 1565 1714 1592 vero

242 1615 319 1659 est,
352 1623 478 1663 quam
507 1623 530 1647 a
553 1608 699 1649 mundi
729 1607 905 1649 conditu
935 1608 986 1648 ad
1001 1608 1312 1650 Diocletianum
1338 1608 1720 1665 Syncellus,Theo-

241 1665 398 1720 phanes
432 1670 474 1705 et
507 1664 575 1705 alii
604 1680 746 1705 aeram
767 1666 1030 1705 Graecorum
1059 1665 1281 1706 secundam
1312 1665 1531 1720 amplexati
1560 1664 1720 1706 subdu-

242 1726 357 1762 cunt.
428 1736 525 1761 aera
566 1721 697 1776 igitur
741 1722 923 1762 secunda
958 1722 1141 1761 recurrit
1172 1723 1213 1762 in
1252 1723 1445 1777 primam,
1477 1736 1553 1763 nec
1582 1722 1717 1762 minus

243 1793 370 1833 quam
398 1778 549 1832 prima,
584 1778 887 1818 Alexandrinae
918 1784 1107 1818 meretur
1136 1793 1308 1819 nomen:
1340 1785 1381 1818 et
1406 1779 1587 1819 secunda
1616 1779 1719 1818 haec

243 1849 388 1875 rursus
423 1849 445 1874 a
473 1834 611 1888 prima
641 1833 666 1874 7
699 1835 764 1875 vel
794 1834 821 1874 8
852 1835 993 1886 annis,
1025 1841 1067 1875 et
1113 1850 1135 1874 a
1166 1835 1292 1875 tertia
1322 1835 1416 1890 pari
1444 1836 1579 1889 spatio
1606 1836 1720 1875 circa

244 1890 399 1932 Christi
441 1891 619 1931 natalem
651 1890 817 1939 dissita3
861 1897 1086 1946 postquam
1117 1891 1227 1932 facta
1266 1891 1531 1932 detractione
1562 1892 1603 1932 in
1627 1892 1723 1946 pri-

243 1963 355 1988 mam
385 1947 521 1987 refusa
551 1953 632 1997 est,
665 1954 799 2002 prout
841 1947 980 2002 prima
1009 1948 1124 1987 annis
1155 1947 1394 2004 quindecim
1422 1948 1488 1988 vel
1516 1948 1723 1989 sexdecim

245 2020 267 2044 a
298 2004 424 2045 tertia
455 2003 739 2052 dividebatur;
770 2003 820 2044 ab
853 2003 997 2044 eadem
1025 2004 1151 2045 tertia
1195 2019 1276 2044 non
1311 2004 1485 2045 absimili
1513 2019 1723 2045 annorum

249 2059 300 2101 16
333 2061 552 2101 intervallo
584 2061 788 2101 disiuncta
808 2060 1098 2115 cognoscitur:
1134 2076 1241 2116 quae
1264 2076 1382 2101 causa
1404 2067 1475 2113 est,
1505 2067 1553 2102 ut
1582 2076 1724 2102 aeram

244 2117 491 2166 secundam,
532 2123 573 2158 et
614 2117 769 2158 Christi
812 2117 991 2158 natalem
1044 2116 1096 2157 ad
1143 2133 1297 2158 annum
1335 2117 1442 2158 5501
1478 2119 1724 2173 repositum,

243 2174 428 2215 scribens
457 2173 762 2228 Theophanes,
796 2173 988 2229 adeoque
1019 2189 1114 2215 aera
1141 2175 1278 2228 prima
1307 2182 1348 2215 et
1378 2182 1582 2229 computo
1612 2171 1723 2215 5493

245 2231 361 2271 annis
389 2237 552 2271 tantum
583 2236 681 2271 octo
711 2231 948 2285 posterior,
982 2237 1025 2271 et
1059 2231 1173 2270 annis
1213 2231 1393 2272 totidem
1430 2233 1723 2271 Romanorum

247 2303 372 2337 aera,
405 2302 511 2342 quae
542 2288 667 2328 tertia
696 2287 911 2338 anterior,
960 2287 1076 2327 annis
1105 2293 1199 2328 ante
1228 2287 1541 2329 Diocletianum
1564 2293 1725 2341 septem

247 2343 463 2396 mutilatis,
492 2359 632 2384 aeram
659 2358 774 2383 suam
801 2358 933 2399 aeque
962 2359 1010 2384 ac
1038 2344 1219 2398 primam
1245 2346 1359 2385 annis
1379 2344 1427 2384 15
1458 2344 1523 2385 vel
1551 2343 1602 2385 15
1632 2350 1722 2384 ter..

248 2401 349 2441 tiam
379 2400 630 2454 praecedere
660 2401 877 2454 affiirmet,
919 2407 962 2440 et
993 2400 1207 2440 Michaelis
1257 2401 1521 2454 Curopalatis
1567 2415 1721 2440 annum

245 2458 474 2498 secundum
528 2457 570 2497 in
610 2471 764 2497 annum
811 2472 833 2496 a
877 2456 1021 2496 mundi
1072 2457 1245 2498 conditu
1292 2456 1398 2498 κατὰ
1436 2455 1726 2508 Ἀλεξανδρεῖς

247 2513 381 2565 6305,
420 2511 530 2554 κατὰ
565 2510 806 2565 Ῥωμαίους
846 2512 952 2553 5321
1001 2514 1187 2554 incidere
1240 2514 1403 2555 doceat.
1474 2512 1724 2554 numerandi

247 2571 457 2611 rationem
480 2571 597 2610 istam
632 2570 788 2624 repetit
805 2577 847 2611 et
865 2571 1087 2610 confirmat
1116 2577 1267 2611 auctor
1287 2570 1340 2611 de
1365 2570 1567 2612 Anastasii
1597 2569 1721 2609 inau-

247 2627 472 2683 guratione
506 2622 697 2668 tractans
719 2641 816 2682 pag.
853 2626 944 2666 117.

368 2694 408 2744 5,
442 2694 477 2735 1.
537 2691 590 2734 τοὶ
635 2693 874 2735 ἐλλείποντα
913 2692 1237 2749 ἀναπληρῶσαι]
1269 2694 1434 2750 imperii
1461 2692 1649 2743 Romani,
1682 2698 1725 2732 et

248 2750 458 2802 ecclesiae,
485 2750 569 2792 hoc
586 2756 647 2793 est
663 2750 821 2792 sedium
844 2751 929 2792 eius
949 2752 1276 2805 praecipuarum
1298 2751 1484 2807 quinque
1507 2748 1728 2790 historiam

248 2821 327 2863 per
360 2822 490 2848 annos
513 2814 556 2849 et
584 2813 777 2863 tempora
808 2809 1012 2849 concinne
1040 2807 1238 2862 digestam
1268 2809 1503 2850 describens
1519 2806 1727 2861 Georgius
