1728 3184
200 183 301 236 488
719 194 774 233 m
819 189 1196 233 THEOPHANEM

200 320 304 371 ρους
332 320 466 360 porro
507 312 550 347 et
579 301 804 358 Ἀβάρεις,
833 315 881 347 ut
910 311 953 346 et
984 305 1209 359 Γηπαΐδες,
1242 309 1283 344 et
1315 299 1536 358 Γηπαῖδας
1568 317 1674 394 Ριο-

200 363 359 403 miscue
390 363 533 418 vulgus
565 364 827 418 pronuntiat.

337 433 437 487 486,
468 434 510 476 3.
571 431 610 476 οῖ
639 435 686 476 δὲ
707 433 929 489 Χαζάρεις
959 430 1277 489 διαρρήξαντες]
1307 430 1506 473 videndus
1537 431 1676 472 omni-

207 505 262 531 no
289 493 550 546 Nicephorus
583 491 637 532 ad
668 507 824 532 annum
855 489 935 532 625

339 565 446 605 Ihid.
485 564 524 605 5.
580 562 833 619 Ἀδροηγᾶν]
865 557 1231 626 Ἀδορυαδιγάνου
1274 555 1403 601 τόπον
1445 566 1570 602 vocat
1605 560 1678 602 Ni-

203 620 412 674 cephorus
441 635 535 677 pag.
572 624 636 664 12.
697 636 829 677 quare
866 635 973 676 quae
1005 619 1055 660 de
1100 618 1228 658 missis
1274 633 1296 657 a
1328 617 1516 658 chosroe
1548 617 1680 658 liteiis

204 678 256 717 ad
289 678 517 718 Salbarum
548 677 661 732 apud
691 693 785 719 eum
816 679 1081 729 referuntur,
1114 674 1166 714 ad
1196 674 1237 715 id
1271 680 1450 727 tempus,
1477 689 1561 714 non
1593 690 1680 730 quo

205 735 437 774 coniunctis
480 734 720 775 Abarorum
763 734 895 788 copiis
937 733 1016 772 CP.
1049 731 1285 782 obsideret,
1326 730 1397 771 sed
1437 746 1523 786 quo
1553 745 1601 772 ex
1631 746 1679 771 ea

206 790 399 845 depulsus
429 790 692 831 Chalcedone
719 790 943 847 hyematul
945 803 989 829 us
1022 789 1239 837 resideret,
1270 786 1557 842 coniungenda
1587 802 1682 828 mo-

207 853 278 888 net
304 847 503 888 Petavius
531 861 630 902 pag.
661 846 732 888 68.

340 916 439 972 487,
472 919 512 959 4.
589 917 734 974 σκάφη
763 916 955 971 γλυπτοὶ]
999 917 1250 957 immanibus
1288 916 1493 957 arborum
1519 915 1684 958 truncis

208 985 414 1027 excavata,
447 972 660 1028 μονόξυλα
694 974 957 1030 Theophani,
998 980 1041 1015 et
1070 973 1261 1014 Cedreno
1296 973 1419 1013 dicta.

341 1044 453 1086 Ibid.
484 1043 523 1083 5.
581 1043 660 1083 τοῦ
691 1042 903 1097 Κὲρατος]
944 1042 1157 1096 triquetra
1186 1041 1269 1081 CP.
1300 1042 1447 1080 forma.
1505 1040 1558 1080 ab
1579 1039 1684 1079 Ori-

208 1107 303 1142 ente
335 1099 599 1165 propontide
628 1099 814 1140 alluitur.
874 1115 897 1139 a
924 1098 1225 1153 Septentrione
1254 1098 1460 1149 Galatam,
1489 1097 1575 1137 sive
1602 1096 1685 1137 Pe-

209 1173 301 1198 mm
329 1157 512 1211 respicit.
571 1157 683 1196 inter
699 1157 778 1197 GP.
809 1162 849 1196 et
867 1155 1058 1196 Galatam
1076 1155 1200 1195 maiis
1231 1154 1300 1195 ine
1316 1155 1442 1205 sinus,
1473 1153 1546 1209 qui
1574 1167 1686 1208 por-

207 1219 272 1254 tus
303 1215 418 1255 urhis
449 1218 490 1254 et
517 1209 670 1259 κόλπος
698 1212 778 1253 τοῦ
809 1211 1018 1267 Κέρατος,
1046 1212 1268 1252 subintrat.

318 1286 535 1327 lbzd.12.
595 1281 838 1338 κουρσεύων,
867 1285 939 1325 καί
967 1281 1228 1338 πραιὸεύων]
1260 1283 1508 1338 ΡΓῑιοεὶοηεε,
1540 1283 1630 1323 ab
1620 1298 1690 1322 m-

208 1344 474 1384 cursionihus
527 1343 705 1384 cursarii
755 1343 881 1397 vulgo
934 1342 1165 1394 nuncupati
1222 1341 1459 1381 nominibus
1503 1342 1564 1380 Οι
1569 1354 1690 1379 accae

206 1401 321 1456 plebi
355 1416 440 1440 non
472 1399 635 1455 ignoti:
670 1398 720 1440 de
749 1399 900 1454 quibus
930 1398 1102 1439 Meursii
1134 1397 1392 1453 glossarium,
1420 1403 1462 1438 et
1476 1396 1690 1452 Rigaltius.

320 1474 428 1515 Ibid.
502 1469 556 1512 τὰ
599 1467 804 1526 περατικὰ
834 1470 970 1526 μέρη]
1012 1470 1285 1511 Chalcedonis
1316 1471 1458 1510 littora
1494 1469 1555 1510 ad
1589 1469 1692 1509 Ori-

209 1537 373 1581 entem,
414 1529 466 1570 ad
511 1530 702 1570 Boream
737 1529 913 1580 Galata,
965 1535 1008 1569 et
1046 1529 1173 1593 pauio
1212 1527 1402 1581 superius
1440 1527 1560 1577 Pera,
1593 1526 1690 1580 quii

207 1586 284 1626 τοῦ
317 1584 474 1626 κόλπου
506 1587 668 1638 πέραν,
698 1593 794 1626 sunt
835 1586 913 1628 CP.
945 1580 1152 1650 περατικά
1180 1583 1302 1638 μέρη.
1361 1585 1504 1624 lintres
1532 1583 1691 1623 traiici-

209 1643 319 1683 endo
349 1643 497 1698 portui
526 1644 592 1683 vel
619 1643 730 1684 freto
771 1637 1045 1695 περαματικὰ
1088 1638 1207 1690 ξύλα.
1239 1641 1374 1696 ipsum
1411 1641 1592 1693 fretum,
1629 1639 1692 1680 vel

212 1699 339 1740 etiam
368 1714 501 1753 mare,
531 1698 722 1752 πέραμα.

321 1768 420 1824 488,
449 1771 492 1812 5.
544 1769 768 1828 Ῥαζὰτην]
792 1768 1002 1826 Ῥυζάτης
1031 1779 1090 1814 est
1118 1773 1391 1828 Nicephoro·
1426 1770 1695 1825 eiusdemque

217 1805 420 1869 a'ulversus
443 1828 683 1869 Heraclium
723 1830 1033 1884 expeditionem
1077 1831 1130 1871 ad
1168 1845 1322 1870 annum
1351 1828 1432 1870 627
1473 1828 1514 1868 in
1561 1828 1696 1867 Heia-

215 1885 284 1925 clii
313 1886 521 1926 decimum
552 1887 775 1941 septimum
806 1886 1060 1928 incidentem
1099 1888 1277 1943 signavit
1309 1884 1541 1941 Nicephori
1570 1883 1696 1925 scho-

216 1943 352 1983 liastes
386 1957 482 1997 pag.
515 1941 579 1982 13.

325 2015 424 2068 489,
453 2016 492 2056 2.
547 2015 720 2072 βάνδον]
763 2022 811 2056 ut
836 2019 1033 2071 σημεῖον,
1061 2012 1106 2058 τὸ
1140 2015 1186 2057 ἐν
1213 2018 1400 2072 πολέμῳ,
1432 2017 1490 2056 ait
1520 2014 1696 2056 Suidas:

216 2071 275 2113 ita
301 2071 457 2125 τάγμα,
492 2074 648 2140 cohors,
677 2074 849 2114 melitum
877 2087 1044 2114 manus.
1102 2076 1187 2114 Leo
1218 2074 1384 2116 constit.
1415 2073 1455 2114 3.
1516 2071 1701 2138 διαιρεί-

215 2129 310 2168 σθω
340 2131 481 2168 τοίνυν
511 2125 533 2168 ὃ
569 2130 652 2176 πᾶς
680 2128 765 2170 vm}
783 2143 829 2170 σε
860 2126 1040 2196 στρατὸς
1071 2130 1131 2178 εἰς
1148 2131 1355 2184 τάγματα,
1386 2143 1518 2183 ηγουν
1546 2125 1596 2169 τοὶ
1628 2131 1702 2168 λε-

218 2182 376 2237 γόμενα
407 2184 549 2237 βάνδα
579 2184 786 2240 διάφορα.
860 2187 968 2226 acies
1005 2187 1128 2241 igitur·
1168 2201 1298 2227 omnzs
1341 2188 1419 2229 tzbi
1445 2187 1625 2228 sublecta
1655 2186 1700 2226 in

218 2243 417 2294 cohortes,
451 2243 525 2283 hoc
554 2252 626 2294 est,
654 2244 823 2283 diversa
851 2243 991 2283 banda
1010 2244 1293 2284 destribuatur.
1351 2244 1570 2299 Rigaltius.

330 2325 440 2368 Ib1d.
475 2322 539 2367 14
606 2341 723 2379 τρισι
768 2321 983 2381 φούλκοις]
1018 2328 1205 2368 cominus
1245 2328 1509 2384 congressmi
1538 2328 1702 2382 primae

220 2382 324 2423 aciei
353 2382 502 2423 milites
524 2383 666 2424 loricis
706 2384 873 2435 nudati,
907 2384 939 2424 si
976 2391 1151 2438 pectora
1186 2386 1310 2425 scutis
1342 2385 1515 2425 obiectis
1546 2390 1703 2438 tegant,

221 2445 264 2480 ct
303 2440 373 2494 qui
415 2454 529 2494 pone
569 2447 666 2481 sunt
710 2440 847 2493 capita
883 2441 1104 2496 vultusque
1149 2442 1395 2482 eorumdem
1425 2445 1505 2482 suis
1539 2442 1705 2495 paliter

221 2496 389 2551 clypei5‚
424 2511 475 2536 ne
504 2496 652 2551 primis
687 2497 899 2537 feiiantur
940 2498 1029 2538 telis
1075 2499 1271 2553 operiant
1301 2498 1487 2554 φοῦλκον
1516 2498 1704 2551 ποιοῦσι,

221 2553 396 2608 Rigaltii
426 2553 671 2608 glossarium
698 2554 894 2594 tacticon

335 2622 432 2678 490,
462 2626 501 2668 7.
560 2623 964 2692 καταφρακταρικὰ]
1007 2643 1212 2695 quaenam
1256 2628 1337 2668 sint
1372 2632 1589 2682 exponunt
1630 2641 1705 2666 va-

226 2682 312 2724 riae
341 2682 539 2725 lectiones
567 2679 850 2738 καταφράκτα
878 2681 1064 2737 νευρικοῖ,
1092 2696 1149 2726 ex
1175 2687 1313 2726 nervis
1342 2684 1559 2725 tutamina.

331 2768 448 2809 lhid.
474 2767 536 2810 16.
596 2760 785 2823 αρματα]
814 2782 939 2809 arma
966 2775 1061 2810 sunt
1073 2769 1243 2812 Graecis
1265 2768 1495 2811 recentiori
1525 2767 1707 2823 loquen-
