1728 3184
201 173 300 226 394
705 184 761 224 ιΝ
800 181 1180 225 THEOPHANEM

315 293 521 349 184,14.
596 296 704 350 μετὰ
752 295 846 359 ary'
890 295 978 352 ἔτη]
1013 298 1164 338 Paulus
1196 297 1393 337 diaconus
1423 297 1608 352 Euagrii,
1640 306 1682 340 et

197 330 466 409 Theophanis
509 371 603 396 eum
634 356 735 397 1m1t
727 356 783 396 m
826 362 1094 397 cornecuuus
1125 369 1316 394 θιΜιοιιηι
1352 369 1460 394 anno
1495 356 1547 396 ’ὼ
1576 357 1682 398 urbe

200 414 372 453 condita
407 415 516 457 1226
548 412 822 468 Augustulum
869 428 890 452 a
935 418 1056 467 putre
1092 413 1244 451 Oreste
1272 412 1572 466 imperatorem
1615 429 1682 453 re-

195 470 434 510 nuntiatum
484 475 692 510 testatur:
737 485 784 509 ac
815 469 1009 524 deinceps
1054 482 1187 508 novos
1219 469 1491 523 imperatores
1519 475 1682 510 creatos

195 526 395 577 scribens,
422 526 473 566 ab
504 527 610 567 urbe
629 526 799 567 condita
830 540 958 566 annos
983 525 1094 566 haud
1127 525 1300 579 amplius
1319 526 1534 566 observat:
1564 527 1680 580 quod

197 583 241 623 in
272 583 504 638 Augustulo
553 583 778 638 imperium
818 584 1055 624 Romanum
1092 582 1255 623 desiisse
1282 582 1448 622 sentiat.
1509 583 1684 623 lornan-

199 640 270 681 des
299 638 350 680 de
380 640 504 681 rebus
526 642 621 681 Get.
653 656 676 680 a
706 638 882 680 conditu
913 639 1028 680 urbis
1060 639 1112 679 ad
1141 640 1312 694 Augusti
1349 639 1573 693 imperium
1605 655 1683 679 an..

195 711 270 737 nos
305 695 411 749 709,
453 697 504 737 ab
538 700 725 752 Augusto
767 695 821 737 ad
851 695 1069 752 Augustuli
1114 697 1325 737 decessum
1357 695 1439 737 522
1470 703 1678 738 numerat.

193 767 353 794 summa
383 756 489 799 1231
523 768 744 794 annorum.

303 838 419 880 Ibid.
467 841 531 883 16.
597 835 671 879 ἐπὶ
709 834 971 890 Ῥωμύλλον]
1015 837 1208 879 Petavius
1251 837 1328 878 lib.
1379 839 1429 882 13
1472 836 1524 878 de
1565 836 1681 878 doct·

200 900 329 951 temp.
360 895 414 936 ad
442 911 597 937 annum
626 898 736 940 5187
769 902 811 936 et
839 897 966 939 5188.

310 969 422 1010 Ib1d.
456 967 522 1010 19.
579 966 628 1016 ὅς
654 965 730 1022 τὴν
759 968 840 1008 τοῦ
868 962 1013 1036 ῥηγός]
1045 966 1264 1036 Euagrius
1281 967 1445 1007 citatus.
1500 966 1573 1020 τῆς
1601 965 1682 1018 μὲν

194 1026 407 1077 βασιλέως
449 1025 738 1080 ποοσηγοοιαν
782 1019 938 1064 ἑαυτου
979 1021 1175 1078 αφελιόν,
1208 1021 1320 1078 ῥῆγα
1348 1023 1395 1063 δὲ
1423 1022 1678 1076 προσειπών.

193 1083 461 1137 imperatoris
502 1096 666 1122 nomme
694 1081 938 1147 νεριιᾱιαεο,
966 1095 1100 1134 regem
1132 1095 1174 1120 se
1203 1080 1454 1136 appellavit.
1490 1077 1574 1134 ρῆξ
1606 1094 1677 1120 rex

194 1144 257 1180 est
286 1138 491 1194 dignitate
519 1138 662 1178 minor
692 1138 970 1193 imperatore,
998 1132 1205 1189 βασιλευς
1235 1138 1484 1192 imperator.

310 1211 401 1263 185,
424 1211 463 1252 5.
521 1208 549 1265 ἦ
581 1209 696 1259 κόνις
716 1211 941 1266 κατῆλθεν]
973 1210 1206 1251 chronicon
1235 1209 1560 1251 Alexandrinum
1590 1217 1687 1250 ante

194 1283 324 1310 annos
355 1269 544 1326 quinque
573 1268 816 1324 prodigium
845 1267 994 1309 mensis
1028 1267 1279 1308 Novembris
1310 1267 1357 1308 11
1395 1266 1587 1308 accidisse
1622 1273 1686 1308 te-

194 1332 342 1367 statur.

308 1397 518 1439 Ib1d.10.
592 1395 651 1453 τῷ
691 1397 728 1439 δ
759 1397 874 1456 αὐτῶ
911 1393 1016 1454 ἔτει]
1065 1397 1266 1439 convenit
1305 1396 1514 1451 Euagrius
1554 1395 1627 1436 lib.
1658 1396 1684 1436 2

196 1470 290 1510 cap.
327 1454 377 1495 17
410 1454 463 1496 de
505 1438 657 1496 Leonis
687 1439 864 1496 senioris
893 1456 1022 1508 annis,
1048 1455 1346 1510 septemdecim
1370 1453 1571 1494 nimirum
1601 1453 1686 1492 im·-

195 1526 384 1577 perasse:
417 1512 642 1567 imperium
671 1526 774 1554 vero
806 1513 1059 1569 deposuisse,
1080 1518 1122 1554 et
1136 1512 1269 1554 Leoni
1298 1511 1444 1566 nepoti
1472 1510 1687 1566 reliquisse

197 1569 287 1624 ipse
314 1568 425 1610 solus
455 1568 613 1610 asserit.

308 1654 420 1696 Ib1d.
453 1657 515 1699 13.
575 1652 834 1702 ινδικτιῶνος
864 1653 935 1707 ιβ’]
985 1655 1042 1695 ita
1074 1653 1307 1695 chronicon
1340 1651 1683 1700 Alexandrinum,

201 1709 319 1778 quod
352 1711 403 1751 de
421 1713 564 1752 Leone
597 1712 765 1752 iuniore
793 1712 946 1752 subdit.
1006 1703 1129 1758 ουτος
1149 1711 1280 1753 Λέων
1308 1705 1568 1775 ὑποβληθείς
1597 1703 1689 1747 ὑπο

195 1766 271 1819 τῆς
301 1765 415 1814 ιδίας
445 1764 605 1820 μητρὸς
636 1767 711 1821 τῆς
739 1763 1091 1833 ἐπιφανεστάτης
1101 1766 1351 1821 Ἀριάδνης,
1381 1779 1439 1812 ως
1470 1765 1688 1832 προσκυνῇ

197 1818 334 1864 αὐτὸν
371 1838 428 1871 ως
468 1823 651 1876 βασιλέα
694 1821 848 1877 Ζήνων
877 1821 1178 1877 στρατηλάτης,
1207 1822 1280 1862 καί
1309 1821 1526 1872 πατοίκιος
1551 1818 1572 1862 ὃ
1603 1820 1687 1861 av‘-

197 1877 280 1921 τοῦ
324 1876 496 1928 πάππος
542 1881 651 1936 (lege
695 1878 869 1946 πατηρ)
894 1880 1075 1934 ἐπέθηκε
1116 1881 1326 1947 στέφανον
1366 1876 1587 1930 βασιλικὸν
1617 1876 1692 1918 ἐπι

197 1932 278 1988 τήν
306 1934 471 2001 κεφαλὴ
477 1951 498 1976 ν
526 1939 603 2003 1913
636 1935 776 1977 αυτοῦ
805 1934 1026 1990 Ζήνωνος·
1086 1951 1156 1976 και
1186 1931 1461 2001 ἐβασίλευσεν
1487 1932 1638 1999 Ζήνων
1666 1929 1688 1973 ὅ

198 1989 446 2041 Κοδιοσεύς
486 1991 510 2033 ὅ
549 1987 748 2047 ’Ἰσαυρος
790 1991 899 2046 μετὰ
932 1993 1010 2034 τοῦ
1049 1991 1162 2033 ιδιόυ
1207 1988 1380 2045 ἐγκόνου
1427 1992 1536 2061 (lege
1570 1987 1688 2044 υιοῦ)

197 2042 342 2101 ὀλίγον
373 2049 543 2102 χρόνον.
603 2051 674 2091 καὶ
711 2051 769 2105 τῷ
804 2047 858 2089 ια’
892 2064 994 2103 μηνι
1025 2049 1121 2117 τῆς
1146 2048 1280 2090 αὐτοῦ
1310 2047 1516 2096 ὑπατείας
1545 2047 1690 2100 α’ρρω-

199 2105 358 2159 στήσας
384 2107 512 2147 Λέων
540 2103 564 2146 ὅ
595 2107 688 2155 νέος
715 2105 821 2160 μηνὶ
839 2105 928 2162 Δίῳ
959 2121 1016 2163 τω
1047 2121 1118 2146 και
1137 2104 1368 2162 Νοεμβρίω
1401 2101 1685 2158 ἐτελεύτησεν.

200 2164 265 2203 hic
292 2163 375 2204 Leo
403 2178 431 2203 a
459 2173 616 2203 suamet
646 2174 779 2204 matre
813 2164 1062 2204 nobilcssima
1092 2164 1281 2204 Arzadne
1308 2172 1492 2212 montem,
1533 2171 1575 2201 ut
1615 2176 1684 2201 cu-

199 2228 310 2260 raret
347 2235 391 2260 se
423 2235 452 2259 a
491 2222 659 2262 Zenone
687 2230 815 2275 patre
843 2222 1038 2275 magistro
1069 2221 1266 2271 militiae,
1296 2228 1335 2259 et
1350 2219 1569 2285 patricio,
1608 2233 1688 2273 pro

201 2279 448 2344 imperatore
479 2278 586 2328 coli,
619 2278 811 2332 zmposnic
851 2277 1049 2318 diadema
1076 2279 1232 2332 regium
1262 2278 1388 2333 capzti
1417 2275 1622 2316 Zenonis:
1651 2283 1690 2314 et

201 2335 420 2390 imperavit
449 2335 565 2375 Zeno
596 2333 814 2374 Codisaeus
841 2335 1012 2375 Isauras
1043 2349 1134 2375 cnm
1146 2335 1250 2387 filio
1279 2348 1351 2373 suo
1377 2333 1509 2372 Leone
1537 2332 1687 2385 exiguo

201 2399 402 2447 tempore.
474 2391 558 2431 Leo
589 2391 743 2447 quippe
774 2392 985 2431 undecimo
1013 2393 1247 2432 consulatus
1286 2405 1346 2430 suz-
1374 2404 1532 2439 mense,
1560 2402 1690 2428 mense

202 2447 291 2489 Dio
320 2463 387 2487 seu
416 2447 655 2498 Novembri,
684 2448 825 2488 morbo
853 2450 1053 2489 extinctus
1082 2457 1154 2488 est.

315 2521 423 2564 Ibid.
456 2519 519 2562 17.
578 2516 652 2574 ἔτη
683 2518 734 2571 ιζ’
765 2535 837 2561 και
869 2535 1005 2575 μηνας
1033 2517 1098 2574 β’]
1143 2519 1328 2561 Malchus
1358 2517 1544 2572 sophista
1574 2516 1687 2572 apud

202 2576 404 2618 Photium
435 2578 584 2619 codice
615 2576 686 2619 73.
761 2593 901 2619 mense
941 2593 1044 2619 vero
1076 2577 1326 2626 Februario,
1358 2575 1589 2615 indictione
1624 2574 1687 2623 12,

205 2641 428 2698 promotus
467 2636 581 2676 Zeno
623 2635 792 2676 alterius
840 2635 1079 2676 indictionis
1122 2650 1232 2675 anno
1269 2630 1320 2674 14
1366 2646 1505 2672 mense
1553 2630 1688 2695 Aprili

205 2691 377 2731 interiit.
419 2691 568 2733 chron.
605 2692 828 2733 Alexandr.
870 2692 922 2732 de
959 2692 1150 2734 barbaris
1192 2693 1430 2732 Romanum
1459 2688 1686 2742 imperium

207 2746 516 2789 incursantibus
537 2778 550 2802 ,
578 2755 621 2791 et
648 2749 827 2793 Zenonis
866 2749 978 2792 vitiis
1004 2749 1210 2839 Euagrius
1247 2748 1318 2790 lib.
1345 2746 1373 2787 3
1402 2760 1495 2802 cap.
1525 2745 1544 2785 1
1578 2751 1619 2785 ct
1649 2744 1688 2785 2.

207 2803 352 2847 suidas
379 2819 418 2846 v.
449 2803 613 2862 Ζήνων.
