1768 3268
559 208 631 250 Ex
668 206 1015 251 THEOPHANE.
1428 204 1523 251 133

170 319 320 363 Mundi
346 335 458 362 anno
483 318 610 374 6094,
641 322 806 364 divinae
832 320 1131 363 incarnationis
1159 337 1270 363 anno
1286 321 1382 373 594,
1412 336 1523 364 auno

61 389 165 419 vero
193 377 360 433 imperii
379 379 443 418 sui
467 378 519 420 20
540 379 766 420 Mauricius
795 379 837 419 in
880 394 924 421 se
959 392 1160 429 reversus,
1191 384 1234 419 et
1251 379 1381 420 sciens
1410 377 1525 434 quod
1538 377 1661 427 p.439

62 433 167 475 nihil
182 434 307 476 deum
319 433 448 475 lateat
463 434 536 476 sed
549 435 701 477 reddat
720 435 912 477 omnibus
928 433 1157 476 secundum
1175 448 1304 489 opera
1325 436 1527 489 ipsorum,

62 495 106 531 et
131 491 364 545 recogitans
392 506 599 533 excessum
627 506 754 547 quem
782 492 825 532 in
854 492 1179 546 captivationem
1194 496 1529 545 perpetraverat,

62 559 147 587 non
174 547 383 588 redimens
416 562 520 603 eam,
546 549 743 604 expedire
762 548 963 589 iudicavit
992 548 1034 588 in
1060 547 1140 588 hac
1169 548 1256 588 vita
1284 562 1464 602 poenam
1489 562 1532 588 se

61 603 252 657 recipere
281 617 365 658 pro
394 610 595 658 peccato,
626 610 669 646 et
701 619 786 645 non
816 605 858 644 in
888 606 1059 657 futura,
1087 609 1131 645 et
1161 604 1290 644 factas
1317 618 1461 657 preces
1490 604 1532 643 in

59 659 226 714 scriptis
257 661 503 702 transmittit
531 661 585 702 ad
608 675 749 702 omnes
768 661 1069 716 patriarchales
1096 659 1210 702 sedes
1241 667 1283 700 et
1310 660 1363 700 ad
1392 674 1533 701 omnes

61 715 251 758 civitates
279 717 358 758 sibi
385 717 604 770 subiectas,
634 724 678 759 et
713 718 766 759 ad
798 718 1052 758 monasteria
1083 731 1190 773 quae
1217 722 1314 757 sunt
1344 717 1386 756 in
1411 716 1534 757 here-

61 785 134 812 mo
164 777 209 814 et
234 773 558 830 Hierosolymis,
596 780 639 815 et
669 773 720 815 ad
753 775 889 816 lauras
931 774 1127 829 pecunias
1156 780 1200 814 et
1229 787 1371 813 cereos
1401 779 1443 813 et
1467 773 1534 812 in-

62 841 197 879 censa,
226 835 275 871 ut
303 836 478 870 orarent
494 845 576 885 pro
602 845 659 884 se,
688 845 774 886 quo
803 830 875 872 hic
899 830 1109 886 reciperet
1139 836 1182 871 et
1200 844 1284 870 non
1316 830 1358 869 in
1387 830 1533 869 futuro

61 884 241 927 saeculo.
297 885 658 928 scandalizabatur
705 893 844 928 autem
877 893 920 928 et
947 887 991 927 in
1018 887 1303 942 Philippicum
1332 900 1533 940 generum

61 955 212 993 suum,
255 941 372 998 qnod
414 943 457 983 in
483 958 516 998 φ
559 943 1036 985 Ιίῐῑοτειῖιοωίυειτεῑιιτ.
1109 958 1246 998 porro
1278 942 1534 996 Philippicas

63 997 226 1039 diverse
259 999 427 1040 iurabat
455 999 706 1054 imperatori
729 1000 846 1056 quod
876 1014 1008 1055 purus
1043 1005 1146 1040 esset
1174 1000 1216 1039 in
1245 999 1419 1040 servitio
1449 998 1535 1038 eius

61 1058 106 1095 et
130 1053 242 1109 apud
271 1069 315 1096 se
343 1055 488 1096 dolum
519 1057 678 1098 nullum
710 1056 899 1098 haberet.
977 1071 1156 1112 cumque
1181 1056 1408 1097 Mauricius
1437 1069 1535 1109 sup-

59 1110 241 1165 plicaret
269 1111 349 1152 deo
378 1113 708 1154 misericordiam
739 1113 978 1168 praestandi
1010 1113 1170 1153 animae
1201 1127 1326 1162 suae,
1354 1111 1534 1167 quadam

61 1171 205 1208 nocte'
226 1167 437 1208 dormiens
480 1170 589 1211 vidit
634 1170 678 1210 in
707 1170 797 1211 visu
838 1169 949 1225 apud
991 1183 1160 1210 aeneam
1191 1168 1335 1223 palatii
1364 1174 1534 1223 portam

60 1223 229 1278 imagini
253 1223 470 1266 salvatoris
503 1240 545 1267 se
577 1233 741 1278 astare,
780 1232 824 1267 et
863 1226 1078 1280 copiosum
1122 1226 1328 1280 populum
1373 1224 1671 1279 pariterp.440

62 1280 329 1321 assistentem.
386 1287 492 1322 tunc
527 1283 635 1323 facta
669 1289 728 1323 est
770 1297 849 1324 vox
878 1297 926 1323 ex
955 1282 1200 1323 charactere
1228 1281 1366 1336 magni
1397 1280 1463 1321 dei
1494 1287 1536 1321 et

60 1336 277 1376 salvatoris
306 1338 440 1378 nostri
470 1340 560 1379 Iesu
592 1338 770 1391 Christi,
801 1339 940 1379 dicens
982 1338 1108 1379 “date
1151 1338 1452 1386 Mauricium;’'
1494 1342 1537 1378 et

58 1398 248 1434 tenentes
292 1407 387 1434 eum
430 1394 684 1436 iudiciorum
722 1395 904 1436 ministri
955 1394 1233 1436 exhibuerunt
1280 1393 1391 1449 apud
1430 1407 1537 1448 pur..

59 1462 243 1504 pureum
270 1449 546 1503 umbilicum,
583 1452 654 1508 qui
704 1458 796 1493 erat
825 1452 921 1492 illic.
994 1457 1038 1492 et
1068 1452 1125 1492 ait
1157 1450 1211 1491 ad
1239 1465 1333 1491 eum
1359 1449 1538 1505 propria

59 1519 168 1547 voce
196 1506 296 1547 “ubi
325 1506 385 1547 vis
414 1506 587 1548 reddam
615 1508 718 1559 tibi,
762 1508 830 1549 hic
859 1523 910 1548 an
943 1507 986 1547 in
1018 1508 1164 1548 futuro
1194 1507 1419 1547 sacculo?’'
1450 1519 1535 1561 quo

60 1560 132 1603 ille
154 1561 298 1603 audito
328 1565 547 1618 respondit
567 1568 760 1604 “amator
782 1564 999 1622 hominum
1021 1563 1190 1605 domine
1209 1570 1251 1604 et
1266 1564 1371 1603 iuste
1401 1562 1538 1613 iudex,

61 1617 134 1658 hic
160 1619 315 1673 potius,
347 1627 389 1660 et
418 1634 502 1660 non
534 1621 576 1661 in
595 1621 759 1662 saeculo
784 1620 899 1661 illo.'’
933 1627 976 1662 et
1005 1619 1120 1660 iussit
1147 1619 1288 1661 divina
1315 1634 1395 1660 vox
1424 1619 1536 1659 tradi

60 1675 315 1716 Mauricium
345 1683 388 1717 et
416 1678 732 1718 Constantinam
761 1692 936 1718 uxorem
967 1677 1055 1718 eius
1093 1682 1135 1717 et
1163 1676 1270 1716 filios
1300 1682 1343 1716 et
1369 1689 1537 1715 omnem

60 1731 353 1786 cognationem
383 1733 509 1788 ipsius
534 1734 701 1775 Phocae
727 1734 864 1775 militi.
922 1733 1235 1788 expergefactus
1256 1746 1357 1785 ergo
1378 1732 1537 1772 Mauri-

60 1787 162 1838 cius,
193 1794 236 1829 et
259 1803 409 1830 vocans
437 1805 533 1831 eum
562 1791 634 1845 qui
676 1805 820 1832 coram
848 1804 891 1830 se
929 1789 1180 1838 dormiebat,
1211 1789 1322 1829 misit
1349 1788 1401 1828 ad
1433 1787 1535 1828 Phi-

59 1842 262 1899 lippicum
306 1860 506 1901 generum
551 1861 689 1898 suum,
721 1853 770 1887 ut
796 1846 993 1888 celeriter
1020 1862 1114 1887 eum
1144 1845 1371 1886 adduceret
1399 1844 1451 1885 ad
1481 1859 1535 1885 se.

60 1914 243 1956 cumque
264 1901 334 1943 ille
353 1903 532 1956 abiisset,
552 1905 719 1945 vocavit
737 1918 831 1945 eum
850 1920 861 1952 3
890 1903 964 1959 qui
981 1917 1151 1958 surgens
1170 1903 1375 1943 advocata
1403 1915 1535 1941 uxore

58 1971 132 1997 sua
161 1957 366 1999 osculatus
393 1967 453 2001 est
494 1975 607 2010 eam,
652 1960 789 2002 dicens
819 1959 977 2002 “salve:
1018 1960 1100 2000 iam
1130 1974 1215 1999 non
1242 1974 1309 1999 me
1337 1958 1535 1998 videbis.”

60 2027 169 2069 quae
199 2015 442 2057 exclamavit
474 2031 570 2057 cum
600 2017 703 2057 fletu
733 2031 837 2058 voce
857 2031 1006 2072 magna
1028 2015 1082 2057 ad
1096 2029 1533 2070 paracoemumenum,

59 2070 199 2110 dicens
228 2070 406 2112 “adiuro
436 2079 478 2114 te
506 2088 585 2127 per
613 2072 749 2125 deum,
787 2087 894 2129 quae
923 2079 984 2114 est
1011 2087 1132 2114 causa
1164 2073 1218 2113 ob
1250 2087 1373 2127 quam
1407 2084 1533 2126 quae-

58 2126 118 2167 rit
149 2141 244 2167 eum
271 2126 351 2168 hac
379 2129 535 2170 hora?'’
578 2136 620 2170 at
658 2130 726 2171 ille
757 2129 912 2171 iuravit
949 2144 992 2172 se
1020 2130 1232 2184 ignorare,
1260 2135 1302 2169 et
1334 2127 1432 2181 quia
1462 2141 1533 2166 re-

56 2189 184 2238 pente
211 2183 264 2225 de
290 2198 438 2227 somno
480 2187 715 2241 imperator
756 2201 972 2242 exsurgens
1000 2187 1113 2226 misit
1141 2200 1219 2227 me.
1275 2183 1532 2238 Philippicas

59 2253 161 2294 ergo
194 2241 399 2296 quaesivit
426 2257 579 2297 corpus
611 2242 764 2283 Christi
790 2243 1025 2298 percipere,
1057 2250 1099 2284 et
1129 2242 1188 2283 sic
1216 2242 1268 2283 ad
1299 2242 1529 2294 imperam-
1544 2258 1577 2292 p.
1589 2243 1658 2280 441

57 2310 150 2337 rem
181 2311 371 2353 pergere.
439 2313 547 2340 uxor
582 2306 721 2340 autem
754 2300 839 2341 eius
869 2300 1031 2340 Gordia
1076 2299 1239 2340 iacebat
1273 2298 1313 2338 in
1345 2303 1461 2337 terra
1489 2309 1531 2335 se

57 2353 249 2394 volutans
292 2362 333 2395 et
367 2354 538 2409 plorans
570 2362 612 2396 et
652 2356 775 2397 deum
821 2371 1011 2397 exorans.
1066 2357 1268 2411 ingressus
1297 2367 1398 2394 vero
1425 2351 1530 2392 Phi-

57 2409 236 2463 lippiens
265 2410 503 2451 cubiculum
533 2413 693 2467 regium
721 2413 905 2468 proiecit
931 2427 976 2454 se
1012 2410 1064 2452 ad
1092 2413 1218 2468 pedes
1251 2407 1529 2463 imperatoris.

59 2465 296 2520 imperator
322 2475 461 2508 autem
495 2468 598 2508 dicit
626 2469 663 2509 ei
693 2470 887 2524 “ignosce
905 2469 1009 2509 mihi
1036 2475 1219 2523 propter
1249 2467 1386 2515 deum,
1417 2479 1529 2517 quo.

57 2521 170 2562 niam
198 2523 370 2578 peccavi
402 2524 504 2564 tibi:
539 2540 636 2564 nam
667 2540 798 2581 usque
828 2541 940 2566 nune
963 2524 1272 2565 scandalizabar
1300 2521 1343 2561 in
1375 2523 1456 2562 te.⁷'
1487 2527 1530 2560 et

57 2578 203 2619 iubens
251 2581 366 2621 exire
395 2595 820 2635 paracoemumenum
849 2582 1031 2623 surrexit
1073 2587 1116 2621 et
1144 2579 1296 2620 cecidit
1325 2575 1377 2617 ad
1403 2575 1528 2630 pedes

55 2633 298 2691 Philippici,
326 2636 463 2678 dicens
496 2638 691 2692 “ignosce
714 2638 847 2692 mihi,
885 2639 984 2695 quia
1013 2638 1144 2678 modo
1173 2634 1398 2676 certissime
1427 2632 1530 2673 novi

59 2692 175 2745 quod
208 2693 310 2733 nihil
339 2695 577 2748 peccaveris
609 2694 761 2736 inme.
818 2695 890 2738 sed
920 2695 988 2736 dic
1015 2693 1129 2740 mihi,
1161 2706 1285 2746 quem
1310 2690 1386 2730 seis
1417 2689 1528 2729 inter

57 2748 220 2800 agmina
250 2757 392 2791 nostra
425 2751 612 2792 Phocam
632 2751 850 2793 militem.'’
906 2758 951 2792 at
983 2764 1086 2791 vero
1114 2746 1371 2802 Philippicas
1401 2759 1526 2786 reco-

55 2804 187 2857 gitans
230 2806 334 2848 dicit
362 2808 399 2848 ei
440 2811 599 2850 “unum
634 2822 847 2864 agnosco,
888 2808 964 2864 qui
993 2813 1090 2848 aute
1117 2804 1335 2847 modicum
1362 2808 1527 2857 tempus
