1794 3250
242 191 340 235 310
727 197 783 236 ΙΝ
819 195 1190 237 ΤΗΕΟΡΗΑΝΕΜ

242 322 423 359 νωμειος
467 308 607 349 αἰτίαν
648 308 844 360 διστάξαι
883 324 944 363 μη
987 309 1091 362 ουχι
1128 306 1202 350 τὸν
1232 308 1330 349 καθ
1377 305 1496 361 ἦιιῶν
1529 308 1712 362 διωγμὸν

240 360 571 420 ἀποφήνασθαι
556 395 569 417 ,

351 448 533 500 16,15.
592 449 770 505 γαμβρῷ
802 448 938 490 αὐτου
966 442 1072 502 οντι]
1102 443 1536 514 Vatic.1probatior
1565 456 1607 491 et
1639 465 1709 490 ve-

238 505 354 545 ritati
383 481 564 547 vicinior
584 506 709 548 lectio
732 502 924 560 γαμβρόν
950 506 1086 547 αὐτου
1112 521 1226 547 οντα.
1258 506 1523 548 Constantini
1552 506 1713 562 quippe

236 564 361 603 Levir
394 563 592 604 Licinius.

347 636 457 678 Ibid.
491 635 554 677 18.
627 633 797 689 Πετρος
830 630 853 674 ὅ
882 634 1214 689 Ἀλεξανδρείας]
1256 635 1353 676 istos
1396 650 1538 676 omnes
1567 633 1712 702 ἐκκλη-

234 688 483 740 σιαστικοὺς
512 686 726 746 ἄρχοντας
755 691 871 748 quasi
900 692 952 732 ad
979 692 1231 732 Diocletiani
1263 699 1458 747 t‹mpora
1485 706 1713 746 μαρτυρη-

234 763 392 796 σαντας
427 750 558 790 refert
589 750 789 789 Eusebius
835 750 934 791 eccl.
964 749 1058 790 hist.
1107 749 1178 788 lib.
1216 748 1243 789 8
1273 764 1364 803 cup.
1395 749 1465 790 25.
1535 749 1713 789 Petrum

235 810 371 845 tamen
403 806 728 846 Alexandrinum
755 819 918 845 memor
945 806 1007 845 sui
1037 804 1089 845 ad
1119 820 1272 845 anuum
1291 805 1555 847 Constantini
1585 803 1612 846 6
1642 821 1711 847 re-

235 862 365 901 mittit
393 862 434 902 in
483 862 712 902 chronico:
753 869 929 902 cunctos
969 861 1135 903 eosdem
1164 862 1392 903 Maximino
1436 869 1712 918 persecutore

235 932 373 972 passos
401 925 547 959 narrat
574 920 644 961 lib.
678 918 703 959 9
732 933 824 973 cap.
855 917 895 959 ὃ.

350 1001 456 1053 17,0
433 1033 469 1043 ,..
515 1017 629 1050 οστις
657 999 730 1043 τὸν
745 995 918 1055 Ἀρειον
946 997 1138 1043 διάκονον
1167 994 1286 1067 οντα]
1316 1003 1571 1043 Sozomenus
1591 1002 1665 1043 lib.
1690 1003 1710 1043 1.

235 1074 327 1114 cap.
365 1056 427 1099 14.
474 1052 648 1111 ’Ἄρειος
679 1059 910 1106 σπουδαῖος
941 1059 1050 1100 εἰναι
1081 1058 1181 1111 περί
1211 1056 1258 1098 τὸ
1287 1055 1425 1110 δόγμα
1457 1054 1583 1108 δόξας
1609 1073 1711 1100 νεω-

234 1115 435 1168 τερι’ζοντι
458 1115 657 1172 Μελετίω
678 1115 965 1165 συνέπραττε·
1024 1113 1267 1155 καταλιπών
1292 1114 1338 1154 δὲ
1366 1115 1517 1155 τοῦτον
1544 1115 1712 1167 ἐχειρο-

232 1170 390 1239 τονὴθη
422 1171 613 1218 διάκονος
654 1167 768 1223 παρὰ
802 1173 977 1224 Πέτρου
1021 1172 1097 1211 ’τοῦ
1125 1169 1437 1221 Ἀλεξαιὸρὲων
1467 1168 1713 1223 ἐπισκόπου,

232 1243 302 1267 και
351 1228 476 1268 πάλιν
524 1243 578 1267 av
620 1227 719 1280 παρ’
757 1227 894 1267 αὐτοῦ
934 1226 1010 1279 τῆς
1051 1227 1274 1292 ἐκκλησίας
1320 1223 1527 1291 ἐξεβλήθη
1557 1226 1712 1268 καθότι

232 1285 407 1335 Πέτρου
453 1281 552 1331 τούς
582 1282 799 1324 ΖΙἸελετιόυ
845 1279 1115 1331 σπουδαστάς
1150 1280 1516 1338 α’ποκηρύξαντος,
1561 1283 1635 1324 καί
1665 1281 1711 1324 τὸ

234 1338 377 1379 αὐτων
405 1338 629 1392 βάπτισμα
668 1338 730 1392 μὴ
760 1341 1065 1392 προσιεμένου,
1097 1343 1183 1386 τοῖς
1207 1340 1440 1392 γιτομένοις
1468 1340 1714 1393 ἐπέσκηπτε,

234 1411 302 1435 και
335 1395 507 1449 ἠρεμεῖν
536 1394 612 1435 οὔκ
641 1394 844 1450 ἠνείχετο.
903 1398 1034 1437 Arzus
1065 1397 1238 1438 Melecio
1270 1412 1332 1436 res
1369 1410 1500 1436 novas
1533 1398 1717 1437 molienti

235 1453 473 1492 adiumento
486 1454 596 1508 ficit,
625 1456 732 1493 caius
758 1463 903 1508 partes
931 1468 1022 1493 cum
1048 1454 1296 1501 deser-uisset,
1327 1468 1354 1493 a
1370 1453 1496 1493 Petro
1524 1454 1713 1509 episcopo

234 1510 530 1549 Alexandrino
573 1511 766 1550 diaconus
811 1510 1023 1550 ordinatus
1049 1519 1132 1550 est:
1161 1517 1200 1549 et
1230 1525 1361 1550 rursus
1391 1509 1446 1549 ab
1474 1510 1615 1550 eodem
1645 1524 1715 1550 ec-

236 1567 357 1604 alesia
387 1567 544 1617 eiectus,
572 1566 687 1623 quod
713 1581 805 1606 cum
837 1567 980 1607 Petrus
992 1569 1191 1619 fautores
1229 1567 1450 1606 abdce-asset
1477 1567 1649 1617 Melem,
1678 1577 1717 1606 et

236 1622 317 1660 eius
347 1623 542 1677 baptisma
581 1624 874 1677 improbasset,
908 1624 972 1663 Ιιιε
998 1639 1041 1663 ιη
1085 1639 1147 1663 res
1175 1638 1203 1662 a
1232 1622 1357 1663 Petro
1382 1633 1514 1678 gestas
1531 1625 1716 1676 gravzter

235 1687 419 1717 mvectus
446 1689 514 1729 est,
545 1688 582 1718 ec
608 1693 812 1735 quzescere
840 1680 953 1719 nullo
982 1680 1101 1720 modo
1129 1681 1273 1736 potnit.

347 1751 456 1790 Ibid.
491 1751 529 1792 7,
591 1749 783 1807 Πηδεύς]
816 1753 871 1792 itu
903 1759 1055 1793 sonant
1083 1768 1162 1793 mss
1203 1759 1366 1794 cuncta.
1398 1748 1577 1806 Πηλεὺς
1605 1754 1714 1793 scri-

238 1808 353 1851 bitur
382 1809 432 1846 ab
467 1808 663 1848 Eusebio.

353 1881 454 1923 [bid.
491 1881 555 1921 13.
613 1873 733 1929 οὗτος
774 1876 795 1920 ὅ
826 1882 1061 1933 Γαλλέριος
1094 1879 1388 1934 ΖΙίΙαξιμιανός]
1418 1883 1715 1924 Maximianum

238 1938 381 1990 legunt
410 1938 550 1977 cuncti
593 1938 785 1989 codices,
828 1939 901 1993 qui
945 1940 1188 1979 Maximinus
1226 1941 1311 1980 eius
1346 1941 1452 1980 lilius
1493 1940 1714 1994 adoptivus

234 2008 362 2047 supra
392 1995 640 2047 recensitus,
681 2002 941 2036 memoratae
980 1997 1283 2050 persecutionis
1322 2003 1497 2048 auctor,
1535 1996 1587 2036 de
1628 2013 1715 2052 quo

235 2055 384 2104 aperte
412 2050 614 2091 Eusebius
644 2052 786 2095 eccles.
819 2051 1072 2093 l1ist.lib.8
1102 2068 1191 2106 cap.
1222 2053 1287 2105 27,
1318 2069 1364 2094 ex
1389 2069 1475 2109 quo
1504 2053 1610 2094 haec
1638 2068 1716 2094 no-

233 2112 320 2147 ster
352 2106 628 2162 Theophanes
658 2109 872 2162 excerpsit.

358 2179 473 2278 ngid.
520 2180 583 2222 18
663 2177 794 2237 τούτῳ
844 2174 921 2220 ουν
970 2181 1070 2222 θεία
1116 2181 1238 2237 δίκη]
1297 2198 1342 2222 ex
1387 2183 1556 2224 Eusebii
1595 2184 1715 2224 citati

235 2251 325 2290 cap.
413 2266 424 2278 .

351 2319 415 2372 18,
434 2318 473 2360 6.
533 2320 838 2373 προστάὶματα
874 2316 979 2360 κατὰ
1011 2318 1167 2370 παιτός
1195 2318 1346 2374 τόπου]
1377 2323 1610 2364 correctius
1642 2339 1713 2365 re-

234 2391 440 2431 ponerem
470 2392 575 2417 κατα
603 2374 743 2418 πάντα
773 2375 919 2418 τόπον.
950 2377 1131 2418 edictum
1166 2394 1299 2434 porro
1322 2380 1494 2435 exponit
1509 2380 1714 2422 Eusebius

234 2433 305 2474 lib.
339 2433 366 2474 8
397 2449 489 2489 cap.
519 2432 588 2474 29.

350 2519 451 2559 [bid.
475 2517 540 2559 10.
599 2517 776 2572 μηδέπω
795 2517 842 2558 δὲ
871 2519 948 2557 τοῦ
974 2515 1232 2575 τραυματος]
1257 2522 1358 2562 haec
1388 2521 1500 2575 apud
1531 2522 1710 2563 eundem

230 2572 357 2615 fusius
387 2576 457 2615 lib.
489 2575 515 2616 9
544 2589 634 2630 cap.
670 2576 690 2615 1
723 2575 747 2615 2
778 2580 820 2615 et
848 2573 875 2614 3
904 2582 947 2615 et
974 2590 1089 2631 seqq.

235 2714 260 2755 d
344 2660 553 2754 ,Illgid.19.
614 2653 870 2707 ιῖλλέὕθυς
892 2659 1022 2699 πάλιν
1054 2675 1076 2699 ο
1108 2656 1305 2718 πόλεμος]
1330 2677 1438 2719 quae
1466 2677 1557 2723 cap:
1591 2661 1616 2703 7
1644 2662 1713 2702 vi..

264 2729 335 2759 ere
380 2723 472 2756 ieet.

345 2788 451 2830 Ibid.
488 2789 551 2831 18.
610 2788 822 2844 Ἀχιλλᾶς]
856 2789 1107 2832 Archelaum
1145 2797 1268 2832 vocat
1297 2790 1506 2832 Abraham
1531 2790 1708 2834 Ecchel-
