1728 3184
662 209 666 212 ·
689 193 890 237 NOTAE.
1427 188 1527 240 453

166 302 371 362 357,14.
444 302 551 361 μηνὶ
580 303 819 365 Ὁκτωβρίῳ
858 304 998 373 ἡμέρα
1035 304 1166 367 ἕκτῃ]
1211 316 1373 352 motum
1415 310 1532 354 illum

55 365 195 422 ample
223 341 424 406 describit
443 363 636 419 Agathias
667 363 737 404 lib.
770 347 807 405 5
824 364 903 405 sub
934 349 1115 409 initium.

168 437 285 480 Ibid.
312 437 380 477 21.
436 434 653 491 κιβούρια]
679 434 862 489 κιβώρια
891 451 1065 478 nonnun
1100 453 1196 478 uam
1229 438 1427 494 reperies,
1457 454 1535 481 ve-

55 497 121 537 lut
150 508 247 549 pag.
276 493 540 544 succedente,
573 507 681 548 qnae
711 499 1001 543 monumenta,
1029 452 1097 535 vl}
1124 495 1294 549 templa,
1325 511 1371 537 ex
1402 501 1537 538 trans-

54 551 192 592 latitio
223 563 316 601 usu,
346 550 552 590 Meursius
579 549 691 590 haud
730 550 825 589 satis
872 555 970 604 apte
1014 550 1333 605 interpretatur.
1404 550 1535 606 κιβαὶ.

54 621 159 662 ριον,
190 611 366 647 ornatus
388 611 449 647 est
479 605 635 658 altaris,
665 607 812 647 trullus
844 607 1041 646 nimirum
1072 606 1204 648 eidem
1236 607 1465 663 impositus,
1492 615 1536 651 et

58 662 264 704 columnis
293 668 500 729 quattuor
532 661 586 703 ad
615 663 701 703 eius
724 664 896 718 angulos
918 663 1067 704 erectis
1098 664 1140 703 in
1172 665 1302 704 altum
1329 666 1534 707 suffultus.

53 735 103 762 ex
132 734 239 784 quo
249 715 544 785 θυσιαστήρια
567 725 610 760 et
635 696 817 771 κιβώρια
846 720 1060 760 consociat
1086 720 1383 786 Theophanes.
1419 723 1531 763 Ger-

52 791 199 817 manus
227 775 269 814 in
295 782 473 844 mystag.
503 771 544 815 οἶ
572 789 688 827 ayant
729 776 905 843 πατέρες
933 790 992 822 ως
1021 773 1203 828 οὐρανὸν
1229 791 1310 827 μεν
1340 773 1386 817 16
1421 773 1530 818 ἑπά-

50 834 191 874 νωθεν
218 832 297 900 τῆς
335 829 461 884 ἁγίας
497 831 706 901 τραπέζης
734 828 911 897 ὄρόφιον
954 830 1284 882 ἄπαρτιζανσιν·
1341 847 1400 880 ως
1430 829 1531 888 ὅλην

52 889 100 930 δὲ
126 888 205 942 γῆν
230 884 447 940 ὅρι’ζονται
475 885 524 927 τὸ
554 884 638 928 ὑπὸ
656 886 876 939 τεσσάρων
903 888 1083 940 uton'mv,
1111 889 1190 928 τοῦ
1206 890 1432 943 εἰρημένου
1463 905 1529 932 κι-

48 946 226 1012 βωρίου,
255 941 589 997 συγκλειόμενον.
626 944 853 998 firmic-em,
892 946 967 1001 qui
997 960 1123 1001 supra
1150 960 1337 987 mensam
1364 961 1530 988 sacram

49 1002 212 1054 eminet,
243 1001 356 1040 velut
391 1001 569 1051 coelum,
611 1003 746 1040 sancti
780 1010 920 1057 patres
952 1011 1209 1042 construunt.
1253 1011 1403 1043 terram
1432 1018 1530 1044 vero

53 1067 187 1099 mente
208 1056 426 1114 definiunt,
454 1032 569 1110 quod,
590 1067 782 1114 quattuor
806 1058 1003 1098 columnis
1028 1059 1115 1097 eius
1139 1059 1366 1100 conclusum
1386 1069 1459 1110 est,
1491 1070 1531 1101 et

50 1114 250 1154 cibor-ium
282 1114 532 1181 appellatur.
591 1113 817 1154 Codinus‘
806 1129 846 1153 m
877 1114 1160 1168 descriptione
1187 1115 1330 1183 templi
1361 1122 1529 1157 sanctae

50 1170 250 1236 Sophiae.
281 1168 451 1235 ἐποίησε
470 1166 517 1210 τὸ
537 1166 751 1237 αιβώριον,
776 1184 846 1210 και
866 1169 969 1218 τούς
996 1185 1084 1210 κιο)
1086 1185 1137 1218 ας
1157 1170 1202 1220 ἐξ
1219 1168 1426 1235 ἄργυρον,
1455 1173 1532 1214 καί

48 1223 283 1292 χρυσῶσας
310 1220 446 1265 adui-
476 1227 551 1266 καί
581 1223 630 1266 τὸ
651 1225 811 1278 μῆλον,
843 1241 913 1265 και
944 1223 997 1266 τὰ
1027 1227 1163 1280 κρίνα,
1193 1226 1270 1267 καί
1294 1224 1367 1268 τὸν
1395 1243 1529 1268 orav-

50 1281 128 1336 ρὸν
157 1282 235 1323 ποῦ’
272 1278 479 1334 κιβωριόυ
506 1280 740 1334 ὁλόχρυσα.
797 1283 1009 1334 ciborium,
1046 1293 1086 1323 et
1108 1286 1147 1323 ei
1175 1284 1376 1324 subiectas
1417 1286 1529 1325 colu.

51 1347 423 1392 mnasonem-gente
448 1339 662 1395 conflavit,
682 1347 722 1378 et
736 1354 840 1380 auro
866 1341 1111 1380 decoravit.-
1134 1354 1300 1395 pomum
1317 1342 1462 1392 ctiam,
1490 1350 1532 1381 et

48 1396 161 1445 lilia,
189 1404 232 1436 et
253 1409 410 1435 cmoem
438 1396 588 1435 ciborzi
615 1410 673 1436 ea:
699 1409 804 1438 auro
831 1410 938 1452 puro
976 1396 1162 1453 confecit.
1227 1395 1351 1452 plura
1381 1397 1434 1438 de
1462 1398 1529 1438 ci-

46 1451 174 1493 borio
206 1452 248 1492 in
279 1451 576 1530 eucholpgicis.

174 1517 344 1571 358,1.
412 1514 496 1558 a'u6
536 1518 615 1572 τῆς
655 1520 837 1574 Χρυσῆς
874 1516 1047 1574 πόρπης]
1090 1520 1144 1561 de
1186 1519 1247 1560 his
1295 1520 1375 1562 CP.
1419 1521 1521 1563 locis

48 1574 206 1631 Gyllius
241 1577 282 1616 in
311 1581 459 1630 topog.
488 1576 569 1615 CP.
600 1583 642 1617 et
672 1577 853 1631 origines
886 1578 998 1632 ipsae
1030 1578 1116 1618 CP.

158 1649 269 1690 Ibid.
299 1648 339 1689 7.
394 1647 738 1701 Ἰουκαρδιανῶν]
766 1647 1115 1703 Ἰουκουρὸιαναῖν
1144 1649 1301 1690 habent
1328 1650 1453 1691 Barb.
1484 1657 1527 1692 et

45 1704 219 1760 Peyrez.
263 1705 389 1746 codd.
420 1708 766 1759 καταχρηστικῶς
795 1707 936 1747 forsan
961 1704 1316 1748 Ἰουκουνδιανῶν
1342 1708 1447 1759 vice,
1475 1707 1527 1748 de

48 1761 201 1816 quibus
228 1762 467 1828 Procopius
494 1769 607 1831 prat.
629 1763 647 1802 l
681 1762 732 1803 de
763 1763 883 1804 aedis.
914 1764 1056 1803 lustin.
1082 1763 1281 1815 βασίλεια
1310 1762 1527 1816 ἀλλαχόθι

46 1814 410 1872 δεδημιούργηκεν
450 1815 585 1866 αυτὸς
623 1834 948 1873 καινουργησας,
990 1815 1036 1859 ἔν
1074 1832 1119 1859 τε
1162 1818 1218 1874 τῷ
1258 1817 1424 1876 “Ηραι’ῳ
1454 1818 1530 1860 καί

41 1871 380 1923 Ἰουκονδιόναις
414 1880 510 1922 ταῖς
543 1877 837 1928 καλουμέναις.
901 1875 1066 1930 palatia
1105 1877 1330 1917 construxit
1352 1878 1440 1933 Ipse
1467 1877 1528 1919 zbi

45 1945 73 1970 a
83 1930 377 1984 fimdanzentis
406 1933 449 1972 in
481 1932 653 1972 Heraeo
680 1941 720 1973 et
752 1933 1016 1973 Iucundianis
1044 1934 1107 1973 ita
1134 1934 1311 1973 vocatis.

157 2002 254 2055 359,
285 2003 326 2044 4.
395 2004 594 2057 εισῆλθεν
620 2001 745 2052 ἔθνος
784 2005 832 2045 ἐν
873 2005 932 2060 wi
970 2005 1215 2061 Βυζαντίῳ]
1246 2007 1402 2047 Avares
1429 2013 1525 2047 sunt

45 2059 247 2125 Scythae,
280 2061 366 2101 sive
397 2061 540 2100 Hunni
568 2062 739 2102 Asiatici
766 2045 960 2103 Boreales
986 2076 1114 2116 supra
1141 2063 1297 2113 Iberos,
1332 2063 1525 2114 Colchos,

44 2116 133 2158 sive
148 2118 292 2168 Lazos,
325 2122 368 2158 et
382 2116 544 2167 Alanos,
571 2133 754 2172 quorum
774 2119 971 2174 patriam,
1002 2133 1153 2170 mores,
1185 2095 1448 2174 legat’ionem,
1481 2127 1524 2160 et

45 2173 132 2214 eius
165 2188 332 2214 causam
365 2174 562 2227 exprimit
577 2176 810 2216 Menander
837 2181 1064 2230 protector
1095 2176 1137 2215 in
1172 2176 1427 2230 legationum
1456 2191 1525 2216 ex-

43 2231 197 2285 cerptis
226 2230 422 2270 editionis
451 2230 605 2284 Regiae
636 2246 734 2286 pag.
766 2231 847 2282 99,
893 2247 941 2272 ex
970 2247 1056 2288 quo
1097 2231 1202 2273 haec
1231 2233 1522 2286 Theophanes.

43 2286 245 2384 l7egendus
265 2287 470 2342 Euagrius
500 2286 572 2328 lib.
601 2287 627 2328 5
659 2303 750 2343 cap.
784 2288 822 2341 1,
851 2289 1027 2330 maxime
1057 2303 1161 2330 vero
1194 2289 1423 2330 simocatta
1453 2288 1522 2329 lib.

100 2357 178 2399 cap
223 2342 264 2384 8.

157 2411 269 2452 Ibid.
301 2410 341 2452 7.
397 2409 648 2477 πρανδίοις].
668 2411 896 2453 monachus
923 2412 1194 2468 Sangallensis
1223 2413 1342 2454 1ἰ1).2
1371 2412 1423 2454 de
1444 2412 1524 2453 Ca-

43 2465 140 2508 rolo
169 2469 337 2524 Magno.
409 2483 498 2507 cum
536 2469 786 2509 temulssimas
827 2470 925 2510 illas
960 2471 1187 2527 pelliculas,
1231 2470 1299 2509 vel
1327 2470 1525 2510 tenuiores

42 2500 264 2565 brandea?
289 2526 514 2565 extrahere
556 2526 760 2594 cepissent.
829 2527 1126 2567 Constantinus
1164 2526 1432 2594 Porphyrog.
1472 2525 1526 2580 de

44 2578 198 2620 admin.
244 2581 344 2636 imp.
382 2596 472 2635 cap.
506 2579 548 2620 6.
589 2580 793 2635 βλαττιᾏα
823 2582 1035 2637 πράνδια,
1070 2582 1284 2636 χαρέρια,
1321 2579 1523 2634 σήμενῐα.

42 2635 224 2688 blatcia,
265 2652 406 2689 zonae,
435 2637 653 2686 armillae,
681 2649 874 2680 sementa.
906 2641 1062 2695 glossae
1091 2639 1253 2679 Isidori.
1278 2638 1524 2693 prandeum,

41 2706 163 2746 genus
190 2708 406 2735 zonarum.
466 2693 534 2733 hic
565 2693 708 2750 itaque
734 2696 871 2737 tenuis
901 2697 1005 2737 vitta
1035 2703 1107 2745 est,
1140 2695 1223 2735 sive
1252 2694 1420 2735 fasciola
1449 2710 1522 2736 ca-

44 2747 155 2802 pillis
185 2750 431 2792 reviciendis
461 2749 623 2791 idonea.
683 2751 726 2791 in
754 2751 867 2793 hunc
887 2767 1005 2793 usum
1026 2758 1067 2793 et
1096 2752 1217 2792 finem
1236 2747 1385 2803 σειράς
1412 2766 1525 2805 χρη..

46 2803 111 2859 σεῦ
140 2804 554 2860 διαπεποικιλμένας,
586 2808 796 2850 catenulas
828 2824 932 2850 auio
962 2809 1190 2865 variegatas
1222 2808 1434 2881 accipiunt
1461 2809 1524 2850 le-
