1728 3184
206 190 303 237 338
702 195 761 237 JN
799 195 835 235 T
841 192 1175 237 HEOPHANEM

205 313 287 355 326
316 313 564 367 fundatum,
591 313 841 355 vahsolutum
880 321 1018 355 autem
1067 321 1108 355 et
1152 313 1392 354 dedicatum
1419 313 1499 355 341
1534 316 1677 365 refert,

204 371 445 425 quindecim
475 385 603 412 annos
649 387 672 411 a
707 373 851 426 positis
898 371 1174 411 fundamentis
1211 370 1262 409 ad
1295 371 1488 411 encaenia
1533 372 1680 425 exigitz

203 427 330 468 isdem
360 442 554 468 numerus
585 434 645 468 est
681 428 754 483 qui
785 429 966 469 auctoris
998 435 1039 468 et
1071 428 1316 482 Hieronymi
1346 433 1547 482 computo
1579 442 1680 467 con-

201 485 339 527 sentit.
398 490 537 539 potest
576 484 719 540 itaque
762 500 957 526 numerus
994 500 1066 525 seu
1109 483 1239 524 dictio
1281 481 1352 535 ἕξ,
1383 484 1425 524 in
1454 484 1681 525 δεκαπέντε

171 574 173 576 .
202 541 374 582 mutari.

315 623 468 677 55,16.
533 622 831 674 Κωνστάντιος
859 621 932 679 ἔτη
958 622 1038 680 κα’]
1070 626 1126 666 ita
1159 624 1356 666 mendose
1386 624 1528 666 cuncti
1558 623 1682 665 codi-

202 697 291 724 ces:
322 696 487 737 repono
518 677 591 735 ἔτη
622 678 700 725 κδ’.

311 756 420 800 Ibid.
477 752 719 809 Ἀσσυρίοις
748 752 939 811 νικήσας]
972 770 1123 810 parum
1147 755 1254 796 laeta
1282 755 1476 808 victoria,
1509 761 1551 796 et
1581 756 1680 796 ficto

199 813 432 868 triumpho.
490 813 708 867 perpende
740 812 914 853 dicenda
949 813 1000 853 ad
1035 827 1190 853 annum
1223 820 1479 867 sequentem.

313 886 419 928 Ibid.
444 885 510 927 17.
570 880 778 940 Σαβαίρηζ
804 884 852 927 δὲ
872 882 894 927 ὅ
923 887 1008 927 τῶν
1023 885 1221 942 ΠερσῶνΙ
1260 885 1542 942 Hieronymus
1571 883 1678 924 haec

200 958 310 984 anno
338 942 542 998 sequenti.

314 1028 421 1069 Ibid.
456 1026 518 1070 18.
579 1023 787 1075 Κώνστας
826 1026 873 1068 δὲ
912 1025 958 1068 ἐν
997 1025 1049 1082 τῇ
1081 1021 1220 1077 δύσει]
1257 1026 1537 1082 Hieronymus
1565 1025 1682 1066 Con-

199 1084 340 1126 stantii
365 1098 474 1124 anno
504 1083 541 1124 5.
569 1083 724 1124 Franci
755 1099 778 1124 a
799 1084 1028 1124 Constante
1052 1083 1295 1137 perdomiti,
1326 1088 1368 1123 et
1396 1097 1475 1137 pax
1505 1097 1599 1122 cum
1627 1082 1683 1122 eis

198 1143 324 1183 facta.
384 1141 578 1181 Socrates
605 1139 680 1181 lib.
698 1141 722 1181 2
754 1155 846 1195 cap.
868 1138 920 1180 10
961 1140 1206 1181 Constantio
1240 1141 1292 1179 ΙΙΙ
1328 1144 1370 1179 et
1397 1140 1624 1179 Constante
1646 1139 1683 1179 11

200 1213 300 1239 coss,
334 1197 587 1244 Constantii,
621 1198 805 1252 inquam,
838 1211 947 1237 anno
979 1196 1128 1252 quinto
1162 1211 1208 1236 ex
1239 1196 1524 1237 Alexandrino
1556 1194 1685 1235 chro-

200 1255 295 1296 nico
326 1255 472 1306 victos,
506 1254 608 1294 etin
640 1254 786 1294 foedus
808 1253 957 1294 ascitos
974 1260 1178 1294 testatur:
1212 1252 1328 1308 quod
1356 1253 1542 1293 obeunte
1571 1265 1682 1291 anno

199 1311 420 1366 contigisse
435 1310 685 1365 Theophani
716 1309 938 1362 creditum,
971 1325 1056 1366 quo
1090 1310 1178 1364 ipse
1210 1326 1233 1350 a
1253 1309 1491 1364 Septembri
1524 1323 1682 1349 annum

199 1369 487 1424 insequentem
517 1368 704 1409 metitur.

310 1451 380 1503 56,
413 1452 453 1492 4.
513 1452 693 1503 σεισμοῦ
718 1448 907 1505 μεγάλου
934 1449 1178 1506 γενομένου]
1209 1465 1255 1490 ex
1273 1450 1522 1506 Hieronymi
1553 1450 1684 1492 chro-

199 1509 294 1550 nico
325 1509 377 1549 ad
406 1524 560 1549 annum
595 1510 832 1549 Constantii
859 1508 884 1549 7
914 1508 1018 1548 haec
1048 1508 1098 1547 ad
1131 1508 1308 1548 verbum
1333 1509 1548 1548 translata.

316 1594 425 1635 Ibid.
457 1592 498 1633 7.
559 1589 741 1640 πολλοὺς
770 1589 912 1633 αὐτῶν
955 1591 1138 1647 οἶνεῖλον]
1171 1592 1322 1633 Persae
1350 1592 1492 1646 potius
1527 1592 1685 1632 Roma-

203 1664 295 1690 nos.
357 1650 592 1690 infelicibus
625 1649 735 1689 enim
765 1650 886 1703 signis
918 1649 1095 1689 Romani
1137 1663 1232 1689 cum
1253 1649 1389 1689 Persis
1420 1648 1686 1699 dimicarunt,

203 1714 245 1746 et
279 1721 430 1747 novem
475 1706 641 1761 praeliis
672 1706 722 1745 ab
771 1705 826 1746 eis
858 1706 936 1746 fusi
970 1710 1172 1746 notantur
1203 1706 1317 1760 apud
1350 1705 1565 1758 Orosium,
1595 1706 1687 1746 Eu-

203 1763 392 1818 tropium
421 1770 462 1803 et
491 1762 720 1804 Zozimum.

318 1848 428 1888 Ibid.
446 1846 484 1887 9.
544 1846 724 1895 Παῦλος
755 1842 778 1885 ὄ
809 1841 1082 1899 ὄμολογητής]
1114 1860 1208 1885 eum
1227 1846 1578 1900 praecedentibus
1612 1862 1688 1886 an-

209 1905 271 1946 nis
308 1905 554 1959 episcopum
607 1904 687 1942 iam
727 1903 964 1943 institutum
1009 1901 1270 1942 demonstrat
1322 1902 1604 1958 Hieronymus
1647 1904 1688 1942 in

208 1961 438 2010 chronico,
482 1967 522 2000 et
555 1975 601 1999 ex
631 1960 819 2000 Socratis
857 1959 932 1999 lib.
968 1958 993 1999 2
1021 1973 1115 2013 cap.
1147 1959 1186 1998 5.
1216 1959 1421 2000 Baronius
1454 1959 1507 1999 ad
1535 1975 1689 2000 annum

209 2018 365 2059 Christi
392 2016 473 2058 340
501 2032 614 2056 num.
649 2015 712 2056 15.

323 2092 429 2133 Ibid.
466 2090 528 2130 12.
587 2089 768 2139 σεισμοῦ
795 2084 980 2140 μεγάλου
1009 2087 1253 2141 γενομένου]
1287 2096 1445 2129 terram
1469 2089 1595 2129 variis
1626 2089 1691 2128 lo..

211 2149 266 2189 cis
296 2162 375 2202 per
398 2148 619 2187 Orientem
649 2153 807 2186 motam
839 2152 880 2185 et
911 2145 1120 2200 agitatam,
1153 2146 1314 2186 infenso
1349 2146 1520 2186 numine
1550 2146 1692 2186 homi-

212 2205 332 2245 nihus
365 2203 420 2244 ob
450 2202 595 2243 turbas
627 2209 669 2242 et
702 2201 923 2243 seditiones
954 2202 994 2241 in
1026 2202 1240 2242 ecclesiam
1270 2203 1496 2253 suscitatas,
1530 2217 1577 2243 ex
1593 2203 1693 2243 Hie-

211 2275 408 2317 ronymo,
447 2259 615 2310 orosio,
643 2258 870 2313 Ephraem,
887 2259 1075 2308 Socrate,
1109 2266 1151 2299 et
1167 2259 1402 2300 Sozomeno
1433 2259 1694 2300 demonstrat

214 2317 419 2357 Baronius
450 2316 501 2356 ad
525 2330 680 2355 annum
710 2315 750 2359 d.
770 2312 853 2355 340
885 2330 996 2355 num.
1026 2313 1080 2355 34
1112 2321 1152 2355 et
1183 2315 1251 2367 35,
1283 2330 1368 2370 quo
1404 2315 1534 2356 nihilo
1564 2316 1699 2356 secius

214 2374 434 2414 Sozomeni
466 2372 721 2423 testimonio,
752 2378 793 2412 et
824 2387 955 2426 prava
992 2380 1255 2426 punctorum
1288 2373 1556 2413 observantia
1587 2372 1694 2412 abu-

214 2431 337 2481 titur,
368 2435 416 2469 ut
443 2436 583 2470 terrae
611 2433 765 2480 motus,
796 2429 988 2469 confecto
1009 2429 1275 2469 Antiocheno
1307 2429 1503 2480 concilio,
1533 2435 1694 2479 enatos,

217 2494 258 2528 et
285 2488 327 2526 in
357 2487 442 2527 eius
459 2485 685 2526 vindictam
716 2486 766 2525 ab
798 2491 970 2525 auctore
999 2492 1173 2525 assertos
1206 2485 1404 2539 declaret,
1432 2485 1543 2541 apud
1572 2500 1697 2541 quem

216 2544 325 2587 solus
358 2542 558 2598 Gregorii
582 2542 870 2584 Alexandriam
898 2543 1113 2596 profectus
1146 2542 1373 2597 colligitur.

332 2626 440 2671 Ibid.
465 2625 529 2667 13.
589 2622 630 2668 οἱ
648 2625 695 2668 δὲ
726 2624 1029 2680 Ἀλεξανδρεῖς]
1061 2627 1316 2667 narrationis
1346 2640 1591 2681 perversum
1623 2641 1701 2666 or·-

220 2682 359 2723 dinem
405 2697 613 2724 annorum
655 2684 765 2723 ratio
811 2682 1022 2723 declarat:
1063 2683 1133 2724 hic
1165 2684 1273 2724 enim
1314 2698 1454 2734 annm,
1489 2683 1540 2723 ad
1574 2698 1699 2737 quem

221 2738 296 2779 ista
326 2740 595 2795 referuntur,
632 2745 797 2780 tantum
829 2746 1001 2794 quartus
1043 2747 1104 2781 est
1146 2756 1168 2780 a
1199 2740 1381 2781 concilio
1420 2740 1699 2790 Antiocheno,

223 2810 309 2850 quo
335 2797 566 2851 Gregorius
608 2796 650 2838 in
690 2795 903 2837 Athanasii
946 2796 1085 2838 locum
1116 2803 1288 2852 praeter
1315 2797 1372 2838 fas
1403 2797 1597 2851 intrusus,
1627 2797 1699 2852 qui
