1728 3184
201 162 300 213 412
711 173 767 212 m
804 169 1179 214 THEOPHANEM

202 290 291 381 {ato
334 269 559 340 exemplari
602 285 734 341 legam
772 285 933 340 Elium,
983 293 1025 328 et
1062 283 1208 327 Ἠλίαν
1254 298 1483 339 reponam:
1525 284 1673 326 dubius

215 355 375 382 iwereo.

310 418 404 472 235,
435 419 526 462 20.
558 418 737 463 σύνοδον
775 420 1049 476 κροτηθῆναι]
1093 419 1275 477 Cyiillus-
1311 427 1461 462 auctor
1491 420 1600 463 vitae
1630 422 1672 461 S.

198 476 330 518 Sabae
359 476 471 532 apud
487 477 658 519 Surium
690 479 759 519 die
779 478 806 518 5
830 478 1073 519 Decembxis
1114 492 1166 518 ex
1194 476 1257 517 his
1291 476 1489 518 nonnulla
1520 478 1668 520 refert·

196 532 277 572 suit
306 540 445 575 autem
491 533 670 590 Cyrillus
707 535 776 575 ille
813 535 946 575 Sabae
973 549 1160 589 suppar,
1191 548 1239 574 ac
1276 548 1384 589 pene
1425 542 1672 576 coaetaneus

196 589 397 630 Anastasii
429 590 530 645 imp.
561 599 602 632 et
634 592 960 657 episcoporum,
990 606 1174 646 quoium
1205 590 1273 631 hic
1305 597 1417 644 gesta
1450 606 1671 633 recensen-

196 652 280 686 tur.
352 646 403 688 de
441 647 588 704 synodi
632 648 745 689 istius
789 661 898 688 anno
937 648 1103 689 auctori
1142 646 1409 690 Marcellinus
1450 662 1535 689 non
1566 662 1671 689 con-

199 702 338 746 sentit.

307 773 402 827 236,
427 772 489 817 14.
543 774 694 825 Ἠλίας
714 776 761 818 δὲ
780 774 802 817 ὃ
826 775 1144 832 Ἱεροσολύμων]
1167 778 1251 818 istis
1274 777 1518 818 adversatur
1547 791 1670 831 prae-

193 832 300 873 fatus
332 832 525 888 Cyrillus,
557 833 673 874 cuius
716 834 1004 875 testimonium
1033 834 1246 888 approbat
1276 834 1479 874 Baronius
1510 834 1564 875 ad
1596 849 1669 873 an-

194 904 296 929 num
325 889 406 929 512
437 889 913 941 num.16,Petavius
941 890 1012 930 lib.
1045 889 1095 930 13
1126 889 1178 930 de
1212 890 1324 934 doct.
1356 898 1484 946 temp.
1513 897 1556 932 et
1587 890 1670 939 ulii,

194 946 404 987 sincerum
437 946 699 988 o1thodoxae
728 947 825 987 fidei
864 946 1126 987 defensorem
1163 947 1298 987 Eliam
1329 946 1452 988 istum
1483 962 1670 988 asseren-

193 1008 274 1043 tes.
307 1002 358 1043 de
384 1002 583 1044 Flaviano
613 1003 804 1059 superius
834 1009 986 1043 actum.
1045 1009 1276 1057 utrumque
1308 1009 1423 1044 certe
1453 1004 1670 1059 sequentia

194 1058 442 1099 vindicant.
485 1067 532 1100 ut
562 1060 664 1115 quid
694 1060 804 1100 enim
838 1061 880 1100 in
920 1059 1120 1100 iudicium
1153 1061 1267 1100 velut
1292 1060 1355 1101 rei
1382 1061 1671 1111 traherentur,

193 1116 265 1181 f1ui
298 1116 379 1155 iam
412 1117 452 1156 in
473 1124 764 1157 accusatorum
792 1123 953 1171 parteS,
982 1116 1015 1157 si
1045 1131 1142 1156 vera
1170 1117 1283 1158 foret
1309 1116 1499 1167 historia,
1531 1123 1670 1158 trans..

192 1172 340 1213 iissent.
371 1172 481 1213 Elias
511 1173 598 1227 ipse
622 1173 905 1215 defensionem
935 1187 1051 1214 suam
1082 1173 1263 1214 instituit
1293 1173 1405 1228 apud
1436 1174 1553 1215 Euan
1532 1175 1670 1229 5riu1n

190 1229 264 1270 lib.
297 1227 323 1269 3
355 1243 449 1284 cap.
481 1227 553 1270 31.

302 1302 414 1343 Ibzd.
442 1301 506 1344 19.
564 1301 839 1352 Ἀναστάσιος
858 1302 906 1344 δὲ
928 1300 1167 1359 ὀργισθείς]
1203 1302 1242 1344 in
1263 1304 1521 1345 contrariam
1550 1319 1668 1345 men-

191 1365 275 1401 tem
303 1360 460 1400 factum
489 1358 574 1401 hoc
602 1361 732 1401 vertit
758 1360 963 1416 Euagrius
995 1374 1086 1415 cap.
1108 1359 1176 1403 32.

301 1443 398 1495 237,
431 1444 470 1488 7
529 1443 604 1486 καί
637 1440 746 1486 κατὰ
782 1444 1057 1486 Μακεδονιόυ
1086 1441 1109 1485 ὁ
1138 1439 1357 1498 βασιλεύς]
1382 1444 1541 1486 Theod.
1572 1444 1666 1486 lect.

193 1508 377 1555 excerpt.

302 1573 397 1625 238,
417 1572 455 1614 9.
511 1572 663 1623 Ἠλίας
692 1570 786 1622 ἔτος
815 1572 875 1630 ἓν]
907 1576 1022 1615 cuius
1050 1579 1189 1615 tamen
1209 1575 1322 1614 varia
1354 1575 1395 1614 in
1424 1566 1670 1630 episcopatu-

190 1638 302 1697 gesta
345 1631 584 1686 superiores
624 1631 722 1672 anni
765 1630 1053 1673 demonstrant
1089 1631 1256 1672 Salustii
1300 1632 1341 1672 in
1375 1634 1560 1675 canoniis
1594 1633 1666 1673 de.

192 1688 340 1744 scripti
368 1695 573 1744 tempore.

298 1772 497 1816 Ibid.10.
556 1769 828 1814 Μακεδόνων
859 1767 1090 1826 ἠπάτησεν]
1123 1773 1268 1842 quod
1269 1770 1376 1823 μετὰ
1408 1770 1668 1825 ὑποκρίσεως

189 1825 331 1879 ἔδοξεν
362 1825 565 1870 ἓνοῦσθαι
606 1829 657 1885 τῇ
686 1829 906 1884 ἐκκλησία,
937 1828 1012 1868 καί
1037 1830 1095 1884 τῷ
1121 1825 1349 1885 επισκόπῳ,
1372 1844 1451 1884 per
1478 1830 1665 1884 hypocri-

188 1887 263 1925 sim
292 1887 483 1926 ecclcsiae
512 1896 552 1926 ec
576 1901 771 1953 epzscopo
791 1895 1013 1926 consentzre
1042 1886 1263 1937 videretur,
1298 1863 1355 1926 ai't
1384 1885 1663 1926 Theodorus:

190 1941 281 1983 exin
312 1943 419 1993 πρὸς
451 1939 692 1997 δολιότητος
722 1941 904 1995 γέμοντα
934 1956 1176 1995 conversu8‚
1209 1944 1248 1983 in
1279 1942 1470 1983 fraudem
1500 1942 1665 1997 episco-

190 2014 292 2054 pum
322 1999 506 2040 abduxit.

300 2071 414 2113 Hn'd.
448 2072 513 2113 11.
570 2069 818 2124 Κέλλωοος]
849 2072 1054 2127 Euagrius
1085 2073 1285 2125 Κέλερος.

260 2143 411 2187 Ibid.
483 2143 745 2212 μαγίστρου]
786 2143 999 2198 ἧγεμῶνος
1049 2146 1134 2186 τῶν
1166 2143 1212 2187 ἐν
1248 2145 1301 2203 τῇ
1341 2145 1451 2202 αϋλῇ
1496 2142 1673 2195 τάξεων·’

188 2201 413 2257 officiorum
441 2204 559 2243 aulae
582 2202 788 2256 magistri.
819 2202 1023 2256 Euagrius
1056 2204 1165 2243 idem
1197 2203 1266 2246 lib
1297 2201 1335 2244 3.
1366 2218 1401 2243 c.
1426 2189 1496 2243 '32

304 2287 417 2333 Ibid.
442 2287 505 2327 15.
563 2279 597 2343 ᾧ
625 2301 707 2328 τινι
747 2283 821 2326 καί
848 2285 1219 2340 χειροτονούμενος
1254 2283 1515 2342 ὖπὲγραφει]
1547 2285 1663 2341 quod

192 2359 238 2385 ex
266 2344 498 2385 Theodoro
542 2331 701 2386 lectore
733 2350 883 2384 auctor
915 2344 1154 2384 observavit
1199 2343 1250 2385 ad
1282 2344 1479 2385 Anastasii
1509 2357 1665 2383 annum

193 2402 402 2456 quintum.

301 2485 408 2526 Ihid.
442 2483 506 2528 16.
581 2482 658 2536 τὴν
687 2480 920 2534 Δαλμάτου
954 2482 1113 2537 μονήν]
1145 2486 1251 2540 mig.
1295 2485 1373 2526 CP.
1412 2479 1437 2536 ἧ
1467 2481 1575 2535 μονὴ
1607 2480 1660 2523 n}

189 2541 439 2589 Δαλιιατίου
472 2541 648 2595 ἐκτίσθη
691 2539 807 2594 παρὰ
838 2540 1086 2591 Δαλματιόυ
1120 2539 1344 2595 πατρικίου
1374 2540 1557 2588 α’νεψιοῦ
1585 2538 1662 2580 τοῦ

189 2595 373 2649 μεγάλου
398 2599 738 2640 Κωνσταντίνου.
796 2599 1086 2638 monasterum
1111 2601 1175 2639 cui
1194 2614 1250 2638 ex
1266 2599 1476 2638 Dalmatio
1493 2596 1549 2651 fic
1553 2605 1661 2636 clam

192 2668 334 2693 nomen
373 2668 402 2694 a
431 2655 647 2697 Dalmatio
670 2655 844 2710 patr-icto
877 2656 1017 2707 magni
1046 2655 1294 2697 Constancznz
1332 2663 1471 2709 nepote
1514 2652 1664 2693 conda·-

191 2719 276 2750 tum
292 2709 395 2764 ficit.

303 2781 395 2833 239,
423 2782 459 2823 6.
531 2796 600 2825 και
633 2779 947 2839 παρεσκεύασεν
994 2780 1014 2822 ὁ
1043 2778 1264 2838 βασιλεύς]
1307 2790 1352 2823 ut
1396 2779 1662 2822 macedonius
