1728 3184
205 204 303 250 350
707 209 763 249 ΙΝ
804 207 1181 251 ΤΗΕΟΡΠΑΝΕΜ

206 341 228 364 a
261 323 366 364 Iunii
401 321 453 363 26
482 323 566 363 sive
591 337 614 363 a
645 329 757 364 sexto
786 328 881 363 ante
908 323 1103 364 kalendas
1136 322 1255 363 lulias
1285 321 1336 362 ad
1351 322 1557 364 decimum
1587 331 1675 364 ter..

207 381 312 421 tium
339 379 419 424 kal
450 379 622 420 Martias
653 395 699 420 ex
718 380 904 431 Socrate,
939 395 984 421 ex
1016 380 1102 420 aliis
1126 379 1176 419 ad
1207 380 1332 420 Maias
1365 381 1567 435 regnavit.

317 453 390 505 85,
423 451 461 493 6.
520 448 542 491 ὅ
572 444 823 505 Αὔγουστος
852 452 893 492 Γ
890 466 1090 507 ρατιανον
1117 449 1164 492 τὸ
1196 447 1356 493 ἑαυτοῦ
1379 449 1476 493 υἱὸν
1504 445 1683 506 Avyov-

206 524 303 552 στον
329 483 624 562 ἀνηγόρευσεν]
657 508 815 548 cunctis
845 509 1051 550 historicis
1081 514 1124 550 et
1163 509 1367 549 fastorum
1397 510 1678 550 consularium

207 567 352 624 peritis
372 566 563 607 Gratiani
592 566 854 606 consulatum
887 567 1072 631 primum
1094 566 1225 622 patris
1253 566 1534 607 Valentiniani
1567 581 1676 607 anno

206 623 413 674 secundo,
458 622 684 663 collatum·
707 637 808 662 velo
847 622 1070 676 imperium
1124 638 1233 662 anno
1281 623 1411 664 tertio
1457 624 1678 664 statuenti-

205 683 308 730 hus3
340 679 589 721 Gratianum
633 679 811 719 eundern
845 680 942 734 imp.
985 682 1213 736 Augustum
1243 678 1362 719 simul
1397 686 1439 720 et
1469 681 1681 720 consulem

209 738 261 780 ab
292 743 464 778 auctore
494 736 562 776 hic
591 742 790 776 assertum
827 737 899 790 (ne
929 737 1064 787 solus,
1097 750 1144 776 ac
1172 742 1331 777 temere
1357 737 1445 777 sine
1477 736 1582 777 duce
1611 751 1681 777 er..

209 809 316 836 rasse
343 794 638 847 convincatur)
684 793 756 832 nisi
786 807 852 833 me
886 793 991 833 fallit
1025 793 1291 844 coniectura,
1338 793 1395 834 ita
1424 795 1474 834 vex
1506 794 1683 835 Socrate

209 853 493 906 interpretor.
553 850 768 889 Iovianum
803 849 964 889 decimo
996 850 1125 890 tertio
1154 850 1233 894 kal,
1255 850 1397 890 Martii
1428 850 1518 905 ipso
1545 851 1684 891 lovia-

212 925 266 949 no
301 915 342 948 et
357 907 631 947 Varroniano
661 906 838 960 puerulo
862 921 964 946 coss.
998 907 1155 946 obiisse
1176 908 1380 947 fastorum
1403 907 1682 948 consularium

212 964 415 1020 inspectio
446 968 647 1014 testatur,
679 963 947 1018 eiusdemque
983 963 1129 1003 mensis
1176 963 1318 1004 diebus
1346 964 1566 1018 postremis
1597 965 1682 1005 Va-

211 1022 487 1063 lentinianum
529 1020 829 1073 imperatorem
873 1020 1095 1059 salutatum
1128 1027 1276 1060 narrat
1303 1022 1539 1061 Ammianus
1569 1022 1687 1061 Mar-

212 1080 398 1119 cellinus.
461 1083 700 1132 sequentem
740 1091 892 1116 annum
924 1076 1206 1117 Valentiniani
1249 1083 1292 1116 et
1324 1077 1511 1117 Valentis
1537 1092 1686 1118 consu-

211 1138 299 1176 latu
328 1134 466 1189 primo
505 1132 746 1187 consignant
774 1133 894 1183 fasti,
938 1148 1042 1188 quos
1075 1133 1124 1172 ab
1158 1133 1282 1187 ipsius
1311 1132 1477 1188 imperii
1507 1133 1684 1175 exordiis

213 1192 395 1233 consules
427 1191 670 1240 declaratos,
706 1204 753 1229 ac
779 1196 1005 1244 propterea
1020 1190 1188 1229 Ioviano
1217 1190 1427 1244 defuncto,
1458 1196 1500 1231 et
1518 1191 1686 1231 Varro-

213 1250 337 1289 niano
354 1247 556 1302 dignitate
585 1254 746 1286 remoto
767 1248 878 1286 circa
896 1247 1093 1286 Martium
1124 1247 1364 1287 substitutos
1396 1262 1476 1287 non
1507 1248 1686 1288 obscure

212 1306 370 1346 indieat
398 1305 590 1344 Socrates
623 1303 697 1343 lib.
713 1301 741 1342 4
782 1317 872 1357 cap
894 1304 912 1343 1
950 1304 1130 1344 ineunte.
1187 1304 1264 1344 τοῦ
1286 1302 1346 1368 δὴ
1373 1305 1595 1369 βασιλέως
1607 1297 1685 1346 Ιο-

208 1362 364 1430 βιανοῦ
406 1356 451 1401 ὲν
478 1355 774 1408 Δαδαστανοις
820 1374 876 1407 ως
903 1356 1088 1415 ἔφηιιεν,
1126 1355 1471 1429 τελευτήσαντος,
1499 1361 1552 1416 τῇ
1579 1356 1685 1402 ἑαυ-

209 1419 287 1460 τοῦ
317 1416 509 1473 ὑπατεία,
542 1413 615 1456 καί
640 1417 926 1483 Βαρωνιανοῦ
954 1416 1030 1457 τοῦ
1057 1412 1156 1457 υἱοῦ
1186 1414 1320 1456 αυτοῦ
1349 1416 1399 1472 τῇ
1429 1415 1482 1482 ιζ’
1508 1417 1582 1457 τοῦ
1606 1417 1690 1457 Φε-

211 1475 448 1528 βρουαριόυ
476 1470 633 1528 μηνός,
668 1469 708 1513 οἱ
750 1474 1012 1525 στρατιῶται
1057 1472 1104 1513 ἐκ
1133 1474 1209 1526 τῆς
1237 1459 1440 1513 Γαλατῶν
1465 1468 1688 1525 ἑβδομαῖοι

210 1532 271 1579 εἰς
305 1532 488 1571 Νίκαιαν
523 1531 593 1582 τῆς
624 1527 838 1578 Βιθυνίας
868 1527 1086 1583 ἐλθόντες,
1132 1529 1250 1586 κοινῇ
1288 1527 1430 1595 ψήφω
1456 1528 1688 1571 Ουάλεντι..

210 1586 352 1629 νιανὸν
387 1583 728 1639 ἀνακηρύττουσι
758 1587 938 1636 βασιλέα
965 1586 1028 1653 τῇ
1045 1587 1209 1654 πέμπτῃ
1240 1587 1313 1626 καί
1339 1582 1477 1627 εικαὸι
1505 1587 1580 1627 τοῦ
1610 1602 1690 1626 αυ-

211 1645 287 1684 τοῦ
322 1640 623 1695 Φεβρουαριόυ
652 1639 783 1696 μηνὸς
812 1643 856 1682 ἐν
890 1643 942 1698 τῇ
972 1639 1106 1683 αὐτοῦ
1142 1640 1333 1683 ὑπατεία.
1390 1657 1480 1683 cum
1509 1645 1689 1699 impera-

210 1711 275 1742 tor
303 1702 501 1742 Iovianus
528 1702 572 1739 in
598 1700 878 1765 DaclastaniS,
911 1701 970 1739 uti
1003 1699 1205 1749 diximus,
1244 1685 1310 1740 ad‘
1328 1714 1443 1739 sunm
1474 1700 1620 1755 ipsius,
1651 1710 1691 1739 ec

216 1757 264 1798 V
257 1770 473 1797 art-oniam
515 1757 603 1811 filii
641 1757 704 1796 sui
731 1757 978 1797 consulatum
1005 1756 1104 1796 XHJ
1138 1756 1217 1795 kal.
1248 1757 1404 1796 Martii
1438 1772 1459 1796 e
1487 1758 1580 1796 vtta
1609 1760 1688 1796 mi·

210 1823 384 1868 grasset:
417 1814 564 1853 milites
591 1829 614 1853 e
641 1812 815 1854 Galatia
845 1812 1099 1863 decedentes,
1125 1813 1295 1867 septimo
1319 1822 1415 1868 post
1445 1813 1513 1852 dte
1542 1813 1690 1853 Nicae-

213 1886 282 1911 am
312 1870 536 1922 Bithyniae
566 1871 751 1910 veniunt:
782 1884 1000 1925 omnesque
1027 1885 1108 1909 una
1134 1882 1232 1909 voce
1262 1868 1604 1910 Valentinianum
1633 1870 1694 1909 acl

213 1929 394 1992 quintum
422 1926 506 1966 kal.
540 1927 702 1976 Martii,
732 1927 807 1967 zllo
837 1927 924 1990 ipso
951 1927 1114 1966 consule
1144 1927 1435 1982 imperatorem
1462 1926 1688 1967 declarant.

214 1998 442 2049 imperium
474 1982 616 2039 itaque
647 1982 943 2025 Valentiniano
974 1997 1055 2022 una
1085 1997 1180 2023 cum
1210 1984 1428 2023 consulatu
1463 1998 1509 2023 ex
1538 1983 1692 2023 Socra-

215 2041 267 2081 tis
298 2039 458 2080 calculo
502 2040 718 2080 delatum:
764 2046 994 2095 eapropter
1037 2054 1166 2079 annus
1194 2054 1367 2094 sequens
1397 2040 1470 2080 filii
1499 2040 1691 2080 Gratiani

216 2103 260 2138 et
285 2095 533 2152 Dagalaiphi
562 2098 776 2137 consulatu
811 2097 957 2136 codem
985 2103 1159 2136 auctme
1192 2102 1420 2137 annotatur
1451 2110 1542 2150 cap.
1557 2094 1583 2136 9
1614 2097 1692 2136 ob-

217 2160 364 2196 eunte:
401 2152 453 2193 ad
495 2152 701 2193 decimum
752 2153 892 2208 itaque
929 2154 1108 2208 suscepti
1138 2154 1304 2208 imperii
1342 2168 1539 2204 mensem,
1581 2153 1692 2193 intr1

216 2210 360 2267 primi,
391 2210 582 2266 inquam,
615 2210 710 2250 anni
753 2209 954 2250 cancellos
986 2210 1237 2251 Gratianum
1267 2211 1399 2250 filium
1431 2210 1692 2250 Valentinia-

219 2284 295 2309 nus
326 2267 553 2308 declaravit
575 2267 799 2318 consulem,
831 2273 871 2307 et
903 2266 1103 2322 collegam
1130 2266 1246 2308 dedit
1264 2266 1581 2323 Dagalaiphum.
1611 2267 1694 2306 iam

222 2340 318 2365 cum
350 2324 558 2379 Lupicino
591 2331 634 2365 et
662 2324 836 2364 Ioviano
868 2338 964 2363 coss,
1007 2325 1078 2379 qui
1108 2324 1389 2365 Valentiniani
1420 2338 1575 2364 annum
1604 2330 1696 2364 ter.-

219 2381 327 2423 tium
347 2381 574 2435 designant,
598 2381 794 2422 Socrates
814 2396 907 2435 cap.
927 2380 992 2421 10.
1023 2381 1270 2437 Hieronymi
1298 2380 1545 2430 chronicon,
1576 2382 1695 2420 Mar-

221 2438 391 2479 cellinus
421 2438 491 2478 lib.
510 2437 561 2479 27
594 2443 636 2478 et
665 2437 898 2478 chronicon
923 2437 1262 2490 Alexandrinum,
1293 2437 1486 2478 adiuncta
1516 2437 1594 2477 sibi
1625 2452 1697 2478 re-

221 2496 335 2550 liqua
367 2494 668 2536 historicorum
697 2493 835 2544 manu,
866 2495 1114 2534 Gratianum
1145 2495 1186 2534 in
1218 2495 1361 2535 Galliis
1392 2494 1696 2548 imperatorem

223 2553 379 2592 factum
422 2552 703 2592 concordibus
752 2551 916 2605 scriptis
961 2552 1205 2602 enuncient,
1252 2552 1361 2592 istud
1395 2550 1526 2590 nihilo
1563 2551 1696 2590 secius

224 2609 475 2659 (chronicon
513 2609 716 2664 intelligo)
763 2609 1012 2649 Gratianum
1049 2605 1389 2663 ἐπιφανεστάτου
1436 2607 1696 2659 nobilissimi,

225 2666 488 2735 consulisque
533 2666 734 2721 dignitate
765 2664 884 2705 simul
919 2665 1158 2720 insignitum
1200 2664 1313 2731 haud
1354 2664 1482 2704 tacite
1524 2662 1697 2703 demon-

225 2727 342 2772 strat,
373 2720 561 2774 ὑπάτων,
591 2723 740 2778 inquit,
774 2722 814 2763 Γ
812 2734 1014 2774 ρατιανου
1046 2719 1387 2776 ἐπιφανεστάτου
1430 2724 1569 2776 (quem
1600 2721 1699 2760 illu-

226 2779 461 2819 stt-issimnm
496 2794 578 2819 non
615 2780 722 2820 hene
751 2779 880 2819 vertit
911 2778 1132 2833 interpr-‚es
1162 2777 1213 2819 de
1254 2793 1338 2834 quo
1371 2784 1465 2817 ante
1496 2777 1594 2817 duas
1619 2791 1699 2816 no-

228 2835 307 2888 tas)
341 2848 410 2874 και
434 2835 730 2890 Δαγαλαΐφου.
789 2834 1063 2875 nobilissimus
1085 2840 1222 2875 autem
1256 2836 1285 2875 is
1318 2840 1390 2886 est,
1422 2834 1494 2888 qui
1528 2833 1700 2888 insigni·
