1728 3184
243 184 271 230 5
279 187 299 227 1
309 183 337 230 6
742 189 796 229 1N
835 186 1206 229 THEOPHANEM

240 308 321 348 viri
354 321 437 347 non
469 308 544 348 nisi
560 302 859 348 existimatione
889 308 1026 348 deillo
1047 304 1320 360 'concipienda
1346 305 1530 360 prohet;
1561 304 1700 346 Theo·

240 364 419 418 phanem
445 371 487 404 et
517 364 799 418 Nicephorum
828 365 1011 404 falsitatis
1046 363 1259 403 convictos
1289 362 1354 417 agi
1389 375 1472 401 non
1501 363 1701 416 patietur,

242 421 314 475 qui
347 421 398 461 de
430 422 627 461 Germani
664 427 707 461 et
737 422 926 461 Andreae
971 421 1090 474 lapsu
1118 419 1288 460 Baronii
1318 420 1493 472 luctum,
1523 423 1565 459 et
1596 431 1702 473 que-

240 478 345 518 relas
374 479 521 532 legerit
541 493 574 517 a.
607 478 645 517 d.
676 477 757 518 712
780 493 893 518 num.
922 476 947 516 5
978 475 1004 516 6
1035 483 1077 517 et
1106 475 1146 516 7.
1194 490 1198 500 ·

352 563 812 614 586,10.Νικό)αόν
841 581 884 606 τε
915 562 985 606 τὸν
1011 561 1093 605 απὸ
1124 560 1481 615 καυκοδιακὸνων]
1511 562 1700 611 καυκίον,

241 623 352 663 iuxta
382 596 567 671 saidam,
596 630 655 663 est
704 618 724 661 ὃ
762 620 878 674 naon}
919 626 1005 668 τοῖς
1039 625 1188 675 σοφοῖς
1217 619 1359 669 κάὶυξ.
1418 634 1551 676 quare
1578 621 1701 660 Nico-

241 681 327 720 laus
361 680 434 720 iste
463 680 674 743 quondam
714 675 1052 726 καυκοδιάκοιος,
1088 693 1114 717 α
1158 678 1359 718 caltcibus
1397 678 1602 728 mimscer,
1636 674 1701 716 vel

231 731 573 799 φαρμακοποιός.
604 743 644 776 et
665 735 891 774 salubrium
923 735 1142 788 potionum
1171 734 1333 783 artifex,
1367 747 1442 773 ceu
1459 732 1535 787 τῆς
1561 731 1701 783 ἰατρι-

236 791 313 844 κῆς
339 788 580 844 ἐπιστημων
620 791 720 830 mihi
750 791 844 831 erit.
919 797 1069 830 auctor
1107 790 1308 831 miscellae
1339 789 1598 830 Anastasium
1634 803 1701 829 sc-

241 855 407 903 quutus,
439 847 611 887 rescissis
658 862 765 902 quae
813 847 863 886 de
890 849 1099 887 Germano
1131 854 1172 887 et
1202 846 1366 886 Andrea
1397 846 1584 886 Cretensi
1611 850 1664 884 tr
1656 861 1701 883 ι-

239 911 355 944 ctant
385 904 534 970 verbis,
560 904 859 958 Theophanem
892 903 931 943 in
960 903 1072 942 hunc
1102 903 1273 942 modum
1303 901 1702 956 reddit.“1eperit

239 967 378 1001 autem
404 961 465 1001 sui
494 974 631 1001 sensus
659 962 871 1012 Ioannem,
904 975 1028 1014 quem
1060 961 1300 1013 episcopum
1317 960 1395 999 CP.
1423 959 1534 1009 fecit,
1564 958 1700 1022 depo-

238 1017 317 1058 sito
349 1018 460 1073 Cyro
503 1016 717 1071 praesule,
759 1032 882 1071 quem
915 1022 956 1055 et
987 1016 1105 1056 exilio
1145 1015 1384 1069 relegavit
1374 1030 1416 1055 ln
1445 1015 1699 1056 monasterio

241 1074 408 1125 Charas,
436 1073 738 1128 Nicolaumque
768 1074 990 1113 diaconum
1020 1074 1195 1112 calicum
1210 1072 1360 1124 effecit,
1385 1072 1458 1127 qui
1488 1086 1583 1112 cum
1613 1086 1701 1111 mc-

239 1105 408 1171 dicinali
442 1129 656 1184 disciplina
688 1136 789 1170 esset
817 1129 1014 1182 sophista,
1044 1137 1144 1169 tunc
1175 1134 1369 1184 quaestor
1391 1130 1521 1169 erat.''
1575 1127 1704 1168 Peta-

238 1187 294 1227 vii
323 1188 506 1228 sincerae
537 1186 587 1227 de
621 1186 818 1226 Germani
860 1192 901 1226 et
929 1186 1119 1226 Andreae
1160 1185 1243 1226 fide
1272 1192 1314 1226 et
1345 1183 1576 1225 constantia
1607 1184 1704 1239 0Ρί-

241 1244 352 1284 nioni
385 1244 509 1284 lectio
541 1242 770 1283 istiusmodi
803 1244 974 1293 faveret,
1011 1249 1052 1282 et
1085 1242 1249 1282 rescissa
1277 1241 1407 1282 verba
1437 1257 1459 1281 a
1487 1240 1609 1296 pravi
1638 1241 1699 1280 af-

238 1301 368 1340 fectus
399 1315 482 1340 non
517 1300 679 1340 nemine
718 1299 759 1338 in
784 1299 1048 1353 Theophanis
1093 1304 1249 1338 textum
1281 1299 1441 1339 intrusa
1470 1297 1702 1338 contende-

239 1364 331 1397 ret:
366 1363 406 1396 at
436 1371 529 1407 cum
564 1356 604 1395 in
638 1354 854 1395 adversum
883 1370 991 1394 anno
1010 1355 1242 1396 Constantis
1276 1355 1422 1395 ultimo
1446 1357 1703 1395 Germanum

238 1420 280 1453 et
296 1413 503 1453 Andream
534 1412 829 1453 ecclesiasticae
859 1412 1061 1452 libertatis
1093 1412 1339 1464 desertoies,
1360 1411 1702 1476 cuiNicephoius

237 1469 433 1509 contestis
462 1468 632 1522 accedit,
654 1468 830 1509 edixerit
861 1474 902 1508 et
927 1468 1040 1508 aliud
1070 1468 1122 1508 sit
1149 1468 1318 1508 omnino
1329 1445 1548 1508 Nicolaum
1578 1467 1701 1508 istum

237 1523 319 1565 ἀπὸ
351 1502 707 1576 καυκοδιακόνων,
738 1525 1123 1575 caucodiaeonum‚
1165 1525 1222 1564 ita
1253 1525 1403 1576 dicam,
1434 1525 1631 1575 extitisse,
1661 1529 1704 1564 et

239 1581 607 1631 caucodhconum,
638 1582 721 1621 sive
750 1582 924 1622 calicum
958 1581 1181 1621 diaconum
1211 1587 1402 1622 recenter
1431 1581 1620 1622 institui:
1651 1580 1703 1620 ab

238 1637 451 1677 Anastasio
495 1638 620 1677 verba
666 1646 895 1679 memorata
937 1638 1037 1677 mihi
1079 1638 1218 1692 potius
1261 1638 1501 1678 iudicantur
1540 1637 1703 1688 omissa,

240 1707 367 1747 quam
397 1708 418 1732 a
447 1700 701 1747 corruptore
722 1695 761 1733 in
783 1695 973 1750 Theoph.
1003 1701 1161 1734 textum
1190 1694 1365 1748 maligne
1396 1694 1584 1734 immissa.
1617 1693 1705 1733 dia-

241 1763 394 1788 conum
425 1749 598 1789 calicum
628 1749 738 1790 dicet
778 1751 878 1791 alius
920 1751 1135 1790 Nicolaum
1182 1752 1223 1790 iu
1256 1751 1424 1791 ecclesia
1456 1751 1704 1802 institutum,

240 1819 332 1844 cum
370 1806 406 1845 ei
440 1805 711 1870 dispertiendi
742 1807 853 1847 inter
880 1807 1044 1861 plebem
1079 1807 1353 1847 Christianam
1383 1807 1582 1847 dominici
1612 1821 1705 1847 san-

239 1862 377 1914 guinis
404 1876 504 1901 cura
536 1863 747 1902 commissa
780 1871 850 1903 est.
891 1877 1115 1903 assererem
1140 1864 1298 1918 utique,
1330 1864 1403 1903 nisi
1436 1869 1566 1903 textus
1594 1862 1704 1902 haud

242 1917 443 1968 vitiandi,
472 1925 512 1957 et
541 1918 739 1959 sincelius
772 1919 1006 1974 exponendi
1026 1918 1208 1959 studium
1237 1921 1287 1960 ab
1320 1920 1436 1960 tricis
1467 1918 1704 1960 huiusmodi

241 1974 420 2015 alienum
453 1990 518 2014 me
549 1975 717 2016 faceret.

351 2052 560 2093 Ibid.13.
629 2049 954 2108 χαρτόφυλακα]
1004 2055 1195 2095 ecclesiae
1237 2055 1337 2095 iuris
1378 2054 1547 2096 dicundi
1576 2070 1704 2110 prae-

239 2110 407 2159 fectum,
442 2115 482 2150 et
525 2109 761 2149 tabularum
803 2111 887 2150 eius
932 2112 1173 2164 custodem,
1206 2113 1246 2152 in
1281 2113 1414 2153 dubiis
1445 2112 1705 2167 quaestioni..

240 2167 316 2206 bus
345 2166 548 2206 solvendis
586 2167 768 2221 plimum
815 2168 1081 2221 patiiarchae
1112 2183 1365 2219 assessorem,
1394 2169 1574 2209 iudicem
1602 2183 1704 2209 vero

240 2224 282 2262 in
326 2222 604 2263 ecclesiasticis
653 2224 843 2264 omnihus
890 2224 1115 2264 secundum
1157 2225 1524 2280 chaltophylacem
1566 2225 1704 2266 existi..

240 2295 327 2319 ma:
361 2287 401 2319 ct
437 2279 555 2333 plura
588 2279 638 2320 (16
661 2281 804 2320 eodem
832 2280 943 2335 apud
971 2281 1240 2337 euchologica
1272 2288 1313 2322 et
1333 2281 1540 2323 Codinum
1572 2282 1678 2337 lego.

358 2363 565 2404 Ibid.15.
623 2360 693 2404 διὰ
726 2364 803 2403 τοῦ
822 2366 955 2405 Φιλέα
984 2380 1044 2413 εις
1072 2362 1117 2406 τὸ
1150 2365 1310 2419 στενόι]
1341 2366 1523 2407 Phileam
1553 2365 1706 2406 ostium

239 2420 407 2460 Thracii
443 2420 670 2488 Bosphori,
714 2421 784 2488 qui
825 2420 996 2473 στενόν,
1039 2423 1234 2463 coniicio
1305 2423 1587 2478 Nicephorus‚
1620 2423 1706 2463 τῶν

240 2472 499 2529 Βουὶγάρων
529 2472 701 2524 ὁπλίτης
735 2472 880 2528 ὅμιλος
909 2475 1078 2532 α’θρόως
1108 2494 1204 2528 τους
1234 2479 1279 2521 ἐν
1307 2480 1365 2538 τῷ
1395 2479 1591 2538 Θρακικῷ
1618 2480 1706 2520 Βο-

239 2530 383 2589 σπόρω
412 2531 625 2580 οἰκοῦντας
654 2533 923 2577 ἐπεισπίπτει.

351 2611 460 2653 Ιῦιᾱ.
493 2610 554 2651 17.
585 2610 955 2663 περαματίζοιτας]
983 2620 1153 2667 portum
1184 2615 1261 2655 CP.
1293 2614 1390 2654 hinc
1418 2614 1513 2655 inde
1541 2613 1708 2656 traiici-

243 2674 369 2709 enies.
427 2667 573 2719 πέραν,
605 2677 714 2708 trans
745 2668 830 2708 CP.
863 2669 996 2709 locum
1026 2672 1258 2711 vocabant:
1290 2667 1528 2723 περάματα,
1564 2670 1705 2711 lintres

243 2723 479 2819 traiszcturis
512 2725 870 2821 achcommodatos,
912 2733 951 2768 et
980 2727 1304 2781 περαματίζειν,
1344 2727 1534 2770 lintribus
1559 2726 1705 2768 huius-

240 2793 308 2821 mo
342 2795 353 2819 1
382 2786 544 2822 tlansve
580 2797 590 2820 1
