<?xml version="1.0" encoding="UTF-8"?>
<!DOCTYPE html PUBLIC "-//W3C//DTD XHTML 1.0 Transitional//EN"
    "http://www.w3.org/TR/xhtml1/DTD/xhtml1-transitional.dtd">
<html xmlns="http://www.w3.org/1999/xhtml" xml:lang="en" lang="en">
 <head>
  <title>
</title>
<meta http-equiv="Content-Type" content="text/html;charset=utf-8" />
  <meta name='ocr-system' content='tesseract 3.04.00' />
  <meta name='ocr-capabilities' content='ocr_page ocr_carea ocr_par ocr_line ocrx_word'/>
</head>
<body>
  <div class='ocr_page' id='page_1' title='image "./corpusscriptorum47niebuoft_0343.png"; bbox 0 0 1728 3184; ppageno 0'>
   <div class='ocr_carea' id='block_1_1' title="bbox 691 193 1522 242">
    <p class='ocr_par' dir='ltr' id='par_1_1' title="bbox 691 193 1522 242">
     <span class='ocr_line' id='line_1_1' title="bbox 691 193 1522 242; baseline -0.001 0"><span class='ocrx_word' id='word_1_1' title='bbox 691 200 890 242; x_wconf 73' lang='lat' dir='ltr'><strong>NOTAE.</strong></span> <span class='ocrx_word' id='word_1_2' title='bbox 1423 193 1522 241; x_wconf 83' lang='lat'>333</span> 
     </span>
    </p>
   </div>
   <div class='ocr_carea' id='block_1_2' title="bbox 53 318 1526 490">
    <p class='ocr_par' dir='ltr' id='par_1_2' title="bbox 53 318 1526 490">
     <span class='ocr_line' id='line_1_2' title="bbox 55 318 1524 390; baseline -0.002 -27"><span class='ocrx_word' id='word_1_3' title='bbox 55 323 207 376; x_wconf 77' lang='lat' dir='ltr'>Syria,</span> <span class='ocrx_word' id='word_1_4' title='bbox 240 320 469 390; x_wconf 63' lang='lat' dir='ltr'>Cilibiaqne</span> <span class='ocrx_word' id='word_1_5' title='bbox 493 321 644 387; x_wconf 75' lang='lat' dir='ltr'>penit.-</span> <span class='ocrx_word' id='word_1_6' title='bbox 665 335 762 390; x_wconf 86' lang='lat' dir='ltr'>qua</span> <span class='ocrx_word' id='word_1_7' title='bbox 795 318 976 360; x_wconf 80' lang='lat' dir='ltr'>lectione</span> <span class='ocrx_word' id='word_1_8' title='bbox 1002 332 1197 385; x_wconf 76' lang='lat' dir='ltr'><strong>praesens</strong></span> <span class='ocrx_word' id='word_1_9' title='bbox 1219 325 1353 360; x_wconf 79' lang='lat' dir='ltr'>textus</span> <span class='ocrx_word' id='word_1_10' title='bbox 1380 333 1524 360; x_wconf 81' lang='lat' dir='ltr'>emen.-</span> 
     </span>
     <span class='ocr_line' id='line_1_3' title="bbox 54 372 1526 431; baseline -0.002 -12"><span class='ocrx_word' id='word_1_11' title='bbox 54 379 226 419; x_wconf 82' lang='lat' dir='ltr'>dandus.</span> <span class='ocrx_word' id='word_1_12' title='bbox 284 375 356 418; x_wconf 77' lang='grc' dir='ltr'>ἐπι</span> <span class='ocrx_word' id='word_1_13' title='bbox 393 378 467 431; x_wconf 77' lang='grc' dir='ltr'>τῆς</span> <span class='ocrx_word' id='word_1_14' title='bbox 493 373 642 429; x_wconf 72' lang='grc' dir='ltr'><strong><em>χώρας</em></strong></span> <span class='ocrx_word' id='word_1_15' title='bbox 665 373 943 428; x_wconf 75' lang='grc' dir='ltr'><strong><em>Ἀντιοχέων,</em></strong></span> <span class='ocrx_word' id='word_1_16' title='bbox 972 375 1046 414; x_wconf 77' lang='grc' dir='ltr'>καί</span> <span class='ocrx_word' id='word_1_17' title='bbox 1078 376 1300 429; x_wconf 79' lang='grc' dir='ltr'><strong><em>Κιλικίας,</em></strong></span> <span class='ocrx_word' id='word_1_18' title='bbox 1329 380 1402 416; x_wconf 84' lang='grc' dir='ltr'>και</span> <span class='ocrx_word' id='word_1_19' title='bbox 1428 372 1526 418; x_wconf 72' lang='grc' dir='ltr'>Κύ-</span> 
     </span>
     <span class='ocr_line' id='line_1_4' title="bbox 53 431 1409 490; baseline -0.003 -15"><span class='ocrx_word' id='word_1_20' title='bbox 53 449 184 490; x_wconf 81' lang='grc' dir='ltr'><strong><em>πρου.</em></strong></span> <span class='ocrx_word' id='word_1_21' title='bbox 243 434 392 490; x_wconf 81' lang='lat' dir='ltr'>Syriae</span> <span class='ocrx_word' id='word_1_22' title='bbox 421 434 578 475; x_wconf 83' lang='lat' dir='ltr'><strong>etenim</strong></span> <span class='ocrx_word' id='word_1_23' title='bbox 605 432 677 474; x_wconf 90' lang='lat' dir='ltr'>cui</span> <span class='ocrx_word' id='word_1_24' title='bbox 706 432 844 473; x_wconf 91' lang='lat' dir='ltr'>vicina</span> <span class='ocrx_word' id='word_1_25' title='bbox 874 431 1017 471; x_wconf 86' lang='lat' dir='ltr'>Cilicia</span> <span class='ocrx_word' id='word_1_26' title='bbox 1045 431 1206 486; x_wconf 79' lang='lat' dir='ltr'>Cyprus</span> <span class='ocrx_word' id='word_1_27' title='bbox 1236 433 1409 473; x_wconf 86' lang='lat' dir='ltr'>adiacet.</span> 
     </span>
    </p>
   </div>
   <div class='ocr_carea' id='block_1_3' title="bbox 55 502 1528 727">
    <p class='ocr_par' dir='ltr' id='par_1_3' title="bbox 55 502 1528 716">
     <span class='ocr_line' id='line_1_5' title="bbox 163 502 1528 559; baseline -0.003 -12"><span class='ocrx_word' id='word_1_28' title='bbox 163 502 338 557; x_wconf 79' lang='lat'><strong>43,11.</strong></span> <span class='ocrx_word' id='word_1_29' title='bbox 395 504 642 555; x_wconf 79' lang='grc' dir='ltr'><strong><em>Δαλιιὰτιος</em></strong></span> <span class='ocrx_word' id='word_1_30' title='bbox 668 504 843 559; x_wconf 77' lang='grc' dir='ltr'>καῖσαρ]</span> <span class='ocrx_word' id='word_1_31' title='bbox 888 517 983 544; x_wconf 89' lang='lat' dir='ltr'>cum</span> <span class='ocrx_word' id='word_1_32' title='bbox 1010 502 1035 543; x_wconf 90' lang='lat'>7</span> <span class='ocrx_word' id='word_1_33' title='bbox 1076 502 1156 543; x_wconf 84' lang='lat' dir='ltr'>kal.</span> <span class='ocrx_word' id='word_1_34' title='bbox 1198 503 1353 544; x_wconf 86' lang='lat' dir='ltr'>Octoh.</span> <span class='ocrx_word' id='word_1_35' title='bbox 1386 518 1528 544; x_wconf 88' lang='lat' dir='ltr'>caesa—</span> 
     </span>
     <span class='ocr_line' id='line_1_6' title="bbox 55 559 1526 612; baseline -0.001 -10"><span class='ocrx_word' id='word_1_36' title='bbox 55 578 144 604; x_wconf 87' lang='lat' dir='ltr'>rem</span> <span class='ocrx_word' id='word_1_37' title='bbox 174 562 376 604; x_wconf 82' lang='lat' dir='ltr'>effectum&#39;</span> <span class='ocrx_word' id='word_1_38' title='bbox 380 562 528 602; x_wconf 86' lang='lat' dir='ltr'>chron.</span> <span class='ocrx_word' id='word_1_39' title='bbox 552 561 747 603; x_wconf 79' lang='lat' dir='ltr'><strong>Alexand.</strong></span> <span class='ocrx_word' id='word_1_40' title='bbox 780 566 974 611; x_wconf 82' lang='lat' dir='ltr'>testetur,</span> <span class='ocrx_word' id='word_1_41' title='bbox 1008 574 1136 599; x_wconf 88' lang='lat' dir='ltr'>annus</span> <span class='ocrx_word' id='word_1_42' title='bbox 1164 559 1234 599; x_wconf 88' lang='lat' dir='ltr'>hic</span> <span class='ocrx_word' id='word_1_43' title='bbox 1263 559 1315 600; x_wconf 81' lang='grc'><strong>29</strong></span> <span class='ocrx_word' id='word_1_44' title='bbox 1334 561 1526 612; x_wconf 85' lang='lat' dir='ltr'>Iulianus,</span> 
     </span>
     <span class='ocr_line' id='line_1_7' title="bbox 56 616 1528 675; baseline -0.001 -16"><span class='ocrx_word' id='word_1_45' title='bbox 56 634 140 659; x_wconf 92' lang='lat' dir='ltr'>non</span> <span class='ocrx_word' id='word_1_46' title='bbox 175 633 262 675; x_wconf 91' lang='lat' dir='ltr'>quo</span> <span class='ocrx_word' id='word_1_47' title='bbox 294 620 400 659; x_wconf 90' lang='lat' dir='ltr'>solet</span> <span class='ocrx_word' id='word_1_48' title='bbox 428 625 579 659; x_wconf 81' lang='lat' dir='ltr'>auctor</span> <span class='ocrx_word' id='word_1_49' title='bbox 603 618 679 668; x_wconf 88' lang='lat' dir='ltr'>uti,</span> <span class='ocrx_word' id='word_1_50' title='bbox 710 632 732 657; x_wconf 82' lang='lat' dir='ltr'>a</span> <span class='ocrx_word' id='word_1_51' title='bbox 755 616 993 672; x_wconf 84' lang='lat' dir='ltr'>Septembri</span> <span class='ocrx_word' id='word_1_52' title='bbox 1017 616 1168 656; x_wconf 87' lang='lat' dir='ltr'>ducens</span> <span class='ocrx_word' id='word_1_53' title='bbox 1199 616 1375 656; x_wconf 86' lang='lat' dir='ltr'>initium.</span> <span class='ocrx_word' id='word_1_54' title='bbox 1432 618 1528 657; x_wconf 83' lang='lat' dir='ltr'>alias</span> 
     </span>
     <span class='ocr_line' id='line_1_8' title="bbox 55 674 799 727; baseline -0.004 -11"><span class='ocrx_word' id='word_1_55' title='bbox 55 676 290 716; x_wconf 83' lang='lat' dir='ltr'><strong>chronicon</strong></span> <span class='ocrx_word' id='word_1_56' title='bbox 321 675 579 716; x_wconf 84' lang='lat' dir='ltr'>tricesimum</span> <span class='ocrx_word' id='word_1_57' title='bbox 609 674 799 727; x_wconf 77' lang='lat' dir='ltr'><strong>assignat.</strong></span> 
     </span>
    </p>
   </div>
   <div class='ocr_carea' id='block_1_4' title="bbox 51 741 1532 973">
    <p class='ocr_par' dir='ltr' id='par_1_4' title="bbox 51 741 1532 973">
     <span class='ocr_line' id='line_1_9' title="bbox 167 741 1529 812; baseline -0.001 -24"><span class='ocrx_word' id='word_1_58' title='bbox 167 747 274 789; x_wconf 85' lang='lat' dir='ltr'>Ibid</span> <span class='ocrx_word' id='word_1_59' title='bbox 319 745 592 800; x_wconf 75' lang='grc' dir='ltr'><strong><em>Καλόκαιρος</em></strong></span> <span class='ocrx_word' id='word_1_60' title='bbox 620 746 667 787; x_wconf 75' lang='grc' dir='ltr'>δὲ</span> <span class='ocrx_word' id='word_1_61' title='bbox 698 748 743 788; x_wconf 76' lang='grc' dir='ltr'>ἐν</span> <span class='ocrx_word' id='word_1_62' title='bbox 762 741 946 802; x_wconf 79' lang='grc' dir='ltr'><strong><em>Κύπριῦ]</em></strong></span> <span class='ocrx_word' id='word_1_63' title='bbox 977 746 1255 812; x_wconf 84' lang='lat' dir='ltr'>Hieronymus</span> <span class='ocrx_word' id='word_1_64' title='bbox 1285 747 1447 800; x_wconf 89' lang='lat' dir='ltr'>pariter</span> <span class='ocrx_word' id='word_1_65' title='bbox 1478 747 1529 787; x_wconf 86' lang='lat' dir='ltr'>ad</span> 
     </span>
     <span class='ocr_line' id='line_1_10' title="bbox 56 786 1531 859; baseline -0.001 -14"><span class='ocrx_word' id='word_1_66' title='bbox 56 803 232 845; x_wconf 87' lang='lat' dir='ltr'>cundem</span> <span class='ocrx_word' id='word_1_67' title='bbox 265 786 533 844; x_wconf 84' lang='lat' dir='ltr'>Constantini</span> <span class='ocrx_word' id='word_1_68' title='bbox 559 819 712 844; x_wconf 85' lang='lat' dir='ltr'>annum</span> <span class='ocrx_word' id='word_1_69' title='bbox 746 802 799 843; x_wconf 97' lang='grc'><strong>29</strong></span> <span class='ocrx_word' id='word_1_70' title='bbox 841 803 1072 854; x_wconf 77' lang='lat' dir='ltr'>calocerus,</span> <span class='ocrx_word' id='word_1_71' title='bbox 1119 803 1279 857; x_wconf 89' lang='lat' dir='ltr'>inquit,</span> <span class='ocrx_word' id='word_1_72' title='bbox 1308 804 1352 844; x_wconf 86' lang='lat' dir='ltr'>in</span> <span class='ocrx_word' id='word_1_73' title='bbox 1396 803 1531 859; x_wconf 81' lang='lat' dir='ltr'>Cypro</span> 
     </span>
     <span class='ocr_line' id='line_1_11' title="bbox 53 860 1531 916; baseline -0.003 -15"><span class='ocrx_word' id='word_1_74' title='bbox 53 877 116 901; x_wconf 79' lang='lat' dir='ltr'>res</span> <span class='ocrx_word' id='word_1_75' title='bbox 143 875 271 901; x_wconf 84' lang='lat' dir='ltr'>novas</span> <span class='ocrx_word' id='word_1_76' title='bbox 300 861 475 911; x_wconf 84' lang='lat' dir='ltr'>molitus,</span> <span class='ocrx_word' id='word_1_77' title='bbox 500 861 763 916; x_wconf 76' lang='lat' dir='ltr'><strong><em>opprimitur.</em></strong></span> <span class='ocrx_word' id='word_1_78' title='bbox 793 860 981 900; x_wconf 79' lang='lat' dir='ltr'>Aurelius</span> <span class='ocrx_word' id='word_1_79' title='bbox 1003 860 1166 900; x_wconf 81' lang='lat' dir='ltr'><strong>Victor.</strong></span> <span class='ocrx_word' id='word_1_80' title='bbox 1191 860 1406 900; x_wconf 77' lang='lat' dir='ltr'>calocerus</span> <span class='ocrx_word' id='word_1_81' title='bbox 1434 876 1531 900; x_wconf 84' lang='lat' dir='ltr'>ma-</span> 
     </span>
     <span class='ocr_line' id='line_1_12' title="bbox 51 917 1532 973; baseline 0 -17"><span class='ocrx_word' id='word_1_82' title='bbox 51 918 176 972; x_wconf 63' lang='lat' dir='ltr'>gislei·</span> <span class='ocrx_word' id='word_1_83' title='bbox 197 918 357 973; x_wconf 80' lang='lat' dir='ltr'>pecoris</span> <span class='ocrx_word' id='word_1_84' title='bbox 374 917 633 968; x_wconf 78' lang='lat' dir='ltr'>camelorum,</span> <span class='ocrx_word' id='word_1_85' title='bbox 658 918 835 972; x_wconf 79' lang='lat' dir='ltr'>Cypram</span> <span class='ocrx_word' id='word_1_86' title='bbox 864 917 1035 957; x_wconf 80' lang='lat' dir='ltr'>insulam</span> <span class='ocrx_word' id='word_1_87' title='bbox 1063 929 1195 970; x_wconf 75' lang='lat' dir='ltr'>specle</span> <span class='ocrx_word' id='word_1_88' title='bbox 1226 920 1343 971; x_wconf 83' lang='lat' dir='ltr'>regni</span> <span class='ocrx_word' id='word_1_89' title='bbox 1369 917 1532 957; x_wconf 83' lang='lat' dir='ltr'>demens</span> 
     </span>
    </p>
   </div>
   <div class='ocr_carea' id='block_1_5' title="bbox 54 949 1531 1078">
    <p class='ocr_par' dir='ltr' id='par_1_5' title="bbox 54 949 1531 1078">
     <span class='ocr_line' id='line_1_13' title="bbox 54 949 1531 1030; baseline -0.001 -15"><span class='ocrx_word' id='word_1_90' title='bbox 54 975 352 1029; x_wconf 80' lang='lat' dir='ltr'>capessiverat·</span> <span class='ocrx_word' id='word_1_91' title='bbox 396 987 477 1030; x_wconf 81' lang='lat' dir='ltr'>quo</span> <span class='ocrx_word' id='word_1_92' title='bbox 518 949 780 1021; x_wconf 69' lang='lat' dir='ltr'>excriaeiato,</span> <span class='ocrx_word' id='word_1_93' title='bbox 816 981 859 1012; x_wconf 86' lang='lat' dir='ltr'>ut</span> <span class='ocrx_word' id='word_1_94' title='bbox 885 974 970 1025; x_wconf 82' lang='lat' dir='ltr'>fas</span> <span class='ocrx_word' id='word_1_95' title='bbox 999 982 1103 1022; x_wconf 79' lang='lat' dir='ltr'>erat,</span> <span class='ocrx_word' id='word_1_96' title='bbox 1130 973 1274 1012; x_wconf 72' lang='lat' dir='ltr'>servili</span> <span class='ocrx_word' id='word_1_97' title='bbox 1301 982 1375 1013; x_wconf 78' lang='lat' dir='ltr'>auc</span> <span class='ocrx_word' id='word_1_98' title='bbox 1400 973 1531 1013; x_wconf 74' lang='lat' dir='ltr'>latro—-</span> 
     </span>
     <span class='ocr_line' id='line_1_14' title="bbox 57 1028 1531 1078; baseline -0.001 -8"><span class='ocrx_word' id='word_1_99' title='bbox 57 1044 150 1070; x_wconf 84' lang='lat' dir='ltr'>num</span> <span class='ocrx_word' id='word_1_100' title='bbox 180 1044 292 1070; x_wconf 76' lang='lat' dir='ltr'>more</span> <span class='ocrx_word' id='word_1_101' title='bbox 321 1035 402 1070; x_wconf 82' lang='lat' dir='ltr'>etc.</span> <span class='ocrx_word' id='word_1_102' title='bbox 446 1028 595 1070; x_wconf 85' lang='lat' dir='ltr'>eodem</span> <span class='ocrx_word' id='word_1_103' title='bbox 626 1043 735 1069; x_wconf 85' lang='lat' dir='ltr'>anno</span> <span class='ocrx_word' id='word_1_104' title='bbox 764 1029 968 1069; x_wconf 83' lang='lat' dir='ltr'>extinctus</span> <span class='ocrx_word' id='word_1_105' title='bbox 1010 1044 1032 1069; x_wconf 85' lang='lat' dir='ltr'>a</span> <span class='ocrx_word' id='word_1_106' title='bbox 1063 1028 1290 1078; x_wconf 88' lang='lat' dir='ltr'>Dalmatio,</span> <span class='ocrx_word' id='word_1_107' title='bbox 1319 1043 1415 1069; x_wconf 92' lang='lat' dir='ltr'>cum</span> <span class='ocrx_word' id='word_1_108' title='bbox 1445 1029 1531 1069; x_wconf 85' lang='lat' dir='ltr'>eius</span> 
     </span>
    </p>
   </div>
   <div class='ocr_carea' id='block_1_6' title="bbox 54 1085 1535 1365">
    <p class='ocr_par' dir='ltr' id='par_1_6' title="bbox 54 1085 1535 1365">
     <span class='ocr_line' id='line_1_15' title="bbox 56 1085 1532 1141; baseline 0 -16"><span class='ocrx_word' id='word_1_109' title='bbox 56 1086 258 1127; x_wconf 85' lang='lat' dir='ltr'>virtutem</span> <span class='ocrx_word' id='word_1_110' title='bbox 295 1086 523 1140; x_wconf 85' lang='lat' dir='ltr'>probatam</span> <span class='ocrx_word' id='word_1_111' title='bbox 570 1086 832 1141; x_wconf 81' lang='lat' dir='ltr'>reliquisset,</span> <span class='ocrx_word' id='word_1_112' title='bbox 866 1085 1171 1134; x_wconf 87' lang='lat' dir='ltr'>Constantino,</span> <span class='ocrx_word' id='word_1_113' title='bbox 1200 1091 1247 1126; x_wconf 87' lang='lat' dir='ltr'>ut</span> <span class='ocrx_word' id='word_1_114' title='bbox 1275 1086 1532 1126; x_wconf 87' lang='lat' dir='ltr'>Dalmatium</span> 
     </span>
     <span class='ocr_line' id='line_1_16' title="bbox 54 1141 1532 1196; baseline 0 -14"><span class='ocrx_word' id='word_1_115' title='bbox 54 1157 262 1183; x_wconf 80' lang='lat' dir='ltr'>caesarem</span> <span class='ocrx_word' id='word_1_116' title='bbox 303 1148 491 1193; x_wconf 81' lang='lat' dir='ltr'>crearet,</span> <span class='ocrx_word' id='word_1_117' title='bbox 533 1141 615 1182; x_wconf 91' lang='lat' dir='ltr'>hoc</span> <span class='ocrx_word' id='word_1_118' title='bbox 652 1157 761 1182; x_wconf 85' lang='lat' dir='ltr'>anno</span> <span class='ocrx_word' id='word_1_119' title='bbox 803 1143 1070 1196; x_wconf 86' lang='lat' dir='ltr'>propositum</span> <span class='ocrx_word' id='word_1_120' title='bbox 1103 1147 1144 1182; x_wconf 88' lang='lat' dir='ltr'>et</span> <span class='ocrx_word' id='word_1_121' title='bbox 1186 1141 1371 1181; x_wconf 91' lang='lat' dir='ltr'>animum</span> <span class='ocrx_word' id='word_1_122' title='bbox 1401 1143 1532 1182; x_wconf 78' lang='lat' dir='ltr'>dedit.</span> 
     </span>
     <span class='ocr_line' id='line_1_17' title="bbox 56 1197 1533 1253; baseline 0.001 -15"><span class='ocrx_word' id='word_1_123' title='bbox 56 1198 288 1239; x_wconf 80' lang='lat' dir='ltr'>Dalmatius</span> <span class='ocrx_word' id='word_1_124' title='bbox 321 1205 462 1239; x_wconf 84' lang='lat' dir='ltr'>autem</span> <span class='ocrx_word' id='word_1_125' title='bbox 491 1198 652 1238; x_wconf 90' lang='lat' dir='ltr'>nonnisi</span> <span class='ocrx_word' id='word_1_126' title='bbox 685 1198 946 1238; x_wconf 81' lang='lat' dir='ltr'>Constantini</span> <span class='ocrx_word' id='word_1_127' title='bbox 976 1197 1272 1239; x_wconf 82' lang='lat' dir='ltr'>tricennalibus</span> <span class='ocrx_word' id='word_1_128' title='bbox 1303 1198 1533 1253; x_wconf 80' lang='lat' dir='ltr'>appellatus</span> 
     </span>
     <span class='ocr_line' id='line_1_18' title="bbox 58 1254 1534 1310; baseline 0 -15"><span class='ocrx_word' id='word_1_129' title='bbox 58 1262 118 1295; x_wconf 88' lang='lat' dir='ltr'>est</span> <span class='ocrx_word' id='word_1_130' title='bbox 143 1268 306 1306; x_wconf 89' lang='lat' dir='ltr'>caesar,</span> <span class='ocrx_word' id='word_1_131' title='bbox 334 1260 438 1296; x_wconf 87' lang='lat' dir='ltr'>teste</span> <span class='ocrx_word' id='word_1_132' title='bbox 468 1255 741 1310; x_wconf 76' lang='lat' dir='ltr'>Hieronymo,</span> <span class='ocrx_word' id='word_1_133' title='bbox 770 1254 1182 1308; x_wconf 84' lang='lat' dir='ltr'>Constantinopolim</span> <span class='ocrx_word' id='word_1_134' title='bbox 1211 1255 1408 1295; x_wconf 88' lang='lat' dir='ltr'>nimirum</span> <span class='ocrx_word' id='word_1_135' title='bbox 1437 1270 1534 1295; x_wconf 90' lang='lat' dir='ltr'>cum</span> 
     </span>
     <span class='ocr_line' id='line_1_19' title="bbox 57 1311 1535 1365; baseline 0.001 -14"><span class='ocrx_word' id='word_1_136' title='bbox 57 1311 222 1352; x_wconf 86' lang='lat' dir='ltr'>victore</span> <span class='ocrx_word' id='word_1_137' title='bbox 242 1311 427 1352; x_wconf 85' lang='lat' dir='ltr'>exercitu</span> <span class='ocrx_word' id='word_1_138' title='bbox 458 1325 663 1362; x_wconf 89' lang='lat' dir='ltr'>reversus,</span> <span class='ocrx_word' id='word_1_139' title='bbox 683 1319 727 1352; x_wconf 90' lang='lat' dir='ltr'>ut</span> <span class='ocrx_word' id='word_1_140' title='bbox 759 1311 944 1365; x_wconf 76' lang='lat' dir='ltr'>suggerit</span> <span class='ocrx_word' id='word_1_141' title='bbox 960 1311 1152 1352; x_wconf 87' lang='lat' dir='ltr'>Aurelius</span> <span class='ocrx_word' id='word_1_142' title='bbox 1168 1311 1330 1351; x_wconf 86' lang='lat' dir='ltr'>Victor.</span> <span class='ocrx_word' id='word_1_143' title='bbox 1369 1313 1535 1364; x_wconf 73' lang='lat' dir='ltr'>fratris·</span> 
     </span>
    </p>
   </div>
   <div class='ocr_carea' id='block_1_7' title="bbox 38 1367 1531 1465">
    <p class='ocr_par' dir='ltr' id='par_1_7' title="bbox 38 1367 1531 1465">
     <span class='ocr_line' id='line_1_20' title="bbox 38 1367 1531 1424; baseline 0.001 -17"><span class='ocrx_word' id='word_1_144' title='bbox 38 1369 223 1424; x_wconf 84' lang='lat' dir='ltr'>filium,·</span> <span class='ocrx_word' id='word_1_145' title='bbox 245 1370 316 1407; x_wconf 84' lang='lat' dir='ltr'>cui</span> <span class='ocrx_word' id='word_1_146' title='bbox 348 1382 405 1408; x_wconf 78' lang='lat' dir='ltr'>ex</span> <span class='ocrx_word' id='word_1_147' title='bbox 441 1377 558 1420; x_wconf 80' lang='lat' dir='ltr'>patre</span> <span class='ocrx_word' id='word_1_148' title='bbox 595 1367 804 1408; x_wconf 83' lang='lat' dir='ltr'>Dalmatio</span> <span class='ocrx_word' id='word_1_149' title='bbox 834 1382 982 1407; x_wconf 85' lang='lat' dir='ltr'>nomen</span> <span class='ocrx_word' id='word_1_150' title='bbox 1003 1369 1123 1421; x_wconf 82' lang='lat' dir='ltr'>fuit,</span> <span class='ocrx_word' id='word_1_151' title='bbox 1166 1381 1374 1408; x_wconf 79' lang='lat' dir='ltr'>caesarem</span> <span class='ocrx_word' id='word_1_152' title='bbox 1404 1369 1531 1419; x_wconf 84' lang='lat' dir='ltr'>iussit,</span> 
     </span>
     <span class='ocr_line' id='line_1_21' title="bbox 56 1424 791 1465; baseline -0.001 0"><span class='ocrx_word' id='word_1_153' title='bbox 56 1424 326 1465; x_wconf 76' lang='lat' dir='ltr'>assistentibus</span> <span class='ocrx_word' id='word_1_154' title='bbox 355 1424 499 1464; x_wconf 78' lang='lat' dir='ltr'>valide</span> <span class='ocrx_word' id='word_1_155' title='bbox 525 1425 791 1465; x_wconf 77' lang='lat' dir='ltr'>militaribus.</span> 
     </span>
    </p>
   </div>
   <div class='ocr_carea' id='block_1_8' title="bbox 58 1492 1534 1665">
    <p class='ocr_par' dir='ltr' id='par_1_8' title="bbox 58 1492 1534 1665">
     <span class='ocr_line' id='line_1_22' title="bbox 168 1492 1534 1550; baseline 0 -14"><span class='ocrx_word' id='word_1_156' title='bbox 168 1492 442 1546; x_wconf 81' lang='grc' dir='ltr'><strong>44,1.καί</strong></span> <span class='ocrx_word' id='word_1_157' title='bbox 467 1494 604 1550; x_wconf 80' lang='grc' dir='ltr'><strong><em>ἐφάνη</em></strong></span> <span class='ocrx_word' id='word_1_158' title='bbox 634 1494 783 1550; x_wconf 78' lang='grc' dir='ltr'><strong><em>ἀστήρ]</em></strong></span> <span class='ocrx_word' id='word_1_159' title='bbox 811 1496 1043 1550; x_wconf 87' lang='lat' dir='ltr'>Eutropius</span> <span class='ocrx_word' id='word_1_160' title='bbox 1068 1496 1141 1537; x_wconf 88' lang='lat' dir='ltr'>lib.</span> <span class='ocrx_word' id='word_1_161' title='bbox 1174 1495 1239 1538; x_wconf 89' lang='lat'>10.</span> <span class='ocrx_word' id='word_1_162' title='bbox 1296 1496 1534 1537; x_wconf 84' lang='lat' dir='ltr'>denuntiata</span> 
     </span>
     <span class='ocr_line' id='line_1_23' title="bbox 60 1552 1534 1618; baseline 0 -25"><span class='ocrx_word' id='word_1_163' title='bbox 60 1567 168 1594; x_wconf 82' lang='lat' dir='ltr'>mors</span> <span class='ocrx_word' id='word_1_164' title='bbox 194 1554 277 1592; x_wconf 83' lang='lat' dir='ltr'>eins</span> <span class='ocrx_word' id='word_1_165' title='bbox 304 1552 601 1602; x_wconf 88' lang='lat' dir='ltr'>(Constantini)</span> <span class='ocrx_word' id='word_1_166' title='bbox 640 1568 718 1608; x_wconf 75' lang='lat' dir='ltr'>pet·</span> <span class='ocrx_word' id='word_1_167' title='bbox 742 1555 931 1593; x_wconf 82' lang='lat' dir='ltr'>cri&#39;nztam</span> <span class='ocrx_word' id='word_1_168' title='bbox 962 1553 1123 1592; x_wconf 78' lang='lat' dir='ltr'>stellam</span> <span class='ocrx_word' id='word_1_169' title='bbox 1142 1583 1154 1605; x_wconf 85' lang='lat'>,</span> <span class='ocrx_word' id='word_1_170' title='bbox 1183 1565 1291 1618; x_wconf 79' lang='lat' dir='ltr'>qnae</span> <span class='ocrx_word' id='word_1_171' title='bbox 1323 1554 1534 1593; x_wconf 72' lang='lat' dir='ltr'>inusitatae</span> 
     </span>
     <span class='ocr_line' id='line_1_24' title="bbox 58 1606 1506 1665; baseline 0 -16"><span class='ocrx_word' id='word_1_172' title='bbox 58 1609 349 1664; x_wconf 82' lang='lat' dir='ltr'>magni&#39;tudmis</span> <span class='ocrx_word' id='word_1_173' title='bbox 373 1609 621 1665; x_wconf 83' lang='lat' dir='ltr'>aliquandiu</span> <span class='ocrx_word' id='word_1_174' title='bbox 630 1610 772 1662; x_wconf 79' lang='lat' dir='ltr'>fidsit.</span> <span class='ocrx_word' id='word_1_175' title='bbox 827 1623 927 1651; x_wconf 83' lang='lat' dir='ltr'>eam</span> <span class='ocrx_word' id='word_1_176' title='bbox 947 1609 1099 1649; x_wconf 83' lang='lat' dir='ltr'>Graeci</span> <span class='ocrx_word' id='word_1_177' title='bbox 1123 1606 1311 1662; x_wconf 83' lang='grc' dir='ltr'><em>κομήτην</em></span> <span class='ocrx_word' id='word_1_178' title='bbox 1343 1618 1506 1649; x_wconf 85' lang='lat' dir='ltr'>vocant.</span> 
     </span>
    </p>
   </div>
   <div class='ocr_carea' id='block_1_9' title="bbox 60 1675 1534 1850">
    <p class='ocr_par' dir='ltr' id='par_1_9' title="bbox 60 1675 1534 1849">
     <span class='ocr_line' id='line_1_25' title="bbox 171 1675 1534 1734; baseline -0.001 -13"><span class='ocrx_word' id='word_1_179' title='bbox 171 1679 285 1726; x_wconf 83' lang='lat' dir='ltr'><em>Ibid.</em></span> <span class='ocrx_word' id='word_1_180' title='bbox 319 1679 383 1721; x_wconf 82' lang='grc'>13.</span> <span class='ocrx_word' id='word_1_181' title='bbox 442 1677 690 1732; x_wconf 81' lang='grc' dir='ltr'><em>Μάξιμος</em></span> <span class='ocrx_word' id='word_1_182' title='bbox 672 1677 746 1734; x_wconf 80' lang='grc' dir='ltr'>ἐτη</span> <span class='ocrx_word' id='word_1_183' title='bbox 775 1675 852 1734; x_wconf 80' lang='grc' dir='ltr'>κγ]</span> <span class='ocrx_word' id='word_1_184' title='bbox 894 1679 1033 1721; x_wconf 82' lang='lat' dir='ltr'>huic</span> <span class='ocrx_word' id='word_1_185' title='bbox 1022 1696 1062 1721; x_wconf 84' lang='grc' dir='ltr'>ιη</span> <span class='ocrx_word' id='word_1_186' title='bbox 1096 1680 1225 1721; x_wconf 88' lang='lat' dir='ltr'>Palat.</span> <span class='ocrx_word' id='word_1_187' title='bbox 1255 1681 1349 1721; x_wconf 88' lang='lat' dir='ltr'>cod.</span> <span class='ocrx_word' id='word_1_188' title='bbox 1384 1695 1534 1722; x_wconf 90' lang='lat' dir='ltr'>nomen</span> 
     </span>
     <span class='ocr_line' id='line_1_26' title="bbox 60 1736 1533 1793; baseline 0 -16"><span class='ocrx_word' id='word_1_189' title='bbox 60 1736 306 1790; x_wconf 78' lang='grc' dir='ltr'><em>Μακάριος.</em></span> <span class='ocrx_word' id='word_1_190' title='bbox 365 1737 536 1793; x_wconf 87' lang='lat' dir='ltr'>reliquis</span> <span class='ocrx_word' id='word_1_191' title='bbox 567 1738 608 1777; x_wconf 92' lang='lat' dir='ltr'>in</span> <span class='ocrx_word' id='word_1_192' title='bbox 640 1737 762 1778; x_wconf 86' lang='lat' dir='ltr'>codd.</span> <span class='ocrx_word' id='word_1_193' title='bbox 795 1736 937 1777; x_wconf 68' lang='lat' dir='ltr'>anniti</span> <span class='ocrx_word' id='word_1_194' title='bbox 968 1738 1204 1778; x_wconf 83' lang='lat' dir='ltr'>correctius</span> <span class='ocrx_word' id='word_1_195' title='bbox 1225 1738 1533 1779; x_wconf 85' lang='lat' dir='ltr'>attribuuntur.</span> 
     </span>
     <span class='ocr_line' id='line_1_27' title="bbox 62 1794 1201 1850; baseline 0.001 -17"><span class='ocrx_word' id='word_1_196' title='bbox 62 1794 225 1835; x_wconf 82' lang='lat' dir='ltr'>fallaces</span> <span class='ocrx_word' id='word_1_197' title='bbox 256 1794 505 1849; x_wconf 88' lang='lat' dir='ltr'>frequenter</span> <span class='ocrx_word' id='word_1_198' title='bbox 533 1795 831 1849; x_wconf 88' lang='lat' dir='ltr'>episcoporum</span> <span class='ocrx_word' id='word_1_199' title='bbox 864 1794 960 1834; x_wconf 90' lang='lat' dir='ltr'>anni</span> <span class='ocrx_word' id='word_1_200' title='bbox 994 1795 1034 1834; x_wconf 93' lang='lat' dir='ltr'>in</span> <span class='ocrx_word' id='word_1_201' title='bbox 1069 1794 1201 1850; x_wconf 80' lang='lat' dir='ltr'>regio.</span> 
     </span>
    </p>
   </div>
   <div class='ocr_carea' id='block_1_10' title="bbox 62 1862 1540 2258">
    <p class='ocr_par' dir='ltr' id='par_1_10' title="bbox 62 1862 1540 2258">
     <span class='ocr_line' id='line_1_28' title="bbox 170 1862 1536 1923; baseline -0.001 -17"><span class='ocrx_word' id='word_1_202' title='bbox 170 1863 342 1918; x_wconf 83' lang='grc'><strong>48,19.</strong></span> <span class='ocrx_word' id='word_1_203' title='bbox 398 1866 534 1907; x_wconf 79' lang='grc' dir='ltr'><strong><em>ταῦτα</em></strong></span> <span class='ocrx_word' id='word_1_204' title='bbox 565 1866 625 1923; x_wconf 76' lang='grc' dir='ltr'>τῶ</span> <span class='ocrx_word' id='word_1_205' title='bbox 648 1867 885 1922; x_wconf 78' lang='grc' dir='ltr'><strong><em>τριακοστιῦ</em></strong></span> <span class='ocrx_word' id='word_1_206' title='bbox 926 1862 1094 1922; x_wconf 79' lang='grc' dir='ltr'><strong>πρώτῳ]</strong></span> <span class='ocrx_word' id='word_1_207' title='bbox 1135 1881 1242 1922; x_wconf 89' lang='lat' dir='ltr'>quae</span> <span class='ocrx_word' id='word_1_208' title='bbox 1271 1866 1320 1908; x_wconf 87' lang='lat' dir='ltr'>de</span> <span class='ocrx_word' id='word_1_209' title='bbox 1350 1867 1536 1907; x_wconf 87' lang='lat' dir='ltr'>Athana..</span> 
     </span>
     <span class='ocr_line' id='line_1_29' title="bbox 62 1907 1537 1978; baseline 0.002 -18.002"><span class='ocrx_word' id='word_1_210' title='bbox 62 1922 123 1962; x_wconf 87' lang='lat' dir='ltr'>sio</span> <span class='ocrx_word' id='word_1_211' title='bbox 154 1929 196 1963; x_wconf 86' lang='lat' dir='ltr'>et</span> <span class='ocrx_word' id='word_1_212' title='bbox 226 1922 326 1964; x_wconf 83' lang='lat' dir='ltr'>Ario</span> <span class='ocrx_word' id='word_1_213' title='bbox 358 1923 399 1963; x_wconf 88' lang='lat' dir='ltr'>in</span> <span class='ocrx_word' id='word_1_214' title='bbox 428 1937 584 1977; x_wconf 90' lang='lat' dir='ltr'>paucos</span> <span class='ocrx_word' id='word_1_215' title='bbox 617 1937 745 1964; x_wconf 82' lang='lat' dir='ltr'>annos</span> <span class='ocrx_word' id='word_1_216' title='bbox 777 1924 987 1963; x_wconf 84' lang='lat' dir='ltr'>contraxit</span> <span class='ocrx_word' id='word_1_217' title='bbox 1001 1907 1290 1977; x_wconf 84' lang='lat' dir='ltr'>Tlieophancs,</span> <span class='ocrx_word' id='word_1_218' title='bbox 1327 1925 1366 1964; x_wconf 88' lang='lat' dir='ltr'>in</span> <span class='ocrx_word' id='word_1_219' title='bbox 1398 1923 1537 1978; x_wconf 88' lang='lat' dir='ltr'>plures</span> 
     </span>
     <span class='ocr_line' id='line_1_30' title="bbox 64 1979 1536 2045; baseline 0.001 -26"><span class='ocrx_word' id='word_1_220' title='bbox 64 1979 268 2020; x_wconf 76' lang='lat' dir='ltr'>Balonius</span> <span class='ocrx_word' id='word_1_221' title='bbox 299 1979 462 2034; x_wconf 80' lang='lat' dir='ltr'>digerit.</span> <span class='ocrx_word' id='word_1_222' title='bbox 519 1979 588 2020; x_wconf 90' lang='lat' dir='ltr'>hic</span> <span class='ocrx_word' id='word_1_223' title='bbox 618 1995 754 2045; x_wconf 80' lang='lat' dir='ltr'>porro</span> <span class='ocrx_word' id='word_1_224' title='bbox 785 1995 882 2020; x_wconf 90' lang='lat' dir='ltr'>cum</span> <span class='ocrx_word' id='word_1_225' title='bbox 914 1986 1090 2020; x_wconf 87' lang='lat' dir='ltr'>auctore</span> <span class='ocrx_word' id='word_1_226' title='bbox 1110 1981 1198 2020; x_wconf 82' lang='lat' dir='ltr'>Aru</span> <span class='ocrx_word' id='word_1_227' title='bbox 1216 1987 1396 2020; x_wconf 75' lang='lat' dir='ltr'>moxtem</span> <span class='ocrx_word' id='word_1_228' title='bbox 1426 1994 1536 2020; x_wconf 87' lang='lat' dir='ltr'>anno</span> 
     </span>
     <span class='ocr_line' id='line_1_31' title="bbox 62 2035 1538 2102; baseline 0.002 -27"><span class='ocrx_word' id='word_1_229' title='bbox 62 2035 326 2076; x_wconf 86' lang='lat' dir='ltr'>Constantini</span> <span class='ocrx_word' id='word_1_230' title='bbox 354 2037 566 2077; x_wconf 84' lang='lat' dir='ltr'>tricesimo</span> <span class='ocrx_word' id='word_1_231' title='bbox 599 2037 738 2102; x_wconf 90' lang='lat' dir='ltr'>primo</span> <span class='ocrx_word' id='word_1_232' title='bbox 771 2051 818 2077; x_wconf 88' lang='lat' dir='ltr'>ex</span> <span class='ocrx_word' id='word_1_233' title='bbox 849 2037 1025 2077; x_wconf 86' lang='lat' dir='ltr'>Socrate</span> <span class='ocrx_word' id='word_1_234' title='bbox 1065 2036 1282 2091; x_wconf 82' lang='lat' dir='ltr'>consignat</span> <span class='ocrx_word' id='word_1_235' title='bbox 1312 2037 1364 2077; x_wconf 90' lang='lat' dir='ltr'>ad</span> <span class='ocrx_word' id='word_1_236' title='bbox 1394 2053 1458 2077; x_wconf 86' lang='lat' dir='ltr'>an.</span> <span class='ocrx_word' id='word_1_237' title='bbox 1491 2038 1538 2078; x_wconf 86' lang='lat' dir='ltr'>C.</span> 
     </span>
     <span class='ocr_line' id='line_1_32' title="bbox 63 2089 1538 2145; baseline -0.001 -14"><span class='ocrx_word' id='word_1_238' title='bbox 63 2090 146 2132; x_wconf 79' lang='grc'>336</span> <span class='ocrx_word' id='word_1_239' title='bbox 178 2107 288 2131; x_wconf 89' lang='lat' dir='ltr'>num.</span> <span class='ocrx_word' id='word_1_240' title='bbox 320 2090 386 2132; x_wconf 88' lang='grc'>50.</span> <span class='ocrx_word' id='word_1_241' title='bbox 416 2090 664 2144; x_wconf 78' lang='grc' dir='ltr'>τριακοστὸν</span> <span class='ocrx_word' id='word_1_242' title='bbox 707 2092 753 2134; x_wconf 80' lang='grc' dir='ltr'>δὲ</span> <span class='ocrx_word' id='word_1_243' title='bbox 781 2089 871 2140; x_wconf 81' lang='grc' dir='ltr'><strong><em>ἔτος</em></strong></span> <span class='ocrx_word' id='word_1_244' title='bbox 908 2092 984 2144; x_wconf 83' lang='grc' dir='ltr'>τῆς</span> <span class='ocrx_word' id='word_1_245' title='bbox 1009 2093 1231 2145; x_wconf 77' lang='grc' dir='ltr'><strong><em>βασιλείας</em></strong></span> <span class='ocrx_word' id='word_1_246' title='bbox 1264 2092 1538 2134; x_wconf 75' lang='grc' dir='ltr'><em>Κωνσταντί..</em></span> 
     </span>
     <span class='ocr_line' id='line_1_33' title="bbox 64 2144 1540 2204; baseline 0.001 -16"><span class='ocrx_word' id='word_1_247' title='bbox 64 2163 139 2188; x_wconf 91' lang='grc' dir='ltr'>νου</span> <span class='ocrx_word' id='word_1_248' title='bbox 169 2144 330 2188; x_wconf 77' lang='grc' dir='ltr'>τούτων</span> <span class='ocrx_word' id='word_1_249' title='bbox 356 2148 584 2200; x_wconf 79' lang='grc' dir='ltr'><em>γινομένων</em></span> <span class='ocrx_word' id='word_1_250' title='bbox 613 2149 864 2202; x_wconf 79' lang='grc' dir='ltr'><strong><em>ἐπληροῦτο.</em></strong></span> <span class='ocrx_word' id='word_1_251' title='bbox 918 2150 1019 2190; x_wconf 78' lang='lat' dir='ltr'>dum</span> <span class='ocrx_word' id='word_1_252' title='bbox 1057 2150 1162 2190; x_wconf 81' lang='lat' dir='ltr'>haec</span> <span class='ocrx_word' id='word_1_253' title='bbox 1186 2160 1392 2204; x_wconf 78' lang='lat' dir='ltr'>geruntur,</span> <span class='ocrx_word' id='word_1_254' title='bbox 1420 2151 1540 2190; x_wconf 82' lang='lat' dir='ltr'>trice-</span> 
     </span>
     <span class='ocr_line' id='line_1_34' title="bbox 63 2206 1187 2258; baseline 0.002 -14"><span class='ocrx_word' id='word_1_255' title='bbox 63 2219 184 2244; x_wconf 79' lang='lat' dir='ltr'>simus</span> <span class='ocrx_word' id='word_1_256' title='bbox 210 2219 343 2244; x_wconf 82' lang='lat' dir='ltr'>annus</span> <span class='ocrx_word' id='word_1_257' title='bbox 374 2206 490 2258; x_wconf 77' lang='lat' dir='ltr'>regni</span> <span class='ocrx_word' id='word_1_258' title='bbox 516 2206 767 2246; x_wconf 73' lang='lat' dir='ltr'>Constantini</span> <span class='ocrx_word' id='word_1_259' title='bbox 792 2206 857 2246; x_wconf 88' lang='lat' dir='ltr'>ad</span> <span class='ocrx_word' id='word_1_260' title='bbox 881 2207 1037 2246; x_wconf 78' lang='lat' dir='ltr'>exitum</span> <span class='ocrx_word' id='word_1_261' title='bbox 1066 2207 1187 2246; x_wconf 85' lang='lat' dir='ltr'>veni.t</span> 
     </span>
    </p>
   </div>
   <div class='ocr_carea' id='block_1_11' title="bbox 178 2272 1538 2344">
    <p class='ocr_par' dir='ltr' id='par_1_11' title="bbox 178 2272 1538 2344">
     <span class='ocr_line' id='line_1_35' title="bbox 178 2272 1538 2344; baseline 0 -28"><span class='ocrx_word' id='word_1_262' title='bbox 178 2272 246 2326; x_wconf 82' lang='grc'><strong>49,</strong></span> <span class='ocrx_word' id='word_1_263' title='bbox 278 2275 315 2316; x_wconf 89' lang='grc'>2.</span> <span class='ocrx_word' id='word_1_264' title='bbox 374 2290 432 2323; x_wconf 88' lang='grc' dir='ltr'>ως</span> <span class='ocrx_word' id='word_1_265' title='bbox 463 2289 594 2330; x_wconf 84' lang='grc' dir='ltr'><strong><em>φησιν</em></strong></span> <span class='ocrx_word' id='word_1_266' title='bbox 623 2277 831 2342; x_wconf 69' lang='grc' dir='ltr'>Εὐσέβιος</span> <span class='ocrx_word' id='word_1_267' title='bbox 859 2275 1005 2329; x_wconf 86' lang='grc' dir='ltr'>μόνος]</span> <span class='ocrx_word' id='word_1_268' title='bbox 1037 2277 1153 2344; x_wconf 73' lang='lat' dir='ltr'>quod</span> <span class='ocrx_word' id='word_1_269' title='bbox 1180 2279 1435 2333; x_wconf 85' lang='lat' dir='ltr'>scriptorum</span> <span class='ocrx_word' id='word_1_270' title='bbox 1453 2277 1538 2317; x_wconf 91' lang='lat' dir='ltr'>Eu-</span> 
     </span>
    </p>
   </div>
   <div class='ocr_carea' id='block_1_12' title="bbox 65 2329 1540 2445">
    <p class='ocr_par' dir='ltr' id='par_1_12' title="bbox 65 2329 1540 2445">
     <span class='ocr_line' id='line_1_36' title="bbox 66 2329 1540 2400; baseline 0.001 -28"><span class='ocrx_word' id='word_1_271' title='bbox 66 2333 167 2373; x_wconf 82' lang='lat' dir='ltr'>sehii</span> <span class='ocrx_word' id='word_1_272' title='bbox 198 2333 343 2372; x_wconf 87' lang='lat' dir='ltr'>nullibi</span> <span class='ocrx_word' id='word_1_273' title='bbox 366 2338 489 2373; x_wconf 81' lang='lat' dir='ltr'>extat.</span> <span class='ocrx_word' id='word_1_274' title='bbox 513 2329 848 2388; x_wconf 78' lang='grc' dir='ltr'>ἀρειονόφρονας</span> <span class='ocrx_word' id='word_1_275' title='bbox 866 2334 1008 2400; x_wconf 78' lang='lat' dir='ltr'>itaque</span> <span class='ocrx_word' id='word_1_276' title='bbox 1034 2336 1302 2390; x_wconf 83' lang='lat' dir='ltr'>potiusquam</span> <span class='ocrx_word' id='word_1_277' title='bbox 1314 2334 1540 2374; x_wconf 89' lang='lat' dir='ltr'>Eusebium</span> 
     </span>
     <span class='ocr_line' id='line_1_37' title="bbox 65 2388 981 2445; baseline 0.003 -17"><span class='ocrx_word' id='word_1_278' title='bbox 65 2388 149 2430; x_wconf 87' lang='lat' dir='ltr'>hoc</span> <span class='ocrx_word' id='word_1_279' title='bbox 176 2389 385 2443; x_wconf 76' lang='lat' dir='ltr'>sciipsisse</span> <span class='ocrx_word' id='word_1_280' title='bbox 412 2403 505 2443; x_wconf 84' lang='lat' dir='ltr'>pag.</span> <span class='ocrx_word' id='word_1_281' title='bbox 536 2396 734 2445; x_wconf 89' lang='lat' dir='ltr'>sequente</span> <span class='ocrx_word' id='word_1_282' title='bbox 772 2391 981 2431; x_wconf 85' lang='lat' dir='ltr'>asseritur.</span> 
     </span>
    </p>
   </div>
   <div class='ocr_carea' id='block_1_13' title="bbox 66 2458 1542 2854">
    <p class='ocr_par' dir='ltr' id='par_1_13' title="bbox 66 2458 1542 2854">
     <span class='ocr_line' id='line_1_38' title="bbox 176 2458 1539 2518; baseline -0.002 -14"><span class='ocrx_word' id='word_1_283' title='bbox 176 2462 283 2504; x_wconf 84' lang='lat' dir='ltr'>Ibid.</span> <span class='ocrx_word' id='word_1_284' title='bbox 298 2461 338 2502; x_wconf 85' lang='grc'>8.</span> <span class='ocrx_word' id='word_1_285' title='bbox 399 2458 696 2516; x_wconf 82' lang='grc' dir='ltr'><em>Μητροφοῖνην</em></span> <span class='ocrx_word' id='word_1_286' title='bbox 723 2462 950 2503; x_wconf 80' lang='grc' dir='ltr'><strong><em>ἐπίσκοπον</em></strong></span> <span class='ocrx_word' id='word_1_287' title='bbox 978 2464 1144 2518; x_wconf 74' lang='grc' dir='ltr'><strong><em>πρῶτα]</em></strong></span> <span class='ocrx_word' id='word_1_288' title='bbox 1176 2477 1324 2515; x_wconf 80' lang='grc' dir='ltr'><em>πρωτα</em></span> <span class='ocrx_word' id='word_1_289' title='bbox 1348 2463 1539 2517; x_wconf 78' lang='lat' dir='ltr'>primum,</span> 
     </span>
     <span class='ocr_line' id='line_1_39' title="bbox 66 2516 1538 2574; baseline 0.001 -17"><span class='ocrx_word' id='word_1_290' title='bbox 66 2519 142 2558; x_wconf 87' lang='lat' dir='ltr'>sub</span> <span class='ocrx_word' id='word_1_291' title='bbox 188 2516 375 2558; x_wconf 88' lang='lat' dir='ltr'>adverbii</span> <span class='ocrx_word' id='word_1_292' title='bbox 405 2519 570 2570; x_wconf 84' lang='lat' dir='ltr'>forma,</span> <span class='ocrx_word' id='word_1_293' title='bbox 613 2533 696 2558; x_wconf 93' lang='lat' dir='ltr'>non</span> <span class='ocrx_word' id='word_1_294' title='bbox 726 2517 892 2571; x_wconf 77' lang='grc' dir='ltr'>πρῶτον</span> <span class='ocrx_word' id='word_1_295' title='bbox 937 2520 1118 2574; x_wconf 79' lang='lat' dir='ltr'>vulgaris</span> <span class='ocrx_word' id='word_1_296' title='bbox 1162 2520 1244 2558; x_wconf 86' lang='lat' dir='ltr'>iam</span> <span class='ocrx_word' id='word_1_297' title='bbox 1272 2518 1538 2572; x_wconf 85' lang='lat' dir='ltr'>Theophanis</span> 
     </span>
     <span class='ocr_line' id='line_1_40' title="bbox 66 2574 1539 2639; baseline 0 -25"><span class='ocrx_word' id='word_1_298' title='bbox 66 2581 259 2639; x_wconf 79' lang='lat' dir='ltr'>tempore</span> <span class='ocrx_word' id='word_1_299' title='bbox 292 2577 558 2614; x_wconf 88' lang='lat' dir='ltr'>Graecorum</span> <span class='ocrx_word' id='word_1_300' title='bbox 586 2574 724 2630; x_wconf 78' lang='lat' dir='ltr'>lingua</span> <span class='ocrx_word' id='word_1_301' title='bbox 754 2583 942 2629; x_wconf 83' lang='lat' dir='ltr'>usurpat.</span> <span class='ocrx_word' id='word_1_302' title='bbox 1003 2582 1045 2616; x_wconf 91' lang='lat' dir='ltr'>at</span> <span class='ocrx_word' id='word_1_303' title='bbox 1075 2591 1151 2616; x_wconf 90' lang='lat' dir='ltr'>nec</span> <span class='ocrx_word' id='word_1_304' title='bbox 1166 2575 1351 2630; x_wconf 81' lang='lat' dir='ltr'>Byzantii</span> <span class='ocrx_word' id='word_1_305' title='bbox 1379 2574 1539 2629; x_wconf 85' lang='lat' dir='ltr'>primus</span> 
     </span>
     <span class='ocr_line' id='line_1_41' title="bbox 68 2631 1540 2688; baseline -0.001 -16"><span class='ocrx_word' id='word_1_306' title='bbox 68 2631 287 2686; x_wconf 83' lang='lat' dir='ltr'>episcopus</span> <span class='ocrx_word' id='word_1_307' title='bbox 316 2631 631 2685; x_wconf 86' lang='lat' dir='ltr'>Metrophanes,</span> <span class='ocrx_word' id='word_1_308' title='bbox 668 2646 743 2672; x_wconf 92' lang='lat' dir='ltr'>nec</span> <span class='ocrx_word' id='word_1_309' title='bbox 774 2632 1047 2672; x_wconf 86' lang='lat' dir='ltr'>Constantino</span> <span class='ocrx_word' id='word_1_310' title='bbox 1079 2631 1320 2688; x_wconf 83' lang='lat' dir='ltr'>Byzantium</span> <span class='ocrx_word' id='word_1_311' title='bbox 1344 2631 1540 2686; x_wconf 85' lang='lat' dir='ltr'>profecto</span> 
     </span>
     <span class='ocr_line' id='line_1_42' title="bbox 69 2686 1542 2742; baseline 0 -16"><span class='ocrx_word' id='word_1_312' title='bbox 69 2686 111 2726; x_wconf 90' lang='lat' dir='ltr'>in</span> <span class='ocrx_word' id='word_1_313' title='bbox 155 2687 381 2742; x_wconf 87' lang='lat' dir='ltr'>episcopali</span> <span class='ocrx_word' id='word_1_314' title='bbox 427 2688 584 2727; x_wconf 86' lang='lat' dir='ltr'>throno</span> <span class='ocrx_word' id='word_1_315' title='bbox 627 2688 812 2741; x_wconf 86' lang='lat' dir='ltr'>primum</span> <span class='ocrx_word' id='word_1_316' title='bbox 859 2689 996 2740; x_wconf 85' lang='lat' dir='ltr'>sedit,</span> <span class='ocrx_word' id='word_1_317' title='bbox 1041 2689 1212 2742; x_wconf 79' lang='lat' dir='ltr'>inquies·</span> <span class='ocrx_word' id='word_1_318' title='bbox 1283 2687 1335 2727; x_wconf 85' lang='lat' dir='ltr'>ab</span> <span class='ocrx_word' id='word_1_319' title='bbox 1378 2686 1542 2726; x_wconf 85' lang='lat' dir='ltr'>Andrea</span> 
     </span>
     <span class='ocr_line' id='line_1_43' title="bbox 70 2742 1540 2798; baseline 0.001 -17"><span class='ocrx_word' id='word_1_320' title='bbox 70 2742 229 2797; x_wconf 85' lang='lat' dir='ltr'>quippe</span> <span class='ocrx_word' id='word_1_321' title='bbox 270 2743 462 2797; x_wconf 86' lang='lat' dir='ltr'>apostolo</span> <span class='ocrx_word' id='word_1_322' title='bbox 512 2743 562 2783; x_wconf 90' lang='lat' dir='ltr'>ad</span> <span class='ocrx_word' id='word_1_323' title='bbox 591 2744 914 2798; x_wconf 86' lang='lat' dir='ltr'>Metrophanem</span> <span class='ocrx_word' id='word_1_324' title='bbox 958 2745 1140 2785; x_wconf 89' lang='lat' dir='ltr'>muneris</span> <span class='ocrx_word' id='word_1_325' title='bbox 1184 2744 1416 2783; x_wconf 83' lang='lat' dir='ltr'>decessores</span> <span class='ocrx_word' id='word_1_326' title='bbox 1456 2758 1540 2783; x_wconf 92' lang='lat' dir='ltr'>non</span> 
     </span>
     <span class='ocr_line' id='line_1_44' title="bbox 70 2798 1542 2854; baseline 0.001 -16"><span class='ocrx_word' id='word_1_327' title='bbox 70 2812 227 2851; x_wconf 83' lang='lat' dir='ltr'>paucos</span> <span class='ocrx_word' id='word_1_328' title='bbox 263 2800 490 2854; x_wconf 85' lang='lat' dir='ltr'>Nicephori</span> <span class='ocrx_word' id='word_1_329' title='bbox 535 2798 781 2841; x_wconf 84' lang='lat' dir='ltr'>chronicum</span> <span class='ocrx_word' id='word_1_330' title='bbox 811 2802 1090 2851; x_wconf 84' lang='lat' dir='ltr'>breviarium,</span> <span class='ocrx_word' id='word_1_331' title='bbox 1131 2806 1174 2840; x_wconf 89' lang='lat' dir='ltr'>et</span> <span class='ocrx_word' id='word_1_332' title='bbox 1220 2800 1320 2841; x_wconf 86' lang='lat' dir='ltr'>iuris</span> <span class='ocrx_word' id='word_1_333' title='bbox 1350 2803 1542 2841; x_wconf 82' lang='lat' dir='ltr'>Graeco-</span> 
     </span>
    </p>
   </div>
  </div>
 </body>
</html>
