1728 3184
669 220 869 261 NOTAE.
1405 213 1502 259 315

36 335 147 388 nius,
189 336 263 378 sed
303 350 429 390 penes
472 334 789 375 Constantinum
837 333 1068 388 praecipua
1099 340 1192 374 erat
1222 330 1389 388 imperii
1423 347 1504 387 po.-

36 400 169 435 testas.

148 466 214 518 22,
226 463 265 506 9.
323 463 418 504 ἔκκ)
408 464 545 518 ησιάς
575 463 817 517 α’νεγείρων]
848 462 976 502 uelata
995 462 1207 502 Maximini
1236 462 1377 510 caede,
1412 475 1508 501 nar..

36 527 102 562 rat
130 522 234 562 haec
263 521 406 562 eadem
437 521 638 562 Eusebius
667 519 736 560 lib.
757 518 784 560 9
811 533 901 574 cap.
923 518 948 559 9
979 519 1055 558 sub
1086 519 1270 560 initium:
1301 518 1411 560 idem
1439 517 1508 558 hic

39 579 232 634 legendus
263 578 314 619 de
348 579 433 618 vita
464 579 678 618 Constant.
710 576 780 618 lil).
810 576 835 616 2
866 590 957 630 cap.
989 574 1060 614 44.

142 663 257 704 Ibid.
290 661 353 703 10.
413 653 534 709 ουτος
562 657 668 714 πρὸς
707 655 782 701 τὸν
811 657 955 715 νόμον]
999 659 1103 699 haec
1146 658 1220 699 nisi
1263 659 1510 711 correxeris,

36 720 133 759 falsa
161 720 300 759 statim
331 719 578 774 comperies.
636 717 921 759 idololatriam
941 716 1110 757 enimet
1133 714 1378 771 prophanos
1411 716 1512 757 deo..

39 791 135 817 rum
164 776 268 815 ritus
297 775 494 816 tolerasse
527 774 874 824 Constantinum,
909 775 1008 840 quis
1030 772 1313 813 dubitaverit?
1371 773 1512 827 itaque

35 832 120 872 τῶν
149 829 337 873 εἰδωλων
366 829 495 878 ναοὺς
522 833 626 883 vice,
657 826 754 878 τούς
785 827 932 882 ἁγίους
961 828 1116 877 τόπους
1130 828 1397 870 scribendum
1429 844 1512 883 pu-

38 887 219 929 taverim
259 887 424 941 lubens,
454 894 503 928 ut
534 888 602 938 iis,
636 902 743 942 quae
770 886 971 927 Eusebius
1012 885 1062 927 de
1094 886 1179 926 vita
1211 887 1349 926 const.
1383 885 1454 925 lib.
1488 886 1512 925 2

37 959 126 999 cap.
144 943 198 984 40
229 943 500 998 consignavit,
534 950 686 984 aucto1
700 943 976 997 Theophanes
996 944 1246 993 consentire,
1276 941 1389 982 haud
1410 956 1513 982 veio

37 1001 207 1065 leliquis
225 1000 433 1041 historicis
462 999 673 1041 adversari
700 1001 1003 1054 comperiatur.
1062 999 1311 1040 chronicum
1339 998 1516 1039 Alexan..

37 1057 206 1098 drinum
228 1058 280 1098 ad
303 1063 561 1127 praesentem
601 1056 652 1097 14
683 1056 945 1096 Constantini
977 1071 1132 1095 annum
1163 1054 1329 1096 eosdem
1361 1069 1515 1109 sequu-

38 1119 140 1153 tum.
201 1112 345 1168 φωτός
374 1112 575 1179 οὐρανίου
604 1109 711 1153 κατὰ
743 1110 819 1166 τήν
847 1112 1096 1177 οἰκουμένην
1127 1105 1287 1152 α’πασιν
1315 1114 1410 1158 ταῖς
1439 1110 1518 1150 τοῦ

35 1170 225 1224 σωτῆρος
254 1168 596 1221 καταυγάσαντος
614 1170 865 1235 ἐκκλησίαις,
893 1182 954 1216 εις
983 1165 1119 1208 πάντα
1146 1165 1273 1209 τόπον
1299 1168 1382 1208 τῶν
1401 1163 1517 1232 πρὸς

35 1241 117 1265 των
146 1222 361 1277 τυράννων
391 1224 681 1291 εἰρηπομένων
713 1222 851 1277 οἴκων,
880 1225 926 1265 ἐκ
953 1220 1133 1292 βάθρων
1160 1224 1221 1271 εἷς
1252 1218 1363 1274 υψος
1393 1216 1518 1263 ἄπει-

37 1295 111 1334 ρον
131 1282 411 1323 τελεσθέντων
427 1280 480 1320 ου’
500 1278 629 1333 μόνον
657 1281 846 1333 ὲγκαίνια
869 1281 1064 1333 ἐγένοντο,
1086 1276 1196 1320 α’λλὰ
1228 1295 1298 1320 και
1327 1281 1519 1331 βασιλεῖς

36 1338 238 1390 συνεχέσι
262 1341 354 1385 ταῖς
384 1334 489 1388 ὑπὲρ
524 1337 798 1389 Χριστιανῶν
839 1336 1114 1387 νομοθεσίαις
1144 1335 1394 1389 ἐχρήσαντο.
1427 1349 1518 1374 cae-

36 1394 125 1433 lesei
157 1394 312 1434 Chr-isti
335 1396 559 1434 servatoris
588 1395 740 1434 lumine
765 1408 846 1449 pet·
881 1395 1019 1433 orbem
1047 1394 1281 1433 universum
1308 1408 1351 1432 ιη
1381 1405 1518 1432 omnes

39 1452 224 1490 ecclesias
255 1450 398 1498 dilato,
430 1460 468 1490 et
497 1451 735 1504 templorum
759 1465 839 1505 per
875 1460 1073 1502 lyr-annos
1101 1450 1341 1489 deiectorum
1372 1449 1518 1502 ubique

43 1520 73 1546 a
91 1506 379 1560 fiendamentis
407 1507 452 1546 in
480 1507 712 1546 immensam
753 1506 1012 1546 altitudinem
1042 1507 1250 1557 elatorum,
1280 1519 1360 1544 non
1389 1505 1518 1544 solum

37 1564 234 1603 encaenia
272 1563 475 1603 celebrata
504 1572 616 1613 sunt,
647 1563 722 1602 sed
756 1572 795 1602 ec
819 1565 945 1619 impp.
986 1565 1116 1603 etiam
1153 1576 1234 1618 pro
1274 1560 1524 1602 Christianis

40 1620 175 1660 edicta
199 1629 398 1675 perpetua
418 1620 741 1675 promulgarunt.

152 1692 261 1732 Ibid.
297 1691 363 1732 12.
422 1691 747 1742 συνενομοθέτει
775 1691 823 1732 δὲ
851 1692 924 1731 καί
951 1688 1068 1730 αὐτῶ
1082 1690 1293 1745 Κρίσπος]
1325 1690 1519 1744 Crispum

39 1748 122 1788 hoc
151 1763 259 1788 anno
291 1749 507 1789 Caesarem
541 1748 827 1788 renuntiatum
866 1762 914 1788 ex
943 1747 1081 1788 verbis
1112 1747 1196 1786 istis
1225 1747 1391 1802 colligo.
1424 1751 1521 1787 ante

42 1805 191 1845 Licinii
220 1805 427 1860 siquidem
457 1804 616 1845 lethum
660 1804 904 1860 dignitatem
947 1803 1058 1844 illam
1087 1804 1280 1844 sexennio
1311 1809 1520 1844 tenuerat.

42 1862 224 1902 Licinius
255 1876 390 1916 porro
423 1876 531 1901 anno
549 1861 814 1901 Constantini
845 1860 1008 1901 decimo
1042 1875 1155 1901 nono
1176 1860 1384 1900 sublatum
1414 1859 1521 1899 scii-

41 1918 113 1958 bet
146 1925 297 1959 auctor
338 1918 510 1959 inferius
553 1932 601 1958 ex
640 1917 879 1959 huiusmodi
923 1917 1108 1958 Victoris
1149 1917 1389 1958 testimonio
1422 1917 1523 1956 illu-

41 1974 247 2015 strandus.
305 1976 481 2031 ascripti
509 1975 683 2030 imperio
703 1975 928 2015 Caesarum
958 1989 1184 2015 communes
1206 1974 1307 2014 libri
1337 1973 1519 2028 Crispus,

44 2032 397 2087 Constantinusque
425 2032 715 2084 Flaviogeniti,
741 2032 981 2070 chiuianus
1009 2031 1179 2070 chim'o.
1210 2032 1348 2086 ltaque
1374 2045 1522 2069 sexen-

41 2089 110 2126 nio
132 2097 248 2142 post,
287 2095 412 2152 rupta
435 2102 566 2143 pace,
599 2088 714 2145 apud
755 2088 796 2128 T
792 2089 942 2127 lzracas
968 2087 1149 2127 Licinum
1174 2087 1326 2144 pulsus,
1354 2084 1523 2126 Chalce-

41 2144 153 2183 dona
181 2145 372 2183 concessit
399 2153 476 2184 ecc.

157 2214 273 2256 llud.
335 2213 535 2268 δεύτερον
565 2215 611 2255 δὲ
638 2213 945 2270 Χριστιανούς]
980 2215 1056 2255 ista
1084 2215 1250 2269 pariter
1280 2214 1332 2255 ad
1356 2212 1524 2255 Eusebii

41 2277 225 2312 mentem
261 2270 527 2326 intelligenda
557 2272 628 2312 lib.
660 2273 684 2313 2
716 2272 766 2312 de
798 2274 882 2312 vita
902 2274 1045 2315 Const
1077 2287 1169 2327 cap.
1198 2271 1268 2322 43,
1303 2285 1409 2326 quae
1437 2270 1522 2309 Ba·-

44 2329 190 2368 1onius
222 2328 406 2368 illustrat
435 2327 486 2368 ad
519 2327 768 2369 annum324
798 2344 910 2369 num.
929 2325 984 2370 74
1008 2335 1051 2370 et
1069 2344 1184 2385 seqq.
1214 2335 1256 2371 et
1284 2328 1336 2368 ad
1367 2341 1523 2367 annum

44 2384 128 2426 326
163 2400 280 2425 num.
315 2383 383 2424 76.

157 2457 262 2497 [bid.
297 2456 365 2497 15.
423 2456 565 2509 τρίτον
593 2453 670 2504 τὰς
694 2456 962 2510 πασχαλιόυς
992 2456 1070 2497 δύο
1101 2452 1360 2509 ἑβδομάδας]
1393 2458 1524 2494 exstat

43 2512 106 2553 lex
133 2512 287 2553 codicis
326 2512 610 2553 Theodosiani
654 2514 724 2554 lib.
758 2513 783 2553 2
815 2513 867 2554 de
913 2514 1027 2554 feriis
1056 2514 1125 2554 tit.
1154 2512 1182 2553 8
1212 2526 1359 2552 verum
1392 2511 1522 2566 impp.

44 2570 354 2621 Valentiniano,
388 2569 606 2610 Thodosio
640 2577 683 2611 et
712 2570 894 2612 Arcadio
925 2573 971 2611 A.
1004 2574 1049 2611 A.
1086 2572 1130 2609 A.
1162 2569 1356 2623 ascripta.

157 2649 400 2704 23,2.1‹3v
422 2653 470 2694 δὲ
498 2653 642 2723 πῆχυν
664 2653 740 2718 τῆς
764 2652 1056 2723 ἀναβάσεως]
1064 2654 1260 2693 Socrates
1292 2651 1364 2691 lib.
1385 2650 1404 2690 1
1409 2665 1522 2717 cap.

49 2703 113 2750 14.
143 2708 346 2762 λεγόντων
380 2710 427 2750 δὲ
456 2710 540 2750 τῶν
571 2706 786 2778 Ἑλλήνων.
846 2709 902 2758 ὥς
925 2725 1008 2763 αρα
1034 2707 1056 2749 ὅ
1089 2706 1281 2760 Σάραπις
1307 2704 1392 2772 εἴη
1402 2702 1423 2746 ὅ
1451 2721 1526 2748 τον

46 2765 203 2804 Νεῖλον
222 2765 390 2820 α’νάγων
418 2765 491 2806 ε’πί
507 2764 659 2822 α’ρδεία
686 2767 760 2819 τῆς
791 2764 1019 2819 Αἰγύπτου
1048 2765 1107 2821 τιῦ
1131 2778 1192 2811 εις
1219 2761 1294 2804 τὸν
1319 2759 1422 2803 ναὸν
1449 2762 1526 2804 τοῦ

44 2818 288 2875 Σαράπιδος
313 2822 593 2875 κομιζεσθαι
653 2823 974 2871 Κωνσταντῖνυς
1007 2822 1069 2868 εις
1079 2805 1169 2875 τὴν
1196 2817 1419 2875 ἐκκλησιαν
1449 2817 1524 2860 τὸν
