1728 3184
189 186 286 235 352
692 188 747 230 ΙΝ
787 185 1160 232 THEOPHANEM

189 311 366 352 Valente
407 321 512 349 coss.
542 322 564 348 a
597 306 737 363 primo
781 309 862 349 iam
893 323 1042 350 eorum
1069 309 1235 363 imperii
1266 323 1375 349 anno
1405 309 1667 366 Procopium

190 369 242 409 ab
271 367 328 407 eis
358 365 554 406 defecisse
586 379 649 405 res
669 371 768 405 nota
798 371 871 417 est,
891 373 934 406 et
965 366 1080 406 omni
1109 366 1238 406 dubio
1258 366 1389 407 aliena
1422 367 1532 421 apud
1553 370 1669 407 Mar..

191 423 386 465 cellinum
433 422 502 462 lib.
531 418 609 473 26,
654 422 874 462 Socratem
921 423 990 463 lib.
1013 421 1040 462 4
1070 437 1160 477 cap.
1191 422 1218 462 3
1249 428 1291 464 et
1322 423 1502 464 Idatium
1531 424 1572 463 in
1605 425 1670 464 fa—

190 482 272 522 stis.
332 493 470 519 mense
506 492 677 534 quoque
718 479 958 533 Septembri
1002 481 1232 520 tumultum
1280 480 1332 520 ab
1382 494 1433 521 eo
1474 480 1554 520 CP.
1598 496 1670 521 cx..

190 539 322 578 eitum
356 535 511 576 habent
539 534 664 574 iidem
699 534 875 575 Idatiani
903 535 1010 587 fasti,
1044 541 1085 576 et
1116 536 1167 575 de
1198 551 1247 576 eo
1289 537 1483 577 nuntium
1511 537 1669 577 Valen-

190 601 276 634 tem
310 592 514 646 accepisse
545 606 640 630 cum
671 590 711 631 V
713 593 891 647 aporatis
920 593 1093 632 aestibus
1121 591 1298 632 Ciliciae
1329 595 1420 634 iam
1450 594 1585 632 lenitis
1612 593 1672 633 ad

189 650 441 692 Antiochiae
487 658 748 704 percurreret
773 648 914 702 sedes,
959 649 1040 689 hoc
1070 654 1155 699 est,
1195 649 1365 689 incunte
1394 655 1596 690 autumno
1629 655 1671 690 et

193 706 391 747 Octobris
439 704 581 744 diebus
626 704 918 745 demonstrant
959 705 1190 745 Marcellini
1236 706 1276 745 in
1317 705 1503 747 medium
1549 706 1670 745 allata

191 764 342 805 verba:
374 761 538 801 missum
569 775 739 815 quoque
771 761 812 800 in
847 761 998 801 Gallias
1027 762 1230 816 Procopii
1264 761 1314 802 ad
1331 762 1671 804 Valentinianum

193 826 336 875 caput,
367 819 545 859 instante
573 818 767 872 Lupicini
797 823 840 858 et
872 819 1003 858 Iovini
1030 819 1263 870 consulatu,
1296 818 1338 858 id
1366 826 1438 870 est,
1467 820 1670 859 Gratiano

196 885 237 918 et
263 874 522 930 Dagalaipho
572 888 673 914 coss.
717 888 827 914 anno
860 875 1048 914 Valentis
1093 882 1134 915 et
1166 875 1447 916 Valentiniani
1489 875 1671 917 secundo

192 938 340 973 narrat
370 932 412 971 in
442 930 711 985 sequentibus
739 930 850 970 idem
880 931 1156 971 Marcellinus.
1215 938 1481 987 quapropter
1511 932 1563 973 ad
1594 947 1672 972 an-

195 1005 268 1030 nos
297 989 534 1043 superiores
567 988 857 1026 narrationem
890 987 999 1027 hanc
1030 990 1311 1028 revocandam
1347 994 1500 1029 auctor
1526 989 1674 1029 Theo-

193 1047 362 1102 phane5‚
403 1044 435 1083 si
467 1042 707 1084 mendacem
737 1043 1096 1098 Philostorgium,
1125 1050 1198 1085 aut
1226 1045 1354 1086 alium
1382 1045 1558 1086 similem
1586 1060 1671 1085 non

193 1101 480 1157 exscripsisset,
511 1100 779 1155 significaret.

310 1170 428 1226 87,4.
486 1168 584 1213 τότε
613 1172 687 1213 καί
713 1171 923 1212 Ἐλεὺσιον
956 1168 1025 1213 τὸν
1039 1172 1255 1229 Κυζίκου]
1288 1173 1390 1216 haec
1415 1175 1528 1216 circa
1541 1175 1674 1216 Eleu-

196 1232 300 1272 sium
330 1237 427 1286 post
465 1229 674 1270 devictum
717 1229 979 1284 Procopium
1026 1236 1137 1284 gesta
1179 1245 1289 1270 anno
1334 1233 1518 1274 Valentis
1546 1233 1674 1273 tertio

194 1292 429 1344 potuerunt
454 1285 697 1341 obtingere:
733 1286 874 1340 primo
908 1286 1076 1341 quidem
1106 1287 1370 1343 tyrannidem
1398 1290 1533 1330 movit
1564 1290 1675 1329 Pro-

198 1346 358 1400 copius,
386 1342 568 1383 secundo
599 1349 834 1398 prostratus
867 1343 992 1394 obiit,
1031 1343 1283 1385 duodecimo
1311 1345 1505 1386 kalendas
1540 1346 1676 1395 Iuliam,

193 1403 252 1442 ait
280 1400 510 1441 chronicon
542 1399 895 1440 Alexandrinum:
944 1400 1071 1440 tertio
1115 1401 1244 1455 igitur
1272 1417 1294 1441 a
1323 1403 1563 1456 Septembri
1592 1402 1673 1442 ini-

195 1460 301 1500 tium
334 1457 527 1507 ducente,
561 1456 806 1511 episcopatu
835 1471 919 1497 sese
948 1471 1099 1497 exuere
1129 1457 1273 1511 potuit
1310 1459 1510 1511 Eleusius,
1541 1466 1620 1500 etc.

306 1531 413 1572 Ibid.
452 1528 515 1570 10.
575 1529 717 1582 διῆγεν
750 1526 923 1583 Οὐάλης
965 1525 987 1568 ὅ
1014 1528 1217 1582 βασιλεὺς
1256 1531 1303 1572 ἐν
1332 1529 1672 1585 ῙΙἸαρκιανουηό-

193 1586 279 1643 λει]
310 1587 361 1628 de
390 1601 472 1642 qua
514 1586 780 1626 Marcellinus
824 1586 896 1626 lib.
929 1586 994 1626 27.
1023 1587 1122 1627 dein
1148 1588 1305 1640 Mysia,
1334 1589 1402 1628 ubi
1431 1589 1674 1629 Marciano-

187 1646 298 1701 polis
326 1653 404 1694 est,
448 1658 475 1682 a
502 1657 636 1683 sorore
674 1644 856 1683 Traiani
877 1644 1082 1699 principis
1119 1645 1181 1684 ita
1208 1647 1506 1698 cognominata.
1565 1659 1675 1684 anno

194 1700 363 1755 imperii
411 1700 539 1739 tertio
593 1698 645 1738 ad
684 1715 773 1740 eam
814 1699 1036 1741 Valentem
1078 1700 1119 1739 in
1169 1701 1348 1741 Gotthos
1387 1707 1674 1757 pugnaturum

193 1764 316 1813 parta
360 1755 412 1797 de
453 1756 669 1811 Procopio
713 1756 893 1797 victoria
936 1756 1152 1798 divertisse
1213 1758 1360 1798 scribit
1407 1758 1674 1799 Marcellinus

196 1815 270 1856 lib.
304 1812 369 1854 27.

313 1885 422 1928 Ihid.
448 1884 513 1924 11.
570 1878 747 1936 σεισμὸς
778 1882 826 1925 δὲ
850 1879 1071 1937 γενόμενος
1097 1883 1195 1924 καθ’
1223 1877 1321 1939 ὅλης
1339 1885 1413 1939 τῆς
1441 1883 1533 1939 γῆς]
1564 1899 1673 1924 anno

195 1941 480 1985 Valentiniani
523 1940 693 1995 primo,
735 1940 823 1995 ipso
852 1942 1011 1995 collega
1047 1941 1184 1982 fratre
1209 1942 1386 1982 Valente
1415 1942 1675 1982 consulatum

196 2005 394 2056 gerente,
428 1998 545 2038 illum
583 2002 725 2037 terrae
755 2004 939 2047 motum,
970 2004 1013 2038 et
1054 1997 1329 2039 Alexandriae
1361 1998 1675 2040 inundationem

196 2059 324 2099 visam
352 2056 482 2096 refert
510 2053 745 2094 Ammianus
776 2055 847 2094 lib.
879 2052 945 2094 96.
1003 2053 1057 2093 ad
1103 2055 1249 2094 Iuliani
1279 2062 1472 2111 tempora
1502 2061 1676 2096 revocat

197 2129 289 2156 eam
318 2114 574 2153 Sozomenus
613 2110 684 2150 lib.
718 2109 743 2150 6
785 2125 874 2164 cap.
905 2111 943 2150 2.
1016 2109 1068 2150 ad
1098 2111 1382 2152 Valentiniani
1428 2127 1583 2153 annum
1613 2126 1676 2152 se-

198 2170 384 2213 eundum
415 2172 607 2209 removet
634 2167 936 2222 Hieronymus,
983 2167 1055 2221 qui
1086 2182 1180 2207 cum
1212 2169 1471 2224 Theophane
1501 2169 1676 2209 tertium

197 2245 223 2270 a
253 2225 494 2281 Septembri
535 2223 776 2277 auspicante
825 2239 951 2278 quam
991 2223 1111 2263 facile
1142 2231 1281 2279 potest
1323 2226 1552 2266 conciliari.
1611 2226 1675 2266 le·-

198 2284 356 2340 gendus
390 2281 502 2322 idem
532 2280 812 2336 Hieronymus
845 2281 885 2319 in
903 2280 1125 2321 Hilarionis
1147 2283 1244 2333 vita,
1274 2290 1317 2323 et
1345 2285 1385 2324 in
1417 2283 1559 2324 Isaiam
1583 2296 1674 2336 cap.

201 2342 266 2392 15,
298 2354 461 2380 necnon
486 2336 673 2377 Orosius.
705 2337 899 2376 Socrates
932 2337 1043 2377 inter
1070 2340 1272 2379 tumultus
1305 2355 1327 2379 a
1355 2340 1572 2393 Procopio
1604 2353 1676 2379 ex-

199 2398 346 2439 citatos
389 2403 548 2436 terram
596 2399 711 2433 tanta
753 2394 1016 2434 concussione
1063 2395 1283 2449 agitatam,
1325 2402 1366 2437 et
1407 2411 1523 2436 mare
1565 2395 1676 2436 ultra

198 2453 438 2510 praefinitos
469 2465 656 2491 carceres
689 2450 842 2490 clatum
876 2450 1034 2491 indicat
1068 2451 1182 2492 lib.4
1209 2467 1300 2509 cap.
1331 2451 1371 2505 3,
1393 2453 1576 2494 anterius
1608 2452 1676 2492 ni-

200 2512 356 2552 mirum
389 2523 514 2565 quam
542 2512 688 2547 auctor
716 2506 987 2560 Theophanes
1015 2514 1182 2549 statuat.

311 2581 380 2634 89,
398 2581 443 2622 4.
501 2580 715 2630 πέμπουσι
745 2579 792 2620 δὲ
821 2579 895 2619 καί
922 2576 1028 2632 πρὸς
1049 2581 1274 2637 Λιβὲριον]
1305 2588 1394 2622 acta
1410 2580 1570 2621 Liberii
1604 2595 1674 2619 rc-

200 2640 286 2679 fert
315 2639 481 2679 incaute
508 2636 782 2691 Theophanes
805 2636 854 2675 ad
885 2651 1039 2676 annum
1071 2639 1239 2678 Damasi
1268 2639 1479 2692 pontificis
1494 2638 1676 2678 Romani

205 2694 272 2746 17,
302 2696 446 2736 eadem
474 2693 678 2734 Baronius
708 2693 756 2734 ad
789 2708 942 2733 annum
963 2694 1149 2736 Valentis
1182 2696 1206 2736 2
1238 2695 1390 2736 Christi
1419 2692 1514 2734 365.
1573 2693 1677 2733 haec

203 2759 349 2792 auctor
377 2757 617 2806 opportune
648 2749 700 2791 ad
730 2765 885 2791 annum
903 2751 1087 2792 Valentis
1128 2747 1168 2803 4,
1201 2759 1247 2793 ut
1276 2758 1368 2807 post
1400 2751 1575 2792 alteram
1599 2764 1676 2789 no.-

203 2814 288 2848 tam
318 2808 615 2849 declarabitur.
