<?xml version="1.0" encoding="UTF-8"?>
<!DOCTYPE html PUBLIC "-//W3C//DTD XHTML 1.0 Transitional//EN"
    "http://www.w3.org/TR/xhtml1/DTD/xhtml1-transitional.dtd">
<html xmlns="http://www.w3.org/1999/xhtml" xml:lang="en" lang="en">
 <head>
  <title>
</title>
<meta http-equiv="Content-Type" content="text/html;charset=utf-8" />
  <meta name='ocr-system' content='tesseract 3.04.00' />
  <meta name='ocr-capabilities' content='ocr_page ocr_carea ocr_par ocr_line ocrx_word'/>
</head>
<body>
  <div class='ocr_page' id='page_1' title='image "./corpusscriptorum47niebuoft_0531.png"; bbox 0 0 1728 3184; ppageno 0'>
   <div class='ocr_carea' id='block_1_1' title="bbox 679 177 1506 226">
    <p class='ocr_par' dir='ltr' id='par_1_1' title="bbox 679 177 1506 226">
     <span class='ocr_line' id='line_1_1' title="bbox 679 177 1506 226; baseline 0.002 -2"><span class='ocrx_word' id='word_1_1' title='bbox 679 182 879 224; x_wconf 76' lang='lat' dir='ltr'><strong>NOTAE.</strong></span> <span class='ocrx_word' id='word_1_2' title='bbox 1413 177 1506 226; x_wconf 80' lang='lat'><strong>521</strong></span> 
     </span>
    </p>
   </div>
   <div class='ocr_carea' id='block_1_2' title="bbox 55 293 1515 405">
    <p class='ocr_par' dir='ltr' id='par_1_2' title="bbox 55 293 1515 405">
     <span class='ocr_line' id='line_1_2' title="bbox 142 293 1515 350; baseline 0.001 -13.036"><span class='ocrx_word' id='word_1_3' title='bbox 142 293 281 346; x_wconf 71' lang='lat'><strong>608</strong></span> <span class='ocrx_word' id='word_1_4' title='bbox 294 294 358 336; x_wconf 77' lang='lat' dir='ltr'><strong>ll.</strong></span> <span class='ocrx_word' id='word_1_5' title='bbox 415 295 490 336; x_wconf 70' lang='grc' dir='ltr'><strong><em>καὶ</em></strong></span> <span class='ocrx_word' id='word_1_6' title='bbox 514 295 594 336; x_wconf 76' lang='grc' dir='ltr'><strong>τοῦ</strong></span> <span class='ocrx_word' id='word_1_7' title='bbox 604 298 754 338; x_wconf 78' lang='grc' dir='ltr'><strong><em>στενοῦ</em></strong></span> <span class='ocrx_word' id='word_1_8' title='bbox 779 297 931 350; x_wconf 83' lang='grc' dir='ltr'><strong><em>μίκρον</em></strong></span> <span class='ocrx_word' id='word_1_9' title='bbox 961 294 1228 348; x_wconf 74' lang='grc' dir='ltr'><strong><em>πνεύσαντος]</em></strong></span> <span class='ocrx_word' id='word_1_10' title='bbox 1258 301 1386 341; x_wconf 80' lang='lat' dir='ltr'><strong>borea</strong></span> <span class='ocrx_word' id='word_1_11' title='bbox 1403 300 1515 340; x_wconf 81' lang='lat' dir='ltr'><strong>Pro-</strong></span> 
     </span>
     <span class='ocr_line' id='line_1_3' title="bbox 55 351 191 405; baseline -0.025 -13"><span class='ocrx_word' id='word_1_12' title='bbox 55 351 191 405; x_wconf 79' lang='lat' dir='ltr'><strong>ponti.</strong></span> 
     </span>
    </p>
   </div>
   <div class='ocr_carea' id='block_1_3' title="bbox 58 419 1517 519">
    <p class='ocr_par' dir='ltr' id='par_1_3' title="bbox 58 419 1517 519">
     <span class='ocr_line' id='line_1_4' title="bbox 58 419 1517 519; baseline 0.005 -57"><span class='ocrx_word' id='word_1_13' title='bbox 58 422 279 519; x_wconf 56' lang='lat' dir='ltr'><strong>demoItbid.</strong></span> <span class='ocrx_word' id='word_1_14' title='bbox 295 422 359 463; x_wconf 75' lang='lat'><strong>12.</strong></span> <span class='ocrx_word' id='word_1_15' title='bbox 415 419 439 462; x_wconf 79' lang='grc' dir='ltr'>ὅ</span> <span class='ocrx_word' id='word_1_16' title='bbox 470 420 519 462; x_wconf 77' lang='grc' dir='ltr'><strong>δὲ</strong></span> <span class='ocrx_word' id='word_1_17' title='bbox 539 420 717 477; x_wconf 71' lang='grc' dir='ltr'><strong><em>ειῖσεβὴς</em></strong></span> <span class='ocrx_word' id='word_1_18' title='bbox 745 421 963 474; x_wconf 80' lang='grc' dir='ltr'><strong><em>βασιλεύς]</em></strong></span> <span class='ocrx_word' id='word_1_19' title='bbox 984 425 1068 464; x_wconf 89' lang='lat' dir='ltr'><strong>eius</strong></span> <span class='ocrx_word' id='word_1_20' title='bbox 1098 427 1311 481; x_wconf 79' lang='lat' dir='ltr'><strong>impietate</strong></span> <span class='ocrx_word' id='word_1_21' title='bbox 1329 427 1517 470; x_wconf 81' lang='lat' dir='ltr'><strong>noudum</strong></span> 
     </span>
     <span class='ocr_line' id='line_1_5' title="bbox 199 493 338 517; baseline 0.007 -20"><span class='ocrx_word' id='word_1_22' title='bbox 199 493 221 517; x_wconf 53' lang='lat' dir='ltr'><strong>a</strong></span> <span class='ocrx_word' id='word_1_23' title='bbox 334 495 338 498; x_wconf 22' lang='grc' dir='ltr'><strong>Α</strong></span> 
     </span>
    </p>
   </div>
   <div class='ocr_carea' id='block_1_4' title="bbox 168 542 1436 606">
    <p class='ocr_par' dir='ltr' id='par_1_4' title="bbox 168 542 1436 606">
     <span class='ocr_line' id='line_1_6' title="bbox 168 542 1436 606; baseline 0.004 -17"><span class='ocrx_word' id='word_1_24' title='bbox 168 542 282 590; x_wconf 54' lang='lat' dir='ltr'><strong>ibid.</strong></span> <span class='ocrx_word' id='word_1_25' title='bbox 317 547 383 589; x_wconf 87' lang='lat'><strong>17.</strong></span> <span class='ocrx_word' id='word_1_26' title='bbox 438 545 579 598; x_wconf 82' lang='grc' dir='ltr'><strong><em>ὄξείας</em></strong></span> <span class='ocrx_word' id='word_1_27' title='bbox 604 548 679 589; x_wconf 80' lang='grc' dir='ltr'><strong><em>καί</em></strong></span> <span class='ocrx_word' id='word_1_28' title='bbox 705 549 924 605; x_wconf 86' lang='grc' dir='ltr'><strong><em>πλατείας]</em></strong></span> <span class='ocrx_word' id='word_1_29' title='bbox 955 551 1239 606; x_wconf 77' lang='lat' dir='ltr'>Propontidos</span> <span class='ocrx_word' id='word_1_30' title='bbox 1268 553 1436 595; x_wconf 86' lang='lat' dir='ltr'><strong>insulae.</strong></span> 
     </span>
    </p>
   </div>
   <div class='ocr_carea' id='block_1_5' title="bbox 51 615 1523 1810">
    <p class='ocr_par' dir='ltr' id='par_1_5' title="bbox 51 615 1523 1799">
     <span class='ocr_line' id='line_1_7' title="bbox 162 615 1516 680; baseline 0.001 -17"><span class='ocrx_word' id='word_1_31' title='bbox 162 619 258 671; x_wconf 83' lang='grc'>609,</span> <span class='ocrx_word' id='word_1_32' title='bbox 287 618 328 661; x_wconf 87' lang='grc'><strong>4.</strong></span> <span class='ocrx_word' id='word_1_33' title='bbox 386 615 458 661; x_wconf 75' lang='grc' dir='ltr'><strong>διὰ</strong></span> <span class='ocrx_word' id='word_1_34' title='bbox 488 619 573 660; x_wconf 72' lang='grc' dir='ltr'><strong>τῶν</strong></span> <span class='ocrx_word' id='word_1_35' title='bbox 606 622 843 674; x_wconf 76' lang='grc' dir='ltr'><strong><em>πρεσβειῶν</em></strong></span> <span class='ocrx_word' id='word_1_36' title='bbox 887 623 960 674; x_wconf 75' lang='grc' dir='ltr'><strong>τῆς</strong></span> <span class='ocrx_word' id='word_1_37' title='bbox 1001 621 1125 675; x_wconf 73' lang='grc' dir='ltr'><strong><em>ἁγίας</em></strong></span> <span class='ocrx_word' id='word_1_38' title='bbox 1161 621 1376 680; x_wconf 56' lang='lat' dir='ltr'><strong>aserdan]</strong></span> <span class='ocrx_word' id='word_1_39' title='bbox 1410 626 1516 668; x_wconf 87' lang='lat' dir='ltr'><strong>libe..</strong></span> 
     </span>
     <span class='ocr_line' id='line_1_8' title="bbox 54 676 1518 747; baseline 0.003 -29"><span class='ocrx_word' id='word_1_40' title='bbox 54 682 171 718; x_wconf 84' lang='lat' dir='ltr'><strong>ratae</strong></span> <span class='ocrx_word' id='word_1_41' title='bbox 221 676 334 717; x_wconf 84' lang='lat' dir='ltr'><strong>urbis</strong></span> <span class='ocrx_word' id='word_1_42' title='bbox 376 691 554 716; x_wconf 86' lang='lat' dir='ltr'><strong>annuam</strong></span> <span class='ocrx_word' id='word_1_43' title='bbox 614 678 858 718; x_wconf 83' lang='lat' dir='ltr'><strong>memmiam</strong></span> <span class='ocrx_word' id='word_1_44' title='bbox 908 679 1079 747; x_wconf 77' lang='lat' dir='ltr'>Augusti</span> <span class='ocrx_word' id='word_1_45' title='bbox 1120 680 1187 721; x_wconf 88' lang='lat' dir='ltr'><strong>die</strong></span> <span class='ocrx_word' id='word_1_46' title='bbox 1232 681 1279 720; x_wconf 85' lang='lat'><strong>15</strong></span> <span class='ocrx_word' id='word_1_47' title='bbox 1322 682 1518 723; x_wconf 88' lang='lat' dir='ltr'><strong>ecclesiae</strong></span> 
     </span>
     <span class='ocr_line' id='line_1_9' title="bbox 56 732 1518 799; baseline 0.002 -25"><span class='ocrx_word' id='word_1_48' title='bbox 56 733 259 774; x_wconf 78' lang='lat' dir='ltr'><strong>Graeciae</strong></span> <span class='ocrx_word' id='word_1_49' title='bbox 296 732 448 774; x_wconf 80' lang='lat' dir='ltr'><strong>recolit.</strong></span> <span class='ocrx_word' id='word_1_50' title='bbox 476 734 707 783; x_wconf 83' lang='lat' dir='ltr'><strong>Menaeum‚</strong></span> <span class='ocrx_word' id='word_1_51' title='bbox 738 737 788 788; x_wconf 82' lang='grc' dir='ltr'><strong>τῇ</strong></span> <span class='ocrx_word' id='word_1_52' title='bbox 804 734 914 790; x_wconf 81' lang='grc' dir='ltr'><strong><em>αυ’τῇ</em></strong></span> <span class='ocrx_word' id='word_1_53' title='bbox 943 733 1079 799; x_wconf 77' lang='grc' dir='ltr'><strong><em>ἡμέρα</em></strong></span> <span class='ocrx_word' id='word_1_54' title='bbox 1106 733 1340 788; x_wconf 80' lang='grc' dir='ltr'><strong><em>α’νοίμνησιν</em></strong></span> <span class='ocrx_word' id='word_1_55' title='bbox 1368 751 1518 777; x_wconf 87' lang='grc' dir='ltr'><strong><em>ποιου-</em></strong></span> 
     </span>
     <span class='ocr_line' id='line_1_10' title="bbox 52 777 1519 858; baseline 0.003 -30"><span class='ocrx_word' id='word_1_56' title='bbox 52 802 131 840; x_wconf 78' lang='grc' dir='ltr'><strong>μεν</strong></span> <span class='ocrx_word' id='word_1_57' title='bbox 157 788 231 840; x_wconf 78' lang='grc' dir='ltr'><strong>τῆς</strong></span> <span class='ocrx_word' id='word_1_58' title='bbox 258 788 359 840; x_wconf 80' lang='grc' dir='ltr'><strong><em>περί</em></strong></span> <span class='ocrx_word' id='word_1_59' title='bbox 382 786 495 854; x_wconf 78' lang='grc' dir='ltr'><strong><em>ἡμᾶς</em></strong></span> <span class='ocrx_word' id='word_1_60' title='bbox 528 788 732 858; x_wconf 74' lang='grc' dir='ltr'><strong>μεγίστης</strong></span> <span class='ocrx_word' id='word_1_61' title='bbox 772 777 1088 856; x_wconf 67' lang='grc' dir='ltr'><strong>ἀνυπερβλήτου</strong></span> <span class='ocrx_word' id='word_1_62' title='bbox 1120 792 1443 856; x_wconf 72' lang='grc' dir='ltr'><strong><em>φιλανθρωπίας</em></strong></span> <span class='ocrx_word' id='word_1_63' title='bbox 1468 790 1519 848; x_wconf 81' lang='grc' dir='ltr'><strong>ἣν</strong></span> 
     </span>
     <span class='ocr_line' id='line_1_11' title="bbox 53 840 1521 899; baseline 0.002 -14"><span class='ocrx_word' id='word_1_64' title='bbox 53 841 239 895; x_wconf 79' lang='grc' dir='ltr'><strong><em>ἑδείξατο</em></strong></span> <span class='ocrx_word' id='word_1_65' title='bbox 274 843 371 885; x_wconf 75' lang='grc' dir='ltr'><strong><em>τότε</em></strong></span> <span class='ocrx_word' id='word_1_66' title='bbox 412 841 434 883; x_wconf 87' lang='grc' dir='ltr'>ὁ</span> <span class='ocrx_word' id='word_1_67' title='bbox 463 840 564 892; x_wconf 77' lang='grc' dir='ltr'><strong>θεὸς</strong></span> <span class='ocrx_word' id='word_1_68' title='bbox 593 843 866 896; x_wconf 77' lang='grc' dir='ltr'><strong><em>ἀποστρέψας</em></strong></span> <span class='ocrx_word' id='word_1_69' title='bbox 884 845 990 895; x_wconf 75' lang='grc' dir='ltr'><strong><em>μετὰ</em></strong></span> <span class='ocrx_word' id='word_1_70' title='bbox 1011 846 1217 899; x_wconf 72' lang='grc' dir='ltr'><strong><em>αἰσχύνης</em></strong></span> <span class='ocrx_word' id='word_1_71' title='bbox 1235 845 1335 895; x_wconf 80' lang='grc' dir='ltr'><strong>τούς</strong></span> <span class='ocrx_word' id='word_1_72' title='bbox 1364 846 1521 896; x_wconf 72' lang='grc' dir='ltr'><strong><em>α’θέους</em></strong></span> 
     </span>
     <span class='ocr_line' id='line_1_12' title="bbox 53 897 1520 969; baseline 0.002 -28.002"><span class='ocrx_word' id='word_1_73' title='bbox 53 897 314 969; x_wconf 74' lang='grc' dir='ltr'><strong><em>Ἀγαρηνρῦς</em></strong></span> <span class='ocrx_word' id='word_1_74' title='bbox 349 900 542 957; x_wconf 78' lang='grc' dir='ltr'><strong>μεσιτείᾳ</strong></span> <span class='ocrx_word' id='word_1_75' title='bbox 582 902 658 954; x_wconf 79' lang='grc' dir='ltr'><strong>τῆς</strong></span> <span class='ocrx_word' id='word_1_76' title='bbox 700 899 934 955; x_wconf 78' lang='grc' dir='ltr'><strong><em>ὖπεραγίας</em></strong></span> <span class='ocrx_word' id='word_1_77' title='bbox 973 902 1191 957; x_wconf 73' lang='grc' dir='ltr'><strong><em>δεσποίνης</em></strong></span> <span class='ocrx_word' id='word_1_78' title='bbox 1220 902 1341 956; x_wconf 75' lang='grc' dir='ltr'><strong><em>ἡμῶν</em></strong></span> <span class='ocrx_word' id='word_1_79' title='bbox 1370 901 1520 944; x_wconf 71' lang='grc' dir='ltr'><strong><em>Θεοπό-</em></strong></span> 
     </span>
     <span class='ocr_line' id='line_1_13' title="bbox 52 942 1520 1026; baseline 0.003 -30"><span class='ocrx_word' id='word_1_80' title='bbox 52 970 143 1011; x_wconf 74' lang='grc' dir='ltr'><strong><em>κου,</em></strong></span> <span class='ocrx_word' id='word_1_81' title='bbox 172 953 247 996; x_wconf 77' lang='grc' dir='ltr'><strong><em>καὶ</em></strong></span> <span class='ocrx_word' id='word_1_82' title='bbox 285 942 571 1008; x_wconf 75' lang='grc' dir='ltr'><strong><em>ἅειπαρθένου</em></strong></span> <span class='ocrx_word' id='word_1_83' title='bbox 620 957 815 1009; x_wconf 41' lang='grc' dir='ltr'><strong><em>ῙΠαριᾞας</em></strong></span> <span class='ocrx_word' id='word_1_84' title='bbox 886 973 1118 1010; x_wconf 71' lang='lat' dir='ltr'><strong>maximae,</strong></span> <span class='ocrx_word' id='word_1_85' title='bbox 1163 968 1202 999; x_wconf 84' lang='lat' dir='ltr'><strong>ec</strong></span> <span class='ocrx_word' id='word_1_86' title='bbox 1226 974 1332 1015; x_wconf 85' lang='lat' dir='ltr'><strong>quae</strong></span> <span class='ocrx_word' id='word_1_87' title='bbox 1359 970 1520 1026; x_wconf 68' lang='lat' dir='ltr'><strong>captum</strong></span> 
     </span>
     <span class='ocr_line' id='line_1_14' title="bbox 54 989 1519 1070; baseline 0.001 -17"><span class='ocrx_word' id='word_1_88' title='bbox 54 989 212 1053; x_wconf 78' lang='lat' dir='ltr'><strong>omtiem</strong></span> <span class='ocrx_word' id='word_1_89' title='bbox 241 1021 403 1068; x_wconf 82' lang='lat' dir='ltr'><strong>superae</strong></span> <span class='ocrx_word' id='word_1_90' title='bbox 432 1014 477 1051; x_wconf 84' lang='lat' dir='ltr'><strong>in</strong></span> <span class='ocrx_word' id='word_1_91' title='bbox 523 1027 594 1052; x_wconf 81' lang='lat' dir='ltr'><strong>nos</strong></span> <span class='ocrx_word' id='word_1_92' title='bbox 619 1013 857 1054; x_wconf 79' lang='lat' dir='ltr'><strong>clementiae</strong></span> <span class='ocrx_word' id='word_1_93' title='bbox 886 1015 1024 1054; x_wconf 83' lang='lat' dir='ltr'><strong>eodem</strong></span> <span class='ocrx_word' id='word_1_94' title='bbox 1062 1014 1130 1055; x_wconf 78' lang='lat' dir='ltr'><strong>dte</strong></span> <span class='ocrx_word' id='word_1_95' title='bbox 1160 1018 1399 1055; x_wconf 84' lang='lat' dir='ltr'><strong>memoriam</strong></span> <span class='ocrx_word' id='word_1_96' title='bbox 1425 1019 1519 1070; x_wconf 48' lang='lat' dir='ltr'><strong>*agi-</strong></span> 
     </span>
     <span class='ocr_line' id='line_1_15' title="bbox 52 1068 1520 1137; baseline 0.003 -29"><span class='ocrx_word' id='word_1_97' title='bbox 52 1083 160 1119; x_wconf 84' lang='lat' dir='ltr'><strong>mus,</strong></span> <span class='ocrx_word' id='word_1_98' title='bbox 191 1082 315 1125; x_wconf 83' lang='lat' dir='ltr'><strong>quam</strong></span> <span class='ocrx_word' id='word_1_99' title='bbox 353 1069 542 1108; x_wconf 78' lang='lat' dir='ltr'><strong>m&#39;mirum</strong></span> <span class='ocrx_word' id='word_1_100' title='bbox 583 1078 673 1108; x_wconf 70' lang='lat' dir='ltr'><strong>tinec</strong></span> <span class='ocrx_word' id='word_1_101' title='bbox 702 1068 802 1108; x_wconf 82' lang='lat' dir='ltr'><strong>deus</strong></span> <span class='ocrx_word' id='word_1_102' title='bbox 850 1071 1061 1122; x_wconf 72' lang='lat' dir='ltr'><strong>exhibuit,</strong></span> <span class='ocrx_word' id='word_1_103' title='bbox 1093 1070 1303 1137; x_wconf 81' lang='lat' dir='ltr'><strong>deiparae</strong></span> <span class='ocrx_word' id='word_1_104' title='bbox 1329 1072 1520 1112; x_wconf 69' lang='lat' dir='ltr'><strong>dominae,</strong></span> 
     </span>
     <span class='ocr_line' id='line_1_16' title="bbox 51 1127 1520 1180; baseline 0.003 -16"><span class='ocrx_word' id='word_1_105' title='bbox 51 1134 215 1165; x_wconf 79' lang='lat' dir='ltr'><strong>nostrae</strong></span> <span class='ocrx_word' id='word_1_106' title='bbox 237 1138 362 1180; x_wconf 82' lang='lat' dir='ltr'><strong>super</strong></span> <span class='ocrx_word' id='word_1_107' title='bbox 384 1138 523 1164; x_wconf 89' lang='lat' dir='ltr'><strong>omnes</strong></span> <span class='ocrx_word' id='word_1_108' title='bbox 559 1133 754 1175; x_wconf 81' lang='lat' dir='ltr'><strong>sanctae,</strong></span> <span class='ocrx_word' id='word_1_109' title='bbox 785 1140 835 1166; x_wconf 85' lang='lat' dir='ltr'><strong>ac</strong></span> <span class='ocrx_word' id='word_1_110' title='bbox 874 1140 1030 1180; x_wconf 85' lang='lat' dir='ltr'><strong>semper</strong></span> <span class='ocrx_word' id='word_1_111' title='bbox 1057 1128 1231 1180; x_wconf 83' lang='lat' dir='ltr'><strong>virginis</strong></span> <span class='ocrx_word' id='word_1_112' title='bbox 1259 1127 1426 1168; x_wconf 86' lang='lat' dir='ltr'><strong>Mariae</strong></span> <span class='ocrx_word' id='word_1_113' title='bbox 1453 1129 1520 1169; x_wconf 82' lang='lat' dir='ltr'><strong>in-</strong></span> 
     </span>
     <span class='ocr_line' id='line_1_17' title="bbox 53 1179 1521 1246; baseline 0.001 -25"><span class='ocrx_word' id='word_1_114' title='bbox 53 1181 294 1221; x_wconf 64' lang='lat' dir='ltr'><strong>ter-centone</strong></span> <span class='ocrx_word' id='word_1_115' title='bbox 329 1180 504 1244; x_wconf 81' lang='lat' dir='ltr'><strong>depulsis</strong></span> <span class='ocrx_word' id='word_1_116' title='bbox 544 1195 633 1220; x_wconf 82' lang='lat' dir='ltr'><strong>cum</strong></span> <span class='ocrx_word' id='word_1_117' title='bbox 678 1179 882 1222; x_wconf 84' lang='lat' dir='ltr'><strong>dedecore</strong></span> <span class='ocrx_word' id='word_1_118' title='bbox 910 1183 1146 1246; x_wconf 76' lang='lat' dir='ltr'><strong>irreligiosis</strong></span> <span class='ocrx_word' id='word_1_119' title='bbox 1176 1184 1394 1236; x_wconf 77' lang='lat' dir='ltr'><strong>Agat-enis-</strong></span> <span class='ocrx_word' id='word_1_120' title='bbox 1449 1197 1521 1223; x_wconf 88' lang='lat' dir='ltr'><strong>so-</strong></span> 
     </span>
     <span class='ocr_line' id='line_1_18' title="bbox 54 1235 1521 1293; baseline 0.003 -17"><span class='ocrx_word' id='word_1_121' title='bbox 54 1237 168 1277; x_wconf 85' lang='lat' dir='ltr'><strong>lutae</strong></span> <span class='ocrx_word' id='word_1_122' title='bbox 211 1235 440 1277; x_wconf 81' lang='lat' dir='ltr'><strong>obsidionis</strong></span> <span class='ocrx_word' id='word_1_123' title='bbox 477 1235 696 1276; x_wconf 78' lang='lat' dir='ltr'><strong>historiam</strong></span> <span class='ocrx_word' id='word_1_124' title='bbox 733 1236 882 1278; x_wconf 81' lang='lat' dir='ltr'><strong>deinde</strong></span> <span class='ocrx_word' id='word_1_125' title='bbox 910 1238 1034 1290; x_wconf 87' lang='lat' dir='ltr'><strong>texit,</strong></span> <span class='ocrx_word' id='word_1_126' title='bbox 1065 1244 1107 1278; x_wconf 89' lang='lat' dir='ltr'><strong>et</strong></span> <span class='ocrx_word' id='word_1_127' title='bbox 1138 1254 1246 1293; x_wconf 86' lang='lat' dir='ltr'><strong>quae</strong></span> <span class='ocrx_word' id='word_1_128' title='bbox 1276 1245 1366 1278; x_wconf 90' lang='lat' dir='ltr'><strong>tum</strong></span> <span class='ocrx_word' id='word_1_129' title='bbox 1396 1255 1419 1279; x_wconf 84' lang='lat' dir='ltr'><strong>a</strong></span> <span class='ocrx_word' id='word_1_130' title='bbox 1446 1241 1521 1280; x_wconf 81' lang='lat' dir='ltr'><strong>Ni..</strong></span> 
     </span>
     <span class='ocr_line' id='line_1_19' title="bbox 52 1271 1522 1348; baseline 0.001 -15"><span class='ocrx_word' id='word_1_131' title='bbox 52 1292 258 1348; x_wconf 82' lang='lat' dir='ltr'><strong>cephoro,</strong></span> <span class='ocrx_word' id='word_1_132' title='bbox 288 1297 380 1332; x_wconf 80' lang='lat' dir='ltr'><strong>tum</strong></span> <span class='ocrx_word' id='word_1_133' title='bbox 409 1307 432 1332; x_wconf 88' lang='lat' dir='ltr'><strong>a</strong></span> <span class='ocrx_word' id='word_1_134' title='bbox 459 1292 718 1347; x_wconf 83' lang='lat' dir='ltr'><strong>Theophane</strong></span> <span class='ocrx_word' id='word_1_135' title='bbox 747 1293 893 1334; x_wconf 86' lang='lat' dir='ltr'><strong>omissa</strong></span> <span class='ocrx_word' id='word_1_136' title='bbox 920 1271 1053 1344; x_wconf 81' lang='lat' dir='ltr'><strong>brevi,</strong></span> <span class='ocrx_word' id='word_1_137' title='bbox 1074 1301 1116 1335; x_wconf 91' lang='lat' dir='ltr'><strong>et</strong></span> <span class='ocrx_word' id='word_1_138' title='bbox 1147 1295 1198 1335; x_wconf 88' lang='lat' dir='ltr'><strong>ab</strong></span> <span class='ocrx_word' id='word_1_139' title='bbox 1216 1295 1415 1336; x_wconf 83' lang='lat' dir='ltr'><strong>historiae</strong></span> <span class='ocrx_word' id='word_1_140' title='bbox 1441 1295 1522 1336; x_wconf 89' lang='lat' dir='ltr'><strong>fide</strong></span> 
     </span>
     <span class='ocr_line' id='line_1_20' title="bbox 55 1347 1522 1406; baseline 0.003 -18"><span class='ocrx_word' id='word_1_141' title='bbox 55 1362 140 1389; x_wconf 88' lang='lat' dir='ltr'><strong>nou</strong></span> <span class='ocrx_word' id='word_1_142' title='bbox 170 1349 305 1389; x_wconf 82' lang='lat' dir='ltr'><strong>alieno</strong></span> <span class='ocrx_word' id='word_1_143' title='bbox 338 1347 525 1388; x_wconf 79' lang='lat' dir='ltr'><strong>discursu</strong></span> <span class='ocrx_word' id='word_1_144' title='bbox 567 1355 796 1402; x_wconf 82' lang='lat' dir='ltr'><strong>percenset.</strong></span> <span class='ocrx_word' id='word_1_145' title='bbox 866 1350 1116 1390; x_wconf 80' lang='lat' dir='ltr'><strong>celebritatis</strong></span> <span class='ocrx_word' id='word_1_146' title='bbox 1150 1350 1307 1406; x_wconf 79' lang='lat' dir='ltr'><strong>vigilias</strong></span> <span class='ocrx_word' id='word_1_147' title='bbox 1337 1357 1381 1391; x_wconf 88' lang='lat' dir='ltr'><strong>et.</strong></span> <span class='ocrx_word' id='word_1_148' title='bbox 1411 1350 1522 1392; x_wconf 89' lang='lat' dir='ltr'><strong>inte-</strong></span> 
     </span>
     <span class='ocr_line' id='line_1_21' title="bbox 53 1404 1523 1472; baseline 0.002 -28"><span class='ocrx_word' id='word_1_149' title='bbox 53 1419 178 1460; x_wconf 83' lang='lat' dir='ltr'><strong>grum</strong></span> <span class='ocrx_word' id='word_1_150' title='bbox 204 1404 472 1458; x_wconf 71' lang='grc' dir='ltr'><strong><em>παννυχίδα,</em></strong></span> <span class='ocrx_word' id='word_1_151' title='bbox 498 1405 612 1459; x_wconf 87' lang='lat' dir='ltr'><strong>quod</strong></span> <span class='ocrx_word' id='word_1_152' title='bbox 647 1406 822 1459; x_wconf 87' lang='lat' dir='ltr'><strong>pedibus</strong></span> <span class='ocrx_word' id='word_1_153' title='bbox 851 1412 1019 1460; x_wconf 85' lang='lat' dir='ltr'><strong>stantes,</strong></span> <span class='ocrx_word' id='word_1_154' title='bbox 1048 1421 1124 1446; x_wconf 88' lang='lat' dir='ltr'><strong>nec</strong></span> <span class='ocrx_word' id='word_1_155' title='bbox 1154 1421 1204 1447; x_wconf 93' lang='lat' dir='ltr'><strong>eo</strong></span> <span class='ocrx_word' id='word_1_156' title='bbox 1233 1406 1300 1446; x_wconf 90' lang='lat' dir='ltr'><strong>die</strong></span> <span class='ocrx_word' id='word_1_157' title='bbox 1324 1409 1523 1472; x_wconf 81' lang='lat' dir='ltr'><strong>permissa</strong></span> 
     </span>
     <span class='ocr_line' id='line_1_22' title="bbox 55 1458 1523 1517; baseline 0.002 -17"><span class='ocrx_word' id='word_1_158' title='bbox 55 1462 167 1502; x_wconf 81' lang='lat' dir='ltr'><strong>inter</strong></span> <span class='ocrx_word' id='word_1_159' title='bbox 198 1460 477 1502; x_wconf 86' lang='lat' dir='ltr'><strong>decantandos</strong></span> <span class='ocrx_word' id='word_1_160' title='bbox 523 1461 576 1515; x_wconf 62' lang='lat' dir='ltr'><strong>h)</strong></span> <span class='ocrx_word' id='word_1_161' title='bbox 582 1477 697 1501; x_wconf 89' lang='lat' dir='ltr'><strong>mnos</strong></span> <span class='ocrx_word' id='word_1_162' title='bbox 736 1462 913 1502; x_wconf 87' lang='lat' dir='ltr'><strong>sessione</strong></span> <span class='ocrx_word' id='word_1_163' title='bbox 941 1467 1157 1517; x_wconf 82' lang='lat' dir='ltr'><strong>peragant,</strong></span> <span class='ocrx_word' id='word_1_164' title='bbox 1191 1458 1423 1503; x_wconf 78' lang='grc' dir='ltr'><strong><em>α’κάθιστον</em></strong></span> <span class='ocrx_word' id='word_1_165' title='bbox 1446 1461 1523 1516; x_wconf 76' lang='grc' dir='ltr'><strong>τὴν</strong></span> 
     </span>
     <span class='ocr_line' id='line_1_23' title="bbox 54 1514 1522 1580; baseline 0.002 -24.058"><span class='ocrx_word' id='word_1_166' title='bbox 54 1514 238 1580; x_wconf 76' lang='grc' dir='ltr'><strong><em>ἡμέραν</em></strong></span> <span class='ocrx_word' id='word_1_167' title='bbox 248 1516 402 1559; x_wconf 87' lang='lat' dir='ltr'><strong>Graeci</strong></span> <span class='ocrx_word' id='word_1_168' title='bbox 432 1517 654 1571; x_wconf 83' lang='lat' dir='ltr'><strong>appellant.</strong></span> <span class='ocrx_word' id='word_1_169' title='bbox 714 1518 949 1558; x_wconf 83' lang='lat' dir='ltr'><strong>orationem</strong></span> <span class='ocrx_word' id='word_1_170' title='bbox 981 1519 1021 1558; x_wconf 89' lang='lat' dir='ltr'><strong>iu</strong></span> <span class='ocrx_word' id='word_1_171' title='bbox 1054 1533 1144 1558; x_wconf 87' lang='lat' dir='ltr'><strong>eam</strong></span> <span class='ocrx_word' id='word_1_172' title='bbox 1177 1519 1424 1559; x_wconf 82' lang='lat' dir='ltr'><strong>memoriam</strong></span> <span class='ocrx_word' id='word_1_173' title='bbox 1451 1519 1522 1559; x_wconf 73' lang='grc' dir='ltr'><strong>εὕ-</strong></span> 
     </span>
     <span class='ocr_line' id='line_1_24' title="bbox 51 1567 1522 1630; baseline 0.001 -17"><span class='ocrx_word' id='word_1_174' title='bbox 51 1567 361 1626; x_wconf 75' lang='grc' dir='ltr'><strong><em>χαριστήριον,</em></strong></span> <span class='ocrx_word' id='word_1_175' title='bbox 390 1578 432 1614; x_wconf 87' lang='lat' dir='ltr'><strong>et</strong></span> <span class='ocrx_word' id='word_1_176' title='bbox 469 1573 712 1614; x_wconf 84' lang='lat' dir='ltr'><strong>historicam</strong></span> <span class='ocrx_word' id='word_1_177' title='bbox 741 1575 909 1628; x_wconf 84' lang='lat' dir='ltr'><strong>profert</strong></span> <span class='ocrx_word' id='word_1_178' title='bbox 941 1575 972 1614; x_wconf 90' lang='lat' dir='ltr'><strong>is</strong></span> <span class='ocrx_word' id='word_1_179' title='bbox 1004 1581 1139 1615; x_wconf 91' lang='lat' dir='ltr'><strong>tomus</strong></span> <span class='ocrx_word' id='word_1_180' title='bbox 1169 1590 1295 1630; x_wconf 90' lang='lat' dir='ltr'><strong>quem</strong></span> <span class='ocrx_word' id='word_1_181' title='bbox 1324 1575 1522 1616; x_wconf 84' lang='lat' dir='ltr'><strong>historiae</strong></span> 
     </span>
     <span class='ocr_line' id='line_1_25' title="bbox 53 1628 1522 1672; baseline 0.001 -3"><span class='ocrx_word' id='word_1_182' title='bbox 53 1628 428 1670; x_wconf 86' lang='lat' dir='ltr'><strong>monothelitarum</strong></span> <span class='ocrx_word' id='word_1_183' title='bbox 453 1630 622 1671; x_wconf 87' lang='lat' dir='ltr'><strong>nomine</strong></span> <span class='ocrx_word' id='word_1_184' title='bbox 666 1630 713 1670; x_wconf 87' lang='lat' dir='ltr'><strong>P.</strong></span> <span class='ocrx_word' id='word_1_185' title='bbox 748 1630 991 1671; x_wconf 85' lang='lat' dir='ltr'><strong>Franciscus</strong></span> <span class='ocrx_word' id='word_1_186' title='bbox 1030 1631 1237 1672; x_wconf 80' lang='lat' dir='ltr'><strong>Combefis</strong></span> <span class='ocrx_word' id='word_1_187' title='bbox 1266 1637 1362 1672; x_wconf 87' lang='lat' dir='ltr'><strong>ante</strong></span> <span class='ocrx_word' id='word_1_188' title='bbox 1394 1646 1522 1671; x_wconf 89' lang='lat' dir='ltr'><strong>annos</strong></span> 
     </span>
     <span class='ocr_line' id='line_1_26' title="bbox 54 1685 1522 1742; baseline 0.002 -17"><span class='ocrx_word' id='word_1_189' title='bbox 54 1691 259 1741; x_wconf 86' lang='lat' dir='ltr'><strong>quattuor</strong></span> <span class='ocrx_word' id='word_1_190' title='bbox 285 1685 434 1727; x_wconf 83' lang='lat' dir='ltr'><strong>edidit.</strong></span> <span class='ocrx_word' id='word_1_191' title='bbox 503 1685 701 1726; x_wconf 85' lang='lat' dir='ltr'><strong>historica</strong></span> <span class='ocrx_word' id='word_1_192' title='bbox 740 1687 926 1726; x_wconf 86' lang='lat' dir='ltr'><strong>narratio</strong></span> <span class='ocrx_word' id='word_1_193' title='bbox 960 1687 1103 1728; x_wconf 89' lang='lat' dir='ltr'><strong>eadem</strong></span> <span class='ocrx_word' id='word_1_194' title='bbox 1132 1688 1304 1742; x_wconf 85' lang='lat' dir='ltr'><strong>quaein</strong></span> <span class='ocrx_word' id='word_1_195' title='bbox 1332 1689 1522 1739; x_wconf 87' lang='lat' dir='ltr'><strong>Menaeo,</strong></span> 
     </span>
     <span class='ocr_line' id='line_1_27' title="bbox 52 1742 1325 1810; baseline 0.002 -29"><span class='ocrx_word' id='word_1_196' title='bbox 52 1747 216 1810; x_wconf 79' lang='lat' dir='ltr'><strong>tantum</strong></span> <span class='ocrx_word' id='word_1_197' title='bbox 244 1742 423 1783; x_wconf 86' lang='lat' dir='ltr'><strong>cultiore</strong></span> <span class='ocrx_word' id='word_1_198' title='bbox 451 1742 560 1798; x_wconf 83' lang='lat' dir='ltr'><strong>stylo</strong></span> <span class='ocrx_word' id='word_1_199' title='bbox 587 1743 843 1797; x_wconf 80' lang='lat' dir='ltr'><strong>composita:</strong></span> <span class='ocrx_word' id='word_1_200' title='bbox 884 1744 1074 1784; x_wconf 83' lang='lat' dir='ltr'><strong>occurrit</strong></span> <span class='ocrx_word' id='word_1_201' title='bbox 1101 1758 1198 1799; x_wconf 83' lang='lat' dir='ltr'><strong>pag.</strong></span> <span class='ocrx_word' id='word_1_202' title='bbox 1227 1742 1325 1784; x_wconf 87' lang='grc'><strong>817.</strong></span> 
     </span>
    </p>
   </div>
   <div class='ocr_carea' id='block_1_6' title="bbox 53 1809 1520 1926">
    <p class='ocr_par' dir='ltr' id='par_1_6' title="bbox 53 1809 1520 1926">
     <span class='ocr_line' id='line_1_28' title="bbox 162 1809 1520 1869; baseline -0.001 -12"><span class='ocrx_word' id='word_1_203' title='bbox 162 1813 279 1857; x_wconf 78' lang='lat' dir='ltr'><strong>Ibid.</strong></span> <span class='ocrx_word' id='word_1_204' title='bbox 307 1815 347 1856; x_wconf 90' lang='grc'><strong>5.</strong></span> <span class='ocrx_word' id='word_1_205' title='bbox 402 1811 479 1869; x_wconf 72' lang='grc' dir='ltr'><strong>τὴν</strong></span> <span class='ocrx_word' id='word_1_206' title='bbox 509 1809 662 1855; x_wconf 87' lang='grc' dir='ltr'><strong><em>αλυσιν</em></strong></span> <span class='ocrx_word' id='word_1_207' title='bbox 690 1814 736 1856; x_wconf 83' lang='grc' dir='ltr'><strong>ἐκ</strong></span> <span class='ocrx_word' id='word_1_208' title='bbox 761 1815 847 1855; x_wconf 76' lang='grc' dir='ltr'><strong>τῶν</strong></span> <span class='ocrx_word' id='word_1_209' title='bbox 875 1817 916 1856; x_wconf 92' lang='grc' dir='ltr'><em>Γ</em></span> <span class='ocrx_word' id='word_1_210' title='bbox 914 1811 1099 1866; x_wconf 86' lang='grc' dir='ltr'><strong><em>αλατων]</em></strong></span> <span class='ocrx_word' id='word_1_211' title='bbox 1147 1822 1293 1858; x_wconf 85' lang='lat' dir='ltr'><strong>catena</strong></span> <span class='ocrx_word' id='word_1_212' title='bbox 1321 1832 1343 1856; x_wconf 87' lang='lat' dir='ltr'><strong>a</strong></span> <span class='ocrx_word' id='word_1_213' title='bbox 1372 1816 1520 1857; x_wconf 83' lang='lat' dir='ltr'><strong>Galata</strong></span> 
     </span>
     <span class='ocr_line' id='line_1_29' title="bbox 53 1869 1520 1926; baseline 0.002 -16"><span class='ocrx_word' id='word_1_214' title='bbox 53 1869 107 1911; x_wconf 86' lang='lat' dir='ltr'><strong>ad</strong></span> <span class='ocrx_word' id='word_1_215' title='bbox 134 1871 251 1912; x_wconf 85' lang='lat' dir='ltr'><strong>urbis</strong></span> <span class='ocrx_word' id='word_1_216' title='bbox 280 1885 423 1912; x_wconf 85' lang='lat' dir='ltr'><strong>muros</strong></span> <span class='ocrx_word' id='word_1_217' title='bbox 452 1871 659 1926; x_wconf 88' lang='lat' dir='ltr'><strong>producta</strong></span> <span class='ocrx_word' id='word_1_218' title='bbox 677 1873 756 1913; x_wconf 69' lang='grc' dir='ltr'><strong>(ΞΡ.</strong></span> <span class='ocrx_word' id='word_1_219' title='bbox 783 1878 953 1926; x_wconf 87' lang='lat' dir='ltr'><strong>portum</strong></span> <span class='ocrx_word' id='word_1_220' title='bbox 984 1873 1106 1913; x_wconf 89' lang='lat' dir='ltr'><strong>fuisse</strong></span> <span class='ocrx_word' id='word_1_221' title='bbox 1132 1873 1315 1913; x_wconf 88' lang='lat' dir='ltr'><strong>clausum</strong></span> <span class='ocrx_word' id='word_1_222' title='bbox 1347 1871 1520 1913; x_wconf 89' lang='lat' dir='ltr'><strong>demon·</strong></span> 
     </span>
    </p>
   </div>
   <div class='ocr_carea' id='block_1_7' title="bbox 49 1927 1520 2025">
    <p class='ocr_par' dir='ltr' id='par_1_7' title="bbox 49 1927 1520 2025">
     <span class='ocr_line' id='line_1_30' title="bbox 49 1927 1520 2025; baseline 0.002 -58"><span class='ocrx_word' id='word_1_223' title='bbox 49 1927 399 2025; x_wconf 65' lang='lat' dir='ltr'><strong>sttratl..1⁴³⁰¹¹i⁰¹²⁵</strong></span> <span class='ocrx_word' id='word_1_224' title='bbox 442 1927 804 1985; x_wconf 74' lang='lat' dir='ltr'><strong>Chalcondylusl.</strong></span> <span class='ocrx_word' id='word_1_225' title='bbox 831 1928 882 1983; x_wconf 88' lang='lat'><strong>7,</strong></span> <span class='ocrx_word' id='word_1_226' title='bbox 922 1929 1131 1971; x_wconf 85' lang='lat' dir='ltr'><strong>Phranzes</strong></span> <span class='ocrx_word' id='word_1_227' title='bbox 1170 1929 1246 1970; x_wconf 89' lang='lat' dir='ltr'><strong>lib.</strong></span> <span class='ocrx_word' id='word_1_228' title='bbox 1291 1928 1319 1971; x_wconf 83' lang='lat'><strong>3</strong></span> <span class='ocrx_word' id='word_1_229' title='bbox 1359 1943 1449 1984; x_wconf 87' lang='lat' dir='ltr'><strong>cap.</strong></span> <span class='ocrx_word' id='word_1_230' title='bbox 1491 1927 1520 1970; x_wconf 88' lang='grc'>8</span> 
     </span>
     <span class='ocr_line' id='line_1_31' title="bbox 52 1983 208 2025; baseline -0.021 0"><span class='ocrx_word' id='word_1_231' title='bbox 52 1998 75 2025; x_wconf 88' lang='lat' dir='ltr'><strong>e</strong></span> <span class='ocrx_word' id='word_1_232' title='bbox 123 1983 208 2023; x_wconf 82' lang='lat' dir='ltr'><strong>aii.</strong></span> 
     </span>
    </p>
   </div>
   <div class='ocr_carea' id='block_1_8' title="bbox 32 2055 1518 2392">
    <p class='ocr_par' dir='ltr' id='par_1_8' title="bbox 32 2055 1518 2392">
     <span class='ocr_line' id='line_1_32' title="bbox 162 2055 1517 2112; baseline 0 -16"><span class='ocrx_word' id='word_1_233' title='bbox 162 2056 274 2096; x_wconf 82' lang='lat' dir='ltr'><strong>Ibid.</strong></span> <span class='ocrx_word' id='word_1_234' title='bbox 306 2055 348 2098; x_wconf 83' lang='lat'><strong>9.</strong></span> <span class='ocrx_word' id='word_1_235' title='bbox 427 2056 506 2096; x_wconf 78' lang='grc' dir='ltr'><strong>τοῦ</strong></span> <span class='ocrx_word' id='word_1_236' title='bbox 532 2055 792 2112; x_wconf 51' lang='lat' dir='ltr'><strong>anesum]</strong></span> <span class='ocrx_word' id='word_1_237' title='bbox 837 2059 1042 2112; x_wconf 86' lang='lat' dir='ltr'><strong>perampli</strong></span> <span class='ocrx_word' id='word_1_238' title='bbox 1086 2059 1208 2099; x_wconf 85' lang='lat' dir='ltr'><strong>unius</strong></span> <span class='ocrx_word' id='word_1_239' title='bbox 1249 2059 1328 2099; x_wconf 90' lang='lat' dir='ltr'><strong>CP.</strong></span> <span class='ocrx_word' id='word_1_240' title='bbox 1368 2063 1517 2111; x_wconf 87' lang='lat' dir='ltr'><strong>portus</strong></span> 
     </span>
     <span class='ocr_line' id='line_1_33' title="bbox 50 2112 1518 2178; baseline 0.001 -27"><span class='ocrx_word' id='word_1_241' title='bbox 50 2112 255 2176; x_wconf 80' lang='lat' dir='ltr'><strong>regiones,</strong></span> <span class='ocrx_word' id='word_1_242' title='bbox 286 2113 345 2152; x_wconf 85' lang='lat' dir='ltr'><strong>ita</strong></span> <span class='ocrx_word' id='word_1_243' title='bbox 377 2112 525 2163; x_wconf 88' lang='lat' dir='ltr'><strong>dicam,</strong></span> <span class='ocrx_word' id='word_1_244' title='bbox 555 2113 707 2178; x_wconf 55' lang='lat' dir='ltr'><strong>plures,</strong></span> <span class='ocrx_word' id='word_1_245' title='bbox 735 2120 777 2155; x_wconf 87' lang='lat' dir='ltr'><strong>et</strong></span> <span class='ocrx_word' id='word_1_246' title='bbox 818 2114 1078 2167; x_wconf 80' lang='grc' dir='ltr'><strong><em>βραχύτατοι</em></strong></span> <span class='ocrx_word' id='word_1_247' title='bbox 1106 2116 1281 2167; x_wconf 80' lang='grc' dir='ltr'><strong><em>λιμένες,</em></strong></span> <span class='ocrx_word' id='word_1_248' title='bbox 1311 2120 1359 2154; x_wconf 85' lang='lat' dir='ltr'><strong>ut</strong></span> <span class='ocrx_word' id='word_1_249' title='bbox 1385 2114 1518 2153; x_wconf 84' lang='lat' dir='ltr'><strong>histo-</strong></span> 
     </span>
     <span class='ocr_line' id='line_1_34' title="bbox 50 2168 1518 2234; baseline 0.001 -26"><span class='ocrx_word' id='word_1_250' title='bbox 50 2168 113 2208; x_wconf 80' lang='lat' dir='ltr'><strong>ria</strong></span> <span class='ocrx_word' id='word_1_251' title='bbox 141 2169 368 2222; x_wconf 84' lang='lat' dir='ltr'><strong>penultima</strong></span> <span class='ocrx_word' id='word_1_252' title='bbox 389 2177 488 2210; x_wconf 89' lang='lat' dir='ltr'><strong>nota</strong></span> <span class='ocrx_word' id='word_1_253' title='bbox 518 2171 720 2211; x_wconf 86' lang='lat' dir='ltr'><strong>recensita</strong></span> <span class='ocrx_word' id='word_1_254' title='bbox 745 2171 905 2221; x_wconf 85' lang='lat' dir='ltr'><strong>scribit,</strong></span> <span class='ocrx_word' id='word_1_255' title='bbox 935 2171 1068 2210; x_wconf 81' lang='lat' dir='ltr'><strong>varias</strong></span> <span class='ocrx_word' id='word_1_256' title='bbox 1094 2171 1392 2234; x_wconf 83' lang='lat' dir='ltr'><strong>appellationes</strong></span> <span class='ocrx_word' id='word_1_257' title='bbox 1421 2183 1518 2209; x_wconf 83' lang='lat' dir='ltr'><strong>sor-</strong></span> 
     </span>
     <span class='ocr_line' id='line_1_35' title="bbox 51 2225 1516 2282; baseline 0.001 -19"><span class='ocrx_word' id='word_1_258' title='bbox 51 2225 218 2264; x_wconf 84' lang='lat' dir='ltr'><strong>tiuutur</strong></span> <span class='ocrx_word' id='word_1_259' title='bbox 243 2225 508 2276; x_wconf 79' lang='grc' dir='ltr'><strong><em>...ωσθὲνιον,</em></strong></span> <span class='ocrx_word' id='word_1_260' title='bbox 550 2225 601 2265; x_wconf 87' lang='lat' dir='ltr'><strong>ad</strong></span> <span class='ocrx_word' id='word_1_261' title='bbox 645 2227 938 2282; x_wconf 83' lang='lat' dir='ltr'><strong>Chrysopolim</strong></span> <span class='ocrx_word' id='word_1_262' title='bbox 989 2228 1158 2282; x_wconf 87' lang='lat' dir='ltr'><strong>reponit</strong></span> <span class='ocrx_word' id='word_1_263' title='bbox 1193 2232 1366 2280; x_wconf 86' lang='lat' dir='ltr'><strong>portum</strong></span> <span class='ocrx_word' id='word_1_264' title='bbox 1402 2225 1516 2265; x_wconf 88' lang='lat' dir='ltr'><strong>huuc</strong></span> 
     </span>
     <span class='ocr_line' id='line_1_36' title="bbox 32 2279 1518 2338; baseline 0 -18"><span class='ocrx_word' id='word_1_265' title='bbox 32 2279 223 2335; x_wconf 76' lang='lat' dir='ltr'><strong>vGyllius,</strong></span> <span class='ocrx_word' id='word_1_266' title='bbox 255 2281 372 2337; x_wconf 88' lang='lat' dir='ltr'><strong>quod</strong></span> <span class='ocrx_word' id='word_1_267' title='bbox 408 2282 447 2320; x_wconf 90' lang='lat' dir='ltr'><strong>in</strong></span> <span class='ocrx_word' id='word_1_268' title='bbox 479 2296 528 2322; x_wconf 91' lang='lat' dir='ltr'><strong>eo</strong></span> <span class='ocrx_word' id='word_1_269' title='bbox 561 2283 755 2323; x_wconf 63' lang='lat' dir='ltr'><strong>adversus</strong></span> <span class='ocrx_word' id='word_1_270' title='bbox 786 2288 988 2338; x_wconf 80' lang='lat' dir='ltr'><strong>Amycum</strong></span> <span class='ocrx_word' id='word_1_271' title='bbox 1020 2284 1268 2338; x_wconf 85' lang='lat' dir='ltr'><strong>praeliantes</strong></span> <span class='ocrx_word' id='word_1_272' title='bbox 1294 2284 1518 2338; x_wconf 68' lang='lat' dir='ltr'><strong>Argonau-</strong></span> 
     </span>
     <span class='ocr_line' id='line_1_37' title="bbox 47 2338 866 2392; baseline 0.004 -16"><span class='ocrx_word' id='word_1_273' title='bbox 47 2343 114 2377; x_wconf 89' lang='lat' dir='ltr'><strong>tae</strong></span> <span class='ocrx_word' id='word_1_274' title='bbox 142 2338 316 2376; x_wconf 81' lang='lat' dir='ltr'><strong>salutem</strong></span> <span class='ocrx_word' id='word_1_275' title='bbox 346 2338 585 2392; x_wconf 86' lang='lat' dir='ltr'><strong>repererint</strong></span> <span class='ocrx_word' id='word_1_276' title='bbox 612 2341 866 2385; x_wconf 79' lang='grc' dir='ltr'><strong><em>σωσθὲντες.</em></strong></span> 
     </span>
    </p>
   </div>
   <div class='ocr_carea' id='block_1_9' title="bbox 46 2408 1517 2675">
    <p class='ocr_par' dir='ltr' id='par_1_9' title="bbox 46 2408 1517 2675">
     <span class='ocr_line' id='line_1_38' title="bbox 158 2408 1514 2475; baseline 0.001 -27"><span class='ocrx_word' id='word_1_277' title='bbox 158 2408 649 2462; x_wconf 72' lang='grc' dir='ltr'><strong>Ιύίᾱ.12.χειμαὶνος</strong></span> <span class='ocrx_word' id='word_1_278' title='bbox 684 2410 731 2451; x_wconf 80' lang='grc' dir='ltr'><strong>δὲ</strong></span> <span class='ocrx_word' id='word_1_279' title='bbox 744 2411 1007 2475; x_wconf 75' lang='grc' dir='ltr'><strong><em>γενομένου]</em></strong></span> <span class='ocrx_word' id='word_1_280' title='bbox 1050 2410 1306 2464; x_wconf 69' lang='lat' dir='ltr'><strong>Nicephorius</strong></span> <span class='ocrx_word' id='word_1_281' title='bbox 1335 2408 1514 2449; x_wconf 88' lang='lat' dir='ltr'><strong>totidem</strong></span> 
     </span>
     <span class='ocr_line' id='line_1_39' title="bbox 46 2463 1517 2520; baseline 0.001 -16"><span class='ocrx_word' id='word_1_282' title='bbox 46 2465 184 2504; x_wconf 86' lang='lat' dir='ltr'><strong>verbis</strong></span> <span class='ocrx_word' id='word_1_283' title='bbox 215 2465 316 2506; x_wconf 83' lang='lat' dir='ltr'><strong>haee</strong></span> <span class='ocrx_word' id='word_1_284' title='bbox 354 2466 561 2515; x_wconf 82' lang='lat' dir='ltr'><strong>scribens,</strong></span> <span class='ocrx_word' id='word_1_285' title='bbox 591 2463 791 2520; x_wconf 75' lang='grc' dir='ltr'><strong>Σουφιὰμ</strong></span> <span class='ocrx_word' id='word_1_286' title='bbox 833 2474 953 2508; x_wconf 86' lang='lat' dir='ltr'><strong>vocat</strong></span> <span class='ocrx_word' id='word_1_287' title='bbox 981 2466 1162 2520; x_wconf 72' lang='grc' dir='ltr'><strong><em>Σοφιάν,</em></strong></span> <span class='ocrx_word' id='word_1_288' title='bbox 1199 2472 1239 2506; x_wconf 88' lang='lat' dir='ltr'><strong>et</strong></span> <span class='ocrx_word' id='word_1_289' title='bbox 1269 2466 1379 2516; x_wconf 68' lang='grc' dir='ltr'>Ίζιβ,</span> <span class='ocrx_word' id='word_1_290' title='bbox 1410 2465 1517 2506; x_wconf 87' lang='lat' dir='ltr'><strong>infe-</strong></span> 
     </span>
     <span class='ocr_line' id='line_1_40' title="bbox 47 2513 1516 2576; baseline -0.001 -14"><span class='ocrx_word' id='word_1_291' title='bbox 47 2521 135 2562; x_wconf 89' lang='lat' dir='ltr'><strong>rius</strong></span> <span class='ocrx_word' id='word_1_292' title='bbox 158 2513 274 2571; x_wconf 69' lang='grc' dir='ltr'><strong>Ἰζὰῖ,</strong></span> <span class='ocrx_word' id='word_1_293' title='bbox 301 2520 486 2574; x_wconf 76' lang='grc' dir='ltr'><strong><em>Ἰέζιδον,</em></strong></span> <span class='ocrx_word' id='word_1_294' title='bbox 515 2524 747 2563; x_wconf 86' lang='lat' dir='ltr'><strong>Anastasius</strong></span> <span class='ocrx_word' id='word_1_295' title='bbox 778 2523 914 2564; x_wconf 74' lang='lat' dir='ltr'><strong>Gzzi.d</strong></span> <span class='ocrx_word' id='word_1_296' title='bbox 959 2525 1013 2563; x_wconf 83' lang='lat' dir='ltr'><strong>S‹</strong></span> <span class='ocrx_word' id='word_1_297' title='bbox 1022 2524 1157 2562; x_wconf 84' lang='lat' dir='ltr'><strong>limani</strong></span> <span class='ocrx_word' id='word_1_298' title='bbox 1191 2537 1325 2576; x_wconf 84' lang='lat' dir='ltr'><strong>nuper</strong></span> <span class='ocrx_word' id='word_1_299' title='bbox 1352 2536 1516 2562; x_wconf 81' lang='lat' dir='ltr'><strong>memo..</strong></span> 
     </span>
     <span class='ocr_line' id='line_1_41' title="bbox 47 2576 1516 2634; baseline -0.001 -16"><span class='ocrx_word' id='word_1_300' title='bbox 47 2577 131 2618; x_wconf 78' lang='lat' dir='ltr'><strong>rati</strong></span> <span class='ocrx_word' id='word_1_301' title='bbox 157 2591 324 2632; x_wconf 79' lang='lat' dir='ltr'><strong>necem,</strong></span> <span class='ocrx_word' id='word_1_302' title='bbox 352 2585 395 2620; x_wconf 87' lang='lat' dir='ltr'><strong>et</strong></span> <span class='ocrx_word' id='word_1_303' title='bbox 419 2579 508 2620; x_wconf 89' lang='lat' dir='ltr'><strong>eius</strong></span> <span class='ocrx_word' id='word_1_304' title='bbox 543 2595 669 2634; x_wconf 82' lang='lat' dir='ltr'><strong>genus</strong></span> <span class='ocrx_word' id='word_1_305' title='bbox 715 2587 923 2620; x_wconf 85' lang='lat' dir='ltr'><strong>memorat</strong></span> <span class='ocrx_word' id='word_1_306' title='bbox 964 2583 1179 2619; x_wconf 85' lang='lat' dir='ltr'><strong>Menaeum</strong></span> <span class='ocrx_word' id='word_1_307' title='bbox 1220 2578 1410 2632; x_wconf 86' lang='lat' dir='ltr'><strong>superius</strong></span> <span class='ocrx_word' id='word_1_308' title='bbox 1436 2576 1516 2618; x_wconf 82' lang='lat' dir='ltr'><strong>ad·-</strong></span> 
     </span>
     <span class='ocr_line' id='line_1_42' title="bbox 47 2633 233 2675; baseline -0.017 0"><span class='ocrx_word' id='word_1_309' title='bbox 47 2633 233 2675; x_wconf 82' lang='lat' dir='ltr'><strong>ductum.</strong></span> 
     </span>
    </p>
   </div>
   <div class='ocr_carea' id='block_1_10' title="bbox 48 2703 1514 2818">
    <p class='ocr_par' dir='ltr' id='par_1_10' title="bbox 48 2703 1514 2818">
     <span class='ocr_line' id='line_1_43' title="bbox 155 2703 1514 2761; baseline -0.001 -15"><span class='ocrx_word' id='word_1_310' title='bbox 155 2705 257 2756; x_wconf 82' lang='lat'>610,</span> <span class='ocrx_word' id='word_1_311' title='bbox 287 2706 331 2747; x_wconf 74' lang='grc'><strong>4.</strong></span> <span class='ocrx_word' id='word_1_312' title='bbox 385 2721 445 2755; x_wconf 81' lang='grc' dir='ltr'><strong>εις</strong></span> <span class='ocrx_word' id='word_1_313' title='bbox 471 2703 541 2747; x_wconf 83' lang='grc' dir='ltr'><strong>τὸν</strong></span> <span class='ocrx_word' id='word_1_314' title='bbox 570 2704 790 2759; x_wconf 77' lang='grc' dir='ltr'><strong><em>Σάτυρον,</em></strong></span> <span class='ocrx_word' id='word_1_315' title='bbox 821 2709 894 2748; x_wconf 77' lang='grc' dir='ltr'><strong><em>καί</em></strong></span> <span class='ocrx_word' id='word_1_316' title='bbox 921 2707 1087 2760; x_wconf 77' lang='grc' dir='ltr'><strong><em>Βρύαν]</em></strong></span> <span class='ocrx_word' id='word_1_317' title='bbox 1117 2705 1337 2761; x_wconf 84' lang='lat' dir='ltr'><strong>Bithyniae</strong></span> <span class='ocrx_word' id='word_1_318' title='bbox 1365 2711 1514 2761; x_wconf 85' lang='lat' dir='ltr'><strong>portus</strong></span> 
     </span>
     <span class='ocr_line' id='line_1_44' title="bbox 48 2760 880 2818; baseline 0.004 -17"><span class='ocrx_word' id='word_1_319' title='bbox 48 2760 214 2816; x_wconf 79' lang='lat' dir='ltr'><strong>liquidis</strong></span> <span class='ocrx_word' id='word_1_320' title='bbox 245 2763 380 2804; x_wconf 77' lang='lat' dir='ltr'><strong>verbis</strong></span> <span class='ocrx_word' id='word_1_321' title='bbox 401 2763 581 2804; x_wconf 84' lang='lat' dir='ltr'><strong>ostendit</strong></span> <span class='ocrx_word' id='word_1_322' title='bbox 609 2765 880 2818; x_wconf 76' lang='lat' dir='ltr'><strong>Nicephorus.</strong></span> 
     </span>
    </p>
   </div>
  </div>
 </body>
</html>
