1768 3268
558 233 628 277 Ex
667 231 1012 279 THEOPHANE.
1417 233 1510 281 163

54 360 164 389 nunc
191 353 330 390 autem
357 348 616 403 poenitentes
651 365 777 405 snper
802 351 910 392 bene
947 365 991 392 se
1015 346 1196 394 habente
1223 368 1342 394 sensu
1370 353 1515 394 amise-

54 411 155 446 runt
185 411 438 459 utrumque,
478 420 613 461 neque
658 421 784 447 unam
812 422 948 462 neque
986 408 1087 449 dras
1114 409 1155 448 in
1187 409 1353 449 Christo
1379 409 1514 450 confi-

53 462 227 502 tentes.'’
282 466 379 516 post
405 467 585 502 mortem
613 477 717 503 vero
744 464 880 518 Sergii
906 464 1092 520 Pyrrhus
1124 464 1514 520 Constantinopoli-

55 524 199 558 tanum
227 517 408 571 suscepit
443 517 669 568 thronum,
698 520 771 573 qui
791 529 908 574 ‘quae
935 520 1151 574 praedicta
1181 527 1277 561 sunt
1310 537 1332 560 a
1363 523 1511 575 Sergio

54 589 105 614 ac
132 575 245 629 Cyro
274 568 402 627 impie
430 574 666 615 roboravit.
689 575 884 616 Heraclio
913 583 1051 617 autem
1076 583 1263 628 mortuo,
1289 591 1384 617 cum
1399 580 1512 618 Con·

54 632 258 671 stantinus
294 630 401 670 filius
446 631 532 670 eius
572 630 821 686 imperaret,
866 631 1053 688 Pyrrhus
1097 644 1178 673 una
1207 644 1303 673 cum
1332 633 1514 674 Martina

54 701 215 727 veneno
244 686 358 726 bunc
385 687 606 738 interfecit,
635 692 677 727 et
704 688 885 741 imperat
900 688 1150 730 Heraclonas
1162 690 1368 730 Martinae
1394 690 1512 732 filius·

54 756 190 797 porro
217 748 379 783 senatus
405 748 450 783 et
474 748 565 783 tota
591 743 734 785 civitas
757 744 967 799 Pyrrhum
998 751 1045 785 ut
1076 745 1246 800 impium
1276 760 1372 785 cum
1396 748 1513 786 Mar·

52 800 139 839 tina
168 805 211 839 et
242 799 328 839 filio
357 799 442 839 eius
464 799 722 853 repulerunt.
765 807 807 840 et
836 801 1017 855 imperat
1046 801 1246 842 Constans
1278 802 1382 843 filius
1399 803 1515 842 Con..

53 855 236 906 stantini,
261 861 306 895 et
330 861 602 896 consecratur
631 856 783 897 Paulus
822 858 1041 911 episcopus
1081 858 1514 912 Constantinopole05‚

50 918 93 951 et
125 913 210 966 ipse
238 910 484 951 haereticus.
543 913 715 952 loannes
742 919 879 953 autem
908 915 1120 954 Romanus
1147 914 1311 969 praesul
1337 913 1513 955 collecto

52 968 349 1022 episcoporum
384 968 563 1008 concilio
610 966 980 1009 monothelitarum
1010 970 1215 1011 haeresim
1242 970 1516 1011 anathemati-

52 1025 173 1064 zavit.
228 1023 418 1065 similiter
459 1031 501 1064 et
535 1025 576 1064 in
610 1025 763 1076 Africa,
793 1040 917 1080 penes
954 1027 1175 1082 Byzacium
1203 1026 1395 1068 videlicet
1426 1028 1515 1066 Nu-

54 1079 224 1120 midiam
249 1087 293 1120 et
323 1081 615 1120 Mauritaniam
645 1081 795 1122 diversi
827 1083 1013 1137 episcopi
1043 1083 1335 1124 convenientes
1361 1097 1516 1122 mono·
1621 1134 1626 1139 Δ

55 1137 216 1182 thelitas
267 1136 528 1177 anathemate
578 1139 867 1191 perculerunt.
948 1140 1102 1180 Ioanne
1145 1154 1243 1180 sane
1280 1137 1643 1186 dormientep-509

53 1192 301 1233 Theodorus
337 1199 608 1233 consecratur
643 1207 723 1248 pro
766 1209 815 1234 eo
848 1208 971 1249 papa.
1047 1195 1234 1251 Pyrrhus
1277 1210 1381 1236 vero
1420 1210 1516 1236 cnm

52 1249 308 1304 pervenisset
337 1248 390 1288 ad
419 1249 616 1300 Africam,
649 1250 802 1291 mutuis
841 1266 936 1290 cum
964 1253 1215 1293 sanctissimo
1242 1252 1420 1292 Maximo
1449 1253 1516 1292 vi-

53 1306 178 1346 detur
194 1305 438 1359 aspectibus,
465 1306 619 1346 abbate
643 1305 836 1346 videlicet
861 1307 1161 1363 religiosissimo
1192 1307 1233 1347 in
1263 1308 1517 1361 monachicis

52 1361 405 1417 correptionibus,
428 1376 505 1402 nec
530 1377 614 1402 non
636 1368 678 1402 et
698 1362 937 1403 divinorum
964 1363 1048 1404 illic
1066 1363 1378 1404 consistentium
1407 1378 1519 1419 pon-

54 1419 211 1459 tificum
239 1423 530 1471 praesentatur
562 1418 790 1470 obtutibus,
818 1419 890 1474 qui
919 1419 1031 1460 hunc
1049 1420 1318 1475 redargutum
1346 1427 1388 1461 et
1416 1434 1519 1475 per..

51 1489 216 1515 suasum
243 1475 419 1514 Romam
450 1474 503 1514 ad
530 1487 685 1529 papam
718 1474 992 1525 Theodorum
1022 1477 1227 1525 direxere3
1260 1476 1332 1532 qui
1365 1476 1520 1517 ortho-

52 1530 198 1571 doxiae
228 1529 368 1570 libello
399 1529 557 1570 tradito
589 1545 720 1585 papae
747 1531 799 1571 ab
831 1545 881 1572 eo
910 1538 1103 1586 receptus
1132 1537 1203 1573 est.
1234 1532 1393 1572 interea
1421 1546 1518 1572 cum

49 1589 183 1628 Roma
213 1586 454 1627 discessisset
479 1588 803 1642 Ravennamque
831 1588 1114 1642 pervenisset,
1143 1594 1191 1627 ut
1219 1589 1331 1628 canis
1359 1587 1413 1628 ad
1438 1602 1517 1628 voa

50 1643 199 1683 mitum
226 1658 345 1683 suum
377 1657 597 1683 conversus
628 1649 701 1684 est.
758 1658 843 1699 quo
870 1658 980 1699 papa
998 1644 1248 1685 Theodorus
1280 1651 1516 1699 comperto,

50 1699 313 1754 plenitudine
349 1705 581 1739 convocata
621 1699 816 1740 ecclesiae
853 1700 905 1740 ad
946 1701 1184 1756 sepulcrum
1211 1701 1378 1742 verticis
1408 1716 1515 1753 apo-

52 1755 257 1797 stolorum
308 1756 499 1806 accessit,
541 1760 583 1795 et
628 1755 767 1796 divino
829 1756 957 1797 calice
1006 1756 1217 1811 postulato
1262 1771 1308 1798 ex
1347 1757 1514 1806 vivifico

50 1812 249 1867 sanguine
280 1817 513 1852 atramento
541 1811 735 1862 stillavit,
766 1817 809 1852 et
838 1812 895 1852 ita
926 1813 1102 1867 propria
1129 1828 1255 1853 manu
1286 1813 1515 1867 depositio-

50 1884 144 1910 nem
170 1868 321 1925 Pyrrhi
351 1875 394 1909 et
421 1868 458 1908 ei
489 1868 887 1909 communicantium
915 1870 1031 1910 facit.
1089 1875 1303 1924 praeterea
1325 1869 1513 1925 Pyrrhus

48 1940 145 1965 cum
185 1924 591 1979 Constantinopolim
635 1924 910 1979 pervenisset,
948 1926 1132 1967 obeunte
1164 1924 1298 1966 Paulo
1339 1925 1513 1965 audaces

50 1982 247 2022 baeretici
290 1981 502 2036 Pyrrhum
528 1980 666 2021 denuo
704 1980 862 2022 throno
892 1981 1358 2036 Constantinopolitano
1388 1996 1514 2036 prae-

50 2038 207 2077 ficiunt.
263 2037 493 2077 Tbeodoro
530 2043 669 2078 autem
700 2052 810 2092 papa
848 2038 1044 2079 defuncto
1072 2039 1274 2078 Martinus
1304 2037 1512 2078 sanctissia.

49 2109 137 2133 mus
163 2094 320 2134 Romae
355 2100 625 2134 consecratur
670 2094 850 2134 antistes.
912 2109 1011 2137 „cum
1055 2102 1194 2135 autem
1222 2095 1419 2135 Maximus
1458 2094 1509 2133 ab

48 2151 187 2190 Africa
218 2151 392 2190 Romam
419 2150 685 2203 pervenisset,
722 2164 959 2204 papamque
986 2151 1212 2192 Martinum
1243 2150 1295 2190 ad
1327 2151 1511 2191 aemula-

46 2207 206 2247 tionem
247 2205 519 2256 accendisset,
559 2206 720 2262 synodo
763 2212 932 2246 centum
970 2213 1012 2248 et
1044 2206 1186 2248 decem
1214 2207 1509 2262 episcoporum

46 2263 220 2303 collecta
250 2263 437 2316 Sergium
480 2269 522 2303 et
547 2262 758 2317 Pyrrhum
802 2268 848 2303 et
872 2263 1027 2318 Cyrum
1059 2270 1101 2304 et
1129 2265 1302 2304 Paulum
1337 2262 1506 2301 anathe-
1518 2263 1639 2310 p.510

46 2320 319 2368 matizarunt,
358 2317 541 2373 duasque
580 2319 813 2360 voluntates
853 2326 894 2360 et
935 2321 1201 2374 operationes
1242 2319 1395 2359 Christi
1438 2318 1505 2357 dei

48 2377 179 2415 nostri
205 2374 430 2429 expressius
444 2374 744 2428 praedicarunt
762 2382 888 2430 atque
916 2375 1149 2416 firmarunt.
1178 2383 1364 2416 ceterum
1392 2387 1504 2413 nono

46 2445 155 2472 anno
189 2431 354 2485 imperii
381 2431 442 2471 sui
477 2431 675 2471 Constans
702 2445 830 2485 nepos
860 2431 1054 2483 Heraclii,
1088 2433 1317 2473 indictione
1344 2436 1504 2481 octava,

45 2488 107 2528 bis
135 2488 281 2542 agnitis
312 2489 452 2527 furore
485 2487 678 2540 repletus,
708 2487 779 2527 SS.
813 2488 1041 2528 Martinam
1072 2495 1114 2528 et
1139 2489 1360 2528 Maximum
1390 2487 1505 2525 Con-

44 2545 356 2598 stantinopolim
392 2543 540 2583 ductos
578 2550 620 2583 et
664 2543 872 2585 cruciatos
916 2545 1028 2598 apud
1063 2544 1318 2585 Chersonam
1356 2547 1398 2582 et
1424 2542 1504 2581 alia

10 2607 18 2615 ‘
45 2601 208 2641 climata
238 2601 359 2640 exilio
394 2599 609 2652 relegavit,
639 2598 789 2639 multos
816 2600 940 2640 etiam
962 2601 1256 2654 Hesperiarum
1285 2598 1503 2652 episcopo-

46 2672 140 2697 rum
166 2657 342 2711 punivit.
418 2658 491 2711 qui
519 2659 552 2706 *)
595 2661 730 2696 motus
767 2656 855 2696 zelo
883 2655 973 2707 dei,
1019 2656 1177 2711 synodo
1205 2669 1320 2696 sacra
1347 2661 1388 2694 et
1419 2655 1504 2707 ipse

49 2814 53 2815 γ
90 2784 122 2831 *)
147 2784 225 2832 qui]
249 2785 460 2818 exciderunt
490 2783 601 2818 haec:
633 2781 727 2830 μετὰ
768 2784 809 2820 δὲ
839 2781 905 2828 τὴν
936 2787 1086 2833 &gorgian
1109 2786 1304 2832 Μαριίνου
1329 2783 1501 2830 Ἀγάθων

133 2839 404 2879 χειροτονεῖται
427 2831 559 2872 πάντας
576 2831 733 2880 ζΡώμης.
762 2833 868 2867 Fun.
