1728 3242
470 211 474 214 ·
528 191 597 232 Ex
636 190 984 233 ΤΗΕΟΡΗΑΝΕ.
1403 185 1500 233 219

39 305 268 355 stantinuS,
297 312 543 360 persecutor
578 306 714 359 legum
741 320 764 344 a
791 304 982 358 patribus
1025 303 1292 356 traditarum,
1323 305 1502 359 imperat
1514 310 1632 359 p.638

40 361 189 403 divinis
218 361 380 404 iudiciis
411 370 454 404 et
484 361 750 402 multitudiue
790 361 1009 415 culparum
1036 362 1223 413 exigente
1250 368 1501 402 nostrarum.

41 418 113 474 qui
147 432 244 458 cum
273 419 424 473 quinto
452 419 532 459 kal.
565 418 682 458 lulias
711 417 762 458 ad
793 423 934 471 partes
965 431 1147 471 egressus
1166 417 1325 457 Obsicii
1351 418 1504 458 adver..

40 490 105 514 sus
134 474 289 515 Arabes
319 480 433 525 esset,
461 474 577 516 venit
592 474 644 515 ad
673 474 884 514 civitatem
913 488 1021 528 quae
1048 472 1204 512 dicitur
1235 475 1376 514 Craso.
1410 490 1506 514 cum

41 538 180 571 autem
207 530 444 586 praedictus
478 529 757 572 Artahuasdus
797 530 985 570 Dorilaei
1014 543 1109 570 cum
1137 529 1315 569 Ohsiaco
1344 531 1506 584 populo

43 593 157 637 esset,
187 587 520 642 suspiciebantur
548 587 598 627 ad
628 587 818 626 invicem.
862 586 1028 626 mittens
1059 591 1198 624 autem
1214 586 1507 625 Constantinus

42 642 94 683 ad
122 658 218 683 eum
247 644 418 698 petebat
444 644 520 684 sibi
551 643 675 697 dirigi
698 642 803 682 filios
835 643 935 693 eius,
966 656 1069 696 quos
1102 642 1216 696 quasi
1246 641 1509 682 desiderabat

43 706 192 753 utpote
209 707 384 754 nepotes
412 714 508 740 suos
533 700 688 740 videre.
719 699 897 739 intentio
919 704 1057 738 autem
1078 698 1163 738 eius
1190 705 1281 738 erat
1310 712 1509 751 compre..

41 755 252 796 hendendi
277 769 347 796 eos
368 762 410 797 et
439 755 700 797 retrudendi.
728 762 771 794 at
802 755 869 795 iile
899 770 993 794 cum
1015 754 1278 794 intellexisset
1306 755 1509 806 fraudem,

42 811 420 853 immensurabilem
459 812 660 852 malitiam
687 811 773 852 eius
801 811 954 861 sciens,
985 811 1047 850 sui
1079 810 1412 864 desperationem
1446 811 1511 849 in..

43 869 191 918 currit,
220 868 511 924 populumque
560 868 775 923 alloquens
816 874 859 908 et
895 867 1145 921 persuadens
1175 868 1335 920 impetu
1365 866 1511 906 adver-

41 939 107 965 sus
137 924 255 964 illum
291 939 388 965 cum
417 925 532 964 omni
574 923 840 964 multitudine
871 924 1133 978 properavit.
1192 930 1234 963 et
1259 925 1384 964 Beser
1413 923 1510 977 qui..

44 981 140 1021 dem
163 980 401 1035 patricium,
430 981 501 1036 qui
532 995 668 1021 sensus
696 986 788 1020 erat
808 982 1114 1020 Saracenorum
1139 986 1323 1020 sectator
1354 979 1512 1034 quique

43 1043 341 1092 praecesserat,
374 1037 612 1092 romphaeis
639 1037 955 1077 interfecerunt.
1013 1043 1056 1076 at
1084 1051 1187 1076 vero
1219 1035 1511 1075 Constantinus

42 1090 207 1134 misere'
226 1107 337 1149 equo
374 1095 488 1134 forte
528 1100 659 1134 strato
699 1099 896 1147 reperto,
931 1108 1026 1132 cum
1057 1092 1303 1132 ascendisset
1332 1092 1372 1131 in
1403 1107 1511 1140 eum,

43 1149 202 1205 fugiens
222 1150 339 1190 venit
360 1150 592 1191 Amorium.
650 1155 690 1189 et
720 1164 814 1189 cum
836 1148 889 1189 ad
902 1148 1183 1189 Orientalium
1214 1149 1367 1198 thema,
1396 1148 1521 1188 cuius·

42 1211 221 1260 praetor
246 1212 349 1246 tunc
376 1207 581 1246 Lancinus
622 1212 713 1246 erat
731 1236 743 1256 ‚
787 1205 1056 1254 cucurrisset,
1100 1205 1432 1245 circumvenitur
1460 1204 1512 1243 ab

44 1263 134 1312 iuis,
167 1277 273 1317 quos
302 1262 461 1317 magnis
502 1262 719 1303 sublevans
760 1261 1135 1315 pollicitationibus
1163 1260 1214 1300 ad
1245 1260 1515 1300 Sisinnatinm

43 1319 176 1359 mittit
205 1319 435 1368 confestim,
466 1319 538 1373 qni
558 1325 658 1358 tunc
684 1325 860 1372 praetor
875 1323 966 1358 erat
978 1317 1289 1358 Thracensium'
1307 1316 1515 1366 thematis,

45 1381 89 1416 et
118 1375 344 1429 persuadet
367 1375 441 1414 illis
463 1375 648 1415 auxiliari
672 1375 766 1414 sibi.
799 1374 896 1414 hinc
924 1388 1024 1429 ergo
1047 1373 1329 1414 atrocissimae
1349 1387 1515 1427 pugnae

43 1438 86 1472 et
114 1429 334 1479 conflictus
360 1431 535 1472 subditis
573 1437 855 1486 generantur,
885 1445 980 1470 cum
1012 1429 1249 1484 imperator
1279 1429 1516 1484 appellare-
1527 1426 1644 1475 1³·639

46 1495 119 1529 tur
146 1494 339 1543 uterque.
395 1493 618 1541 praeterea
646 1487 796 1527 scribit
820 1486 1107 1527 Artahuasdus
1132 1487 1182 1526 ad
1215 1485 1516 1539 Theophanem

46 1543 272 1598 patricium
299 1549 342 1584 ct
371 1544 614 1598 magistrum
634 1575 646 1594 ,
696 1543 769 1598 qui
809 1557 856 1583 ex
887 1557 1067 1597 persona
1107 1542 1310 1597 principis
1343 1542 1384 1581 in
1412 1541 1518 1581 urbe

48 1607 332 1650 remanserat,
363 1615 442 1654 per
486 1600 755 1640 Athanasium
791 1599 1087 1650 silentiarium,
1119 1613 1226 1654 quae
1265 1604 1376 1654 gesta
1405 1603 1516 1638 sunt.

48 1657 119 1712 qui
155 1671 249 1697 cum
280 1656 541 1697 Artahuasdo
573 1658 746 1706 faveret,
784 1663 1036 1696 coacervato
1067 1655 1228 1710 populo
1260 1654 1372 1709 apud
1403 1660 1518 1694 cate-

47 1713 267 1754 chumenia
296 1728 466 1768 magnae
495 1713 700 1762 ecclesiae,
730 1718 772 1753 et
799 1727 879 1767 per
898 1713 1057 1752 litteras
1086 1717 1128 1752 et
1153 1726 1233 1765 per
1260 1712 1341 1751 iam
1361 1710 1519 1751 dictum

46 1769 317 1810 Athanasium
348 1771 552 1824 persuasit
584 1769 775 1809 omnibus
795 1768 968 1810 credere
997 1768 1113 1824 quod
1141 1768 1374 1822 imperator
1402 1781 1519 1806 mor·

47 1833 144 1866 tuus
174 1826 331 1876 fuerit,
370 1826 651 1868 Artahuasdus
690 1832 829 1866 autem
868 1841 890 1865 a
930 1824 1180 1866 thematibus
1220 1823 1518 1878 pronuntiatus

10 1929 14 1935 ι
47 1882 102 1921 sit
131 1882 380 1937 imperator.
435 1888 536 1923 tunc
568 1883 699 1923 omnis
728 1881 910 1937 populus
953 1896 1050 1922 cum
1077 1881 1289 1921 Anastasio
1319 1880 1407 1920 falsi
1438 1893 1519 1919 no-

49 1938 168 1978 minis
196 1938 438 1992 patriarcha
469 1939 721 1980 anathemati
747 1944 790 1978 et
820 1938 1083 1979 detestationi
1102 1938 1384 1978 submiserunt
1403 1936 1519 1975 Cou-

49 1995 276 2034 stantinum
321 2001 370 2035 ut
417 2001 687 2050 arrogantem
727 2000 770 2035 et
810 1994 1096 2035 adversarium
1127 1994 1208 2045 dei,
1238 1999 1364 2049 atque
1394 1992 1519 2046 ipsius

50 2051 221 2092 caedem
247 2050 598 2105 amplectabiliter
625 2051 882 2092 admiserunt
919 2057 1119 2106 tanquam
1149 2065 1171 2089 a
1200 2050 1310 2089 malo
1339 2049 1518 2089 maximo

50 2108 239 2148 liberati:
283 2107 589 2148 Artabuasdum
629 2122 731 2148 vero
763 2107 1064 2161 imperatorem
1093 2107 1446 2161 praedicaverunt
1473 2110 1521 2144 ut

51 2163 337 2205 orthodoxum
367 2170 408 2204 et
437 2163 676 2204 divinorum
708 2164 950 2219 dogmatum
976 2170 1352 2218 propugnatorem.
1423 2174 1520 2200 mox

50 2234 152 2273 ergo
188 2221 382 2260 Monotes
420 2221 551 2260 mittit
590 2220 631 2260 in
670 2227 810 2274 partes
849 2221 1104 2260 Thracenses
1147 2219 1198 2258 ad
1234 2216 1520 2272 Nicephorum

50 2276 182 2316 filium
208 2290 341 2324 suum,
374 2283 615 2327 praetorem
634 2276 946 2326 Thracensium‚
981 2291 1066 2332 quo
1098 2275 1151 2316 ad
1181 2275 1413 2316 custodiam
1442 2287 1518 2312 ur-

47 2332 112 2373 bis
146 2333 325 2372 minaret
346 2332 430 2372 illic
452 2333 678 2372 exercitum
704 2334 992 2373 constitutum.
1053 2332 1251 2373 obseratis
1282 2345 1382 2384 ergo
1410 2342 1518 2382 por-

50 2389 102 2428 tis
132 2403 356 2428 murorum
383 2395 427 2428 et
455 2389 601 2443 vigiliis
629 2389 787 2443 positis,
818 2390 922 2429 filios
949 2389 1207 2430 Constantini
1236 2384 1521 2440 comprehen-

51 2459 117 2485 sos
145 2459 283 2486 caesos
314 2460 363 2484 ac
393 2450 534 2484 tonsos
577 2445 618 2484 in
661 2445 850 2485 custodia
892 2445 1044 2499 posuit.
1102 2460 1196 2485 cum
1226 2450 1365 2482 autem
1398 2443 1520 2480 Arta·

52 2500 231 2541 huasdus
278 2516 373 2540 cum
419 2501 641 2556 Obsequiis
682 2507 786 2542 esset
815 2502 964 2541 urbem
998 2502 1226 2556 ingressu5‚
1255 2497 1449 2552 pervenit
1479 2502 1522 2536 et

52 2557 346 2597 Constantinus
376 2557 669 2611 Chrysopolim
700 2573 798 2598 cum
821 2559 982 2599 duobus
1012 2558 1276 2605 thematibus,
1303 2552 1654 2602 Thracen-pem)

52 2614 157 2653 sium
187 2614 343 2654 scilicet
388 2621 429 2654 et
461 2614 766 2665 Orientalium;
813 2621 855 2654 et
883 2629 977 2655 cum
1023 2614 1122 2652 nihil
1165 2626 1287 2665 agere
1315 2609 1519 2661 valuisset,

54 2684 241 2710 reversus
274 2669 387 2723 apud
423 2671 642 2710 Amorium
682 2670 895 2710 hiemavit.>
962 2667 1240 2710 Artahuasdus
1274 2672 1413 2706 autem
1440 2680 1520 2719 per

54 2731 189 2765 totam
231 2726 379 2766 urbem
421 2741 557 2766 sacras
602 2727 733 2767 erexit
763 2727 970 2780 imagines.
1041 2726 1199 2764 interea
1225 2723 1395 2763 barbari
1423 2737 1517 2761 sen-

53 2782 203 2823 tientes
231 2782 386 2823 horum
416 2783 592 2823 invicem
623 2783 831 2838 iurgium,
864 2783 1037 2823 multam
1067 2779 1268 2835 praedam
1294 2780 1335 2820 in
1364 2781 1520 2819 Roma-
