1728 3184
685 190 887 245 NOTAE.
1420 185 1519 238 439

164 309 265 364 291,
299 309 366 352 14·
419 309 464 353 Γ
460 309 614 365 ογδεῖς]
640 311 793 353 Godas.

167 378 264 434 292,
289 379 330 420 5.
381 376 585 434 Ἀλφίαν]
636 379 819 421 Althiau.

162 451 625 508 1ῠιὶ1.9.Σισι’ννιος]
655 453 846 495 Sinnion.

162 524 271 566 Ibid
307 525 373 566 12.
427 517 540 591 ἦσαν
567 524 616 566 δὲ
643 540 715 566 και
747 523 978 580 δρόμωνες]
1024 525 1272 579 Procopius.
1337 517 1447 578 ἦσαν
1475 527 1524 569 δὲ

55 578 201 629 αὐτοῖς
227 583 354 622 πλοῖα
384 578 528 634 μακρὰ
560 596 618 629 ως
643 581 687 630 ἐς
728 582 973 633 ναυμαχίαν
1001 581 1378 648 παρέσκευασμένα
1408 583 1525 623 ἐκνε-

52 634 233 703 νῆκοντα
257 634 351 678 δύο.
421 634 584 691 μονηρὴ
617 637 710 689 μέν
722 651 787 678 τοι
824 636 899 677 καί
933 633 1094 691 ὀροφὰς
1135 632 1322 704 υπερθεν
1361 635 1523 691 ἔχοντα,

50 687 166 740 ὅπως
193 689 233 734 οἱ
262 694 400 734 ταῦτα
427 694 684 746 ἐρέσσοντες,
714 690 818 746 πρὸς
833 693 916 734 τῶν
943 693 1154 744 πολεμίων
1181 691 1238 740 ὥς
1266 689 1416 757 ἥκιστα
1443 696 1525 746 βα-

55 750 207 788 anneto.
281 748 506 801 δρόμωνας
549 750 726 791 καλοῦσι
768 752 894 790 πλοῖα
930 750 1068 789 ταῦτα
1098 745 1137 789 οἱ
1177 749 1255 789 νῦν
1288 742 1524 801 ανθρωποι.

49 814 168 846 erant
193 815 230 846 et
259 819 348 846 cum
373 808 472 862 ipsis
488 807 664 860 navigia
694 807 788 862 long
789 820 818 847 a
845 806 904 846 ad
930 806 1010 845 duo
1041 814 1079 845 et
1106 806 1329 859 nonaginta
1358 821 1525 860 superne

48 862 286 915 tegminibus
314 871 527 913 contecta,
545 878 595 902 ne
622 867 786 918 remiges
814 864 866 903 ab
894 862 1067 903 hostibus
1092 862 1204 901 laedi
1223 872 1402 916 possent.
1429 863 1526 901 haec

51 918 271 958 dmmonas
295 932 414 971 nunc,
443 917 494 959 id
522 928 580 959 est
602 934 799 961 cursortas
825 928 1000 960 vocant:
1038 932 1253 958 exeun-ere
1282 919 1390 958 enim
1420 919 1526 959 cele-

52 975 153 1014 riter
178 983 355 1029 possunt.

169 1056 265 1110 292,
296 1058 360 1100 18.
424 1056 654 1112 Ἰζάτζονα]
683 1059 903 1099 Zazonem.

165 1127 279 1178 Ibid.
311 1135 374 1178 19.
430 1137 613 1190 ἕβδομον
643 1138 690 1178 δὲ
720 1129 772 1191 ἦν
798 1133 906 1192 ἔτος]
954 1136 1198 1176 lastinianus
1224 1149 1333 1176 anno
1358 1135 1527 1191 septimo

46 1191 311 1247 principatus
338 1194 383 1234 in
412 1197 524 1235 veris
565 1195 682 1235 initio
723 1195 860 1234 navim
883 1194 1143 1256 praetoriam
1180 1193 1240 1232 ad
1262 1192 1373 1232 lzttus
1402 1193 1528 1232 iuxta

49 1249 173 1288 aedes
200 1251 494 1304 imperator-las
522 1251 668 1291 deduci
694 1251 821 1302 iussit,
853 1264 978 1304 quam
1009 1248 1129 1289 citius
1160 1263 1256 1289 cum
1282 1253 1375 1289 toto
1406 1262 1527 1289 exer-

50 1305 140 1345 citu
169 1305 419 1356 soluturam.

171 1387 268 1439 293,
297 1388 339 1430 8.
400 1386 631 1445 Καύχαιά]
662 1392 914 1431 Cauconem.

162 1457 331 1510 294,1.
392 1460 603 1517 Κεφαλην
634 1460 851 1518 Βράχους]
884 1460 1164 1517 CaputVada.

163 1545 273 1586 Ibid.
308 1544 375 1587 20.
434 1544 710 1602 Βεριδάριος]
739 1546 912 1604 quidam
940 1562 997 1587 ex
1018 1547 1080 1585 his
1112 1546 1187 1601 qui
1213 1559 1312 1600 equo
1342 1544 1530 1586 celeriter

50 1601 198 1642 invecti
234 1603 368 1657 regias
396 1606 618 1659 prcffenmt
656 1606 841 1656 litteras,
886 1618 984 1660 quos
1025 1602 1074 1643 V
1066 1602 1271 1641 emdarzos
1306 1601 1525 1657 appellant.

49 1657 285 1713 Procopius
317 1659 445 1700 idem.

162 1740 259 1795 295,
291 1742 356 1784 17.
413 1744 601 1799 Λεπτῆς,
625 1738 941 1798 Αδραμυύτου,
971 1739 1158 1797 Χράσιν]
1190 1743 1354 1794 Lectus,
1386 1739 1527 1781 Adru-

48 1803 220 1850 metum,
254 1801 416 1844 Gressa.

161 1880 258 1934 296,
286 1881 327 1924 6.
382 1883 588 1940 Ἀματᾶν]
620 1887 843 1925 Ammatas.

161 1965 688 2037 298,18.ἑπι111ηδειάν
719 1965 930 2039 ἐχώρουν]
961 1969 1254 2035 Peyrezianus·
1266 1967 1397 2008 codex
1427 1981 1526 2007 cor-

53 2023 281 2064 rectissime
309 2024 420 2079 legit,
448 2024 520 2065 ἐπὶ
558 2025 715 2079 ὸημίαν
753 2024 967 2079 ἐχωρουν,
993 2027 1206 2081 publtcam
1234 2025 1404 2079 ingr-esst
1432 2031 1527 2062 sunt

48 2057 441 2135 viam.P1ocop'ii
486 2082 708 2137 interpres.
754 2083 951 2123 Vandali
991 2094 1126 2139 ltaque
1153 2096 1278 2135 neque
1308 2081 1527 2132 Carthagi..

45 2150 154 2186 nem,
183 2151 310 2192 neque
336 2138 579 2190 Byzantium
611 2140 716 2194 (lege
745 2140 983 2194 Byzacium)
1012 2139 1122 2179 unde
1149 2146 1355 2186 venerant,
1383 2137 1456 2175 sed
1481 2136 1526 2174 in

44 2191 180 2232 Bulae
208 2207 434 2250 campum,
472 2208 524 2235 ac
562 2195 609 2236 in
639 2205 835 2252 partem,
863 2211 965 2252 quae
1003 2196 1172 2236 ducebat
1208 2196 1252 2234 in
1292 2192 1523 2243 Numidas,

43 2249 241 2303 fugerunt.

158 2331 259 2385 302,
276 2329 319 2374 4.
349 2330 371 2374 ὃ
400 2333 446 2374 δὲ
463 2330 645 2386 Γελίμερ
662 2334 940 2390 παραλαβων]
972 2350 1079 2391 quae
1106 2339 1340 2391 sequuntur
1367 2331 1524 2371 librum

46 2387 252 2444 Procopii
274 2390 503 2431 secundum
533 2391 585 2430 de
625 2391 735 2431 hello
770 2392 909 2432 Vand.
943 2392 1138 2432 delibant.

158 2472 485 2525 307‚11..÷m*
509 2470 690 2530 Σαρδώ]
722 2491 830 2531 quae
865 2477 950 2518 istis
981 2477 1021 2516 in
1049 2475 1151 2516 locis
1180 2472 1426 2513 Iustinianus
1455 2484 1524 2510 ex-

48 2530 229 2571 truxerit
270 2537 489 2571 enumerat
526 2532 760 2586 Procopius
803 2533 855 2573 de
884 2534 1006 2574 aedif.
1038 2534 1133 2572 lust.
1177 2530 1248 2569 lib.
1280 2526 1319 2567 6.
1353 2524 1525 2590 Kvgnsog

45 2600 183 2639 porro
217 2588 360 2642 legunt
391 2587 678 2628 emendatiora
709 2590 975 2644 exemplaria.
1044 2588 1139 2627 alias
1169 2585 1370 2625 dictiones
1400 2583 1524 2623 vitia·

46 2648 108 2682 tas
139 2650 182 2684 et
213 2643 449 2685 emendatas
478 2644 668 2685 indicant
699 2646 842 2687 variae
873 2647 1087 2686 lectiones.

160 2726 257 2774 308,
289 2728 327 2768 2.
386 2726 607 2769 ἀπέστειλε
635 2729 683 2771 δὲ
711 2745 784 2772 και
823 2730 870 2772 ἐν
899 2728 1084 2784 -ικελιἰι]
1115 2723 1342 2767 Iomandes
1370 2723 1423 2765 de
1454 2738 1524 2764 re-

45 2782 124 2825 bus
141 2785 297 2826 Geticis
328 2783 380 2825 ad
408 2786 546 2827 finem.
