1728 3184
467 173 651 216 NOTAE
688 176 1074 222 Pos'mmonm.
1405 176 1499 225 585

149 283 245 339 202,
277 288 347 330 15.
404 286 480 328 καί
506 283 748 341 ἀταράχως.

146 363 244 416 205,
273 361 317 404 6.
373 363 457 404 τῶν
484 362 729 416 ὀρθοδόξων
761 367 1195 421 διαμαρτυρουμένων
1222 370 1389 422 αὐτοῖς]
1419 382 1500 414 eer-

34 424 94 462 tio
118 419 424 485 fantasmatibus
451 423 524 485 qui
548 430 667 462 erant
693 424 983 486 catholicarum
1003 428 1205 480 partiunt,-
1233 434 1276 468 et
1306 428 1400 468 loco
1430 444 1499 469 ex·

34 477 133 517 clus·
163 481 298 527 erant,
338 481 387 516 ut
431 492 491 517 sie
525 492 687 518 necesse
724 478 954 519 habuerint
994 483 1337 524 contestationem
1369 499 1498 537 suam,

38 547 88 573 ac
113 529 357 586 ἐπίρρησιν
385 532 451 573 vel
481 533 602 574 hamo
645 549 668 574 e
698 535 885 576 funiculo
926 550 1151 591 appensam
1180 538 1383 594 ingerere,
1414 546 1494 583 etc.

41 583 121 643 τῆν
146 587 256 630 Δίου
283 585 432 642 μονήν.

87 713 100 729 ·
143 660 253 726 [bid.
286 661 352 705 16.
407 658 455 702 τὸ
489 655 622 715 ὄνομα
655 661 843 714 Φίλικος]
877 663 1000 704 Barb.
1024 665 1148 720 Peyr.
1183 672 1262 707 etc.
1292 667 1362 708 ubi
1393 667 1497 709 male

39 729 188 758 αυτου.

144 787 242 840 206,
274 787 315 830 7.
371 786 588 844 τ’ριζιιηνον.

141 861 237 912 207,
266 857 307 902 4.
366 861 561 916 Νέστορα
588 861 636 903 δὲ
662 857 895 914 Ῥωμανὸν]
929 864 1049 906 litera
1077 865 1222 907 mutila
1247 881 1293 907 ex
1324 869 1496 908 Anasta-

29 916 92 958 sio
120 917 367 974 supplenda,
395 922 443 958 ut
468 918 716 973 praesertim
729 919 800 960 Ss.
819 922 1104 962 confessorum
1131 922 1359 964 memoriae
1389 939 1494 965 con-

28 973 202 1017 sulatur.
257 974 317 1014 sic
357 988 459 1028 ergo
494 975 562 1016 ine
606 975 744 1018 habet.
801 976 1011 1019 Nestorem
1041 988 1176 1019 autem
1222 980 1494 1032 Tamoensem,

30 1029 182 1082 Cyrum
223 1029 596 1085 Hieropolitanum
619 1062 632 1080 ‚
682 1031 879 1073 Ioannem
932 1035 1224 1087 Cyrestensem,
1270 1036 1493 1077 Romanum

29 1086 403 1139 Chalcedonensem.

140 1168 252 1209 lbid.
288 1171 353 1213 10.
423 1169 499 1222 τῆς
526 1168 729 1223 συνόδου,
762 1171 836 1212 καί
874 1169 1049 1225 ἐκβολὰς
1086 1170 1320 1215 ἐπισκόπων
1348 1173 1492 1216 ἀνεπι-

25 1222 215 1280 λήπτων]
244 1226 368 1267 Barb.
395 1226 520 1282 Peyr.
550 1229 688 1271 Anast.
708 1228 830 1268 Cedr.
863 1235 943 1269 etc.
999 1230 1274 1285 episcoporum
1303 1232 1491 1272 innoxio-

24 1295 116 1322 rum
145 1282 454 1334 abmgationes:
493 1283 633 1338 palam
671 1284 822 1324 vitiosa
862 1285 989 1326 edita.
1055 1286 1170 1340 quod
1205 1287 1396 1343 sequitur
1439 1287 1491 1328 de

24 1337 216 1394 Trisagio
246 1338 417 1395 hymn0‚
440 1339 632 1394 factaque
672 1339 731 1380 illi
761 1347 804 1381 et
842 1348 1002 1381 mutata
1030 1341 1253 1394 additione,
1280 1343 1328 1384 P.
1358 1343 1486 1384 Sirm.

26 1393 81 1434 ad
107 1393 135 1435 3
165 1394 275 1435 Aviti
321 1397 441 1449 epist.
481 1403 681 1451 tanquam
720 1411 767 1437 ex
808 1397 1090 1452 Theophane,
1122 1405 1164 1439 et
1190 1399 1306 1440 illum
1339 1399 1489 1440 exscri-

24 1450 155 1492 bente
181 1452 395 1492 Anastasio
426 1459 577 1506 censet,
607 1466 731 1493 voces
758 1452 844 1494 illas
873 1452 1037 1506 Χριστὲ
1062 1455 1242 1506 βασιλεῦ’
1276 1454 1436 1497 additas
1463 1471 1488 1498 a

27 1506 286 1549 calandione
315 1507 368 1548 ad
411 1507 816 1563 Theopasehitarum
867 1510 1135 1550 evertendam
1180 1503 1404 1563 hae’roeim,
1437 1525 1487 1553 ae

25 1563 141 1605 velut
169 1563 388 1614 antidoto,
414 1579 467 1606 ne
507 1571 734 1620 putaretur
762 1564 814 1604 ad
850 1565 979 1620 ipsam
1011 1567 1166 1607 trinam
1180 1566 1389 1611 ,deitatem
1416 1582 1487 1608 re-

23 1620 131 1661 ferri
161 1620 278 1675 quod
308 1620 498 1662 additum
526 1623 676 1671 fuerat,
706 1622 778 1678 qui
790 1636 932 1677 passus
953 1632 1010 1663 est
1020 1632 1191 1678 propter
1218 1638 1305 1674 nos,
1334 1623 1405 1664 sed
1436 1623 1488 1664 ad

26 1675 241 1718 Christum
268 1678 519 1731 peculiarius
547 1677 786 1718 hominem:
819 1684 866 1718 ut
893 1684 1030 1719 tamen
1059 1680 1196 1720 iacent
1223 1680 1489 1734 Theophanis

27 1733 167 1785 verba,
196 1747 329 1788 eaque
346 1734 579 1774 Anastasius
601 1748 740 1788 presse
767 1733 962 1785 reddidit,
992 1735 1126 1789 ipsum
1156 1735 1237 1776 hoc
1250 1736 1367 1776 Petri
1394 1737 1490 1777 sue-

25 1789 85 1829 rit
106 1789 248 1844 primo
277 1803 354 1830 suo
398 1791 665 1845 episcopatu,
709 1790 887 1845 quadam
930 1790 1042 1832 velut
1071 1792 1409 1833 aecomadatione
1436 1792 1489 1833 ad

21 1844 304 1886 Orientalium
343 1851 557 1901 utcunque
597 1845 797 1886 sedandos
841 1846 997 1886 animos
1044 1848 1264 1889 occasione
1318 1848 1482 1888 addita-

21 1903 151 1943 menti
192 1901 408 1953 turbatos,
448 1903 582 1943 eidem
625 1902 677 1942 ab
710 1917 760 1943 eo
791 1903 1056 1956 adiunctum,
1098 1904 1213 1959 quod
1251 1910 1409 1959 postea,
1439 1919 1488 1946 ac

20 1958 206 1999 secundo
235 1958 481 2014 episcopatu
507 1959 684 1999 Zenonis
712 1960 856 2001 favore
886 1960 1053 2000 liberius
1091 1959 1295 2001 haeresim
1322 1961 1487 2012 docens,

20 2015 230 2056 sublatum
259 2015 457 2055 voluerit.
512 2016 572 2056 sic
602 2016 689 2070 ipse
704 2017 818 2056 Zeno
852 2015 1105 2072 quandoque
1133 2018 1272 2058 mitius
1303 2017 1387 2072 egit
1416 2033 1489 2058 ca-

22 2071 284 2112 tholicorum
327 2079 471 2122 metu,
515 2086 649 2127 eoque
692 2072 848 2113 solutus
908 2073 1046 2112 omnia
1094 2074 1283 2126 miscuit,
1313 2073 1487 2130 direque

22 2128 254 2170 catholicos
285 2128 438 2168 afflixit.
461 2130 678 2182 expendat,
701 2144 870 2183 quaeso,
893 2129 1041 2183 lector,
1056 2130 1334 2185 Theophanis,
1366 2145 1487 2170 eum-

22 2200 108 2240 que
138 2183 220 2225 fide
270 2184 430 2237 optima
459 2185 668 2226 reddentis
698 2186 896 2226 Anastasii
924 2187 1067 2238 verba,
1097 2201 1196 2227 num
1226 2186 1491 2226 calandionis

20 2242 63 2280 in
89 2241 146 2282 eis
187 2240 346 2295 aliquid
376 2241 612 2292 invenerit,
650 2250 819 2296 excepta
860 2242 1088 2292 eiectione,
1119 2249 1162 2284 et
1189 2243 1485 2296 deportatione

18 2298 176 2350 Oasim,
206 2311 314 2352 quae
345 2298 472 2351 paulo
512 2305 608 2339 ante
639 2298 768 2338 relata
796 2299 893 2338 fuit.
952 2298 1162 2339 Cedrenus
1191 2299 1301 2338 clare
1332 2299 1483 2339 admo-

17 2352 119 2395 dum
149 2359 376 2409 utrumque
423 2353 504 2394 hoc
532 2355 604 2395 uni
635 2354 763 2395 Petro
804 2355 974 2395 Fulloni
1002 2355 1187 2407 assignat,
1216 2355 1353 2409 priori
1381 2355 1483 2406 eius,

17 2425 68 2451 ac
93 2410 277 2452 seeundo
313 2410 585 2465 episcopatu,
625 2425 673 2451 ex
703 2411 795 2465 ipso
833 2417 1043 2452 mutuatus
1075 2411 1341 2463 Theophane.
1374 2406 1482 2462 πρό-

14 2480 136 2520 τερον
173 2467 255 2518 μὲν
295 2466 530 2520 προσέθηκε
569 2467 628 2523 τῷ
661 2468 863 2523 τρισαγίῳ
887 2467 1052 2520 Χριστὲ
1083 2467 1262 2518 βασιλεῦ’
1298 2461 1320 2505 ὅ
1349 2481 1483 2506 σταυ-

14 2520 173 2575 ρωθεῐς
203 2522 265 2563 δι’
290 2517 415 2575 ἡμᾶς.
471 2519 651 2577 ὕστερον
676 2522 724 2564 δὲ
755 2520 895 2564 ἐλθών
923 2526 1107 2575 περιεῖλε
1135 2520 1192 2572 τό,
1213 2522 1374 2574 Xoana}
1399 2523 1480 2572 βα-

13 2578 149 2620 σιλεῦ’.
206 2579 369 2619 addidit
398 2578 612 2634 Trisagio,
641 2593 720 2620 rex
763 2580 935 2626 Christe,
962 2580 1034 2635 qui
1063 2578 1285 2635 crucifi-tus
1310 2593 1353 2618 es
1375 2593 1481 2634 pm-

10 2645 109 2691 pter
135 2650 232 2677 nos.-
258 2645 399 2692 postea
426 2650 524 2677 vero
551 2635 711 2676 rediens
741 2637 893 2677 sustulit
919 2634 1040 2683 illud,
1070 2649 1149 2675 rex
1178 2633 1343 2674 Christe.

126 2708 222 2761 208,
250 2709 291 2749 5.
350 2704 399 2749 ὃν
425 2707 745 2761 ὀχλοποιοῦντα]
771 2710 895 2749 Barb.
923 2709 1046 2763 Peyr.
1069 2713 1150 2747 etc.
1181 2703 1397 2746 ἐνεκάλεσε
1428 2705 1475 2746 δὲ

23 2761 97 2807 καὶ
126 2765 306 2820 Ζήνωνι.
364 2766 526 2808 Zenoni
560 2766 762 2822 episcopus
789 2766 947 2818 detulit,
976 2766 1134 2818 eiusque
1161 2762 1374 2805 cohibendi
1395 2777 1475 2805 ac-
