1768 3268
566 214 638 257 Ex
677 213 1023 256 THEOPHANE.
1428 203 1519 255 141

58 330 284 386 Cappadox
313 336 356 372 et
385 329 599 386 Helpidins
629 330 891 385 praepositus
923 329 1170 370 armamenti
1200 336 1244 371 et
1273 328 1342 370 alii
1372 327 1527 370 diversi

58 390 278 430 consilium
320 388 511 429 fecerunt
555 387 596 427 in
640 385 952 441 Hippodromio
993 387 1179 428 Phocum
1221 385 1458 437 occidendi,
1487 383 1664 432 etp-459

57 448 170 486 facto
198 445 380 499 prandio
426 443 677 485 Theodorus
720 447 957 497 praefectus
994 442 1256 498 praetorium
1301 443 1444 497 coepit
1472 440 1529 482 eis

59 510 202 543 texere
229 501 506 542 intentionem
531 514 659 541 suam.
718 500 896 555 contigit
927 506 1068 540 autem
1094 499 1179 539 illic
1207 499 1386 539 inveniri
1419 500 1531 538 Ana-

58 558 227 599 stasium
258 558 455 599 comitem
483 557 771 611 largitionum.
832 556 1014 611 prandio
1046 570 1147 610 ergo
1176 556 1302 607 facto,
1333 561 1375 595 et
1403 570 1530 595 enar.

57 615 157 656 ratis
184 613 246 655 his
275 628 383 669 quae
412 613 656 655 insidiarum
684 619 820 665 erant,
855 613 1067 667 poenituit
1096 611 1354 652 Anastasium
1382 611 1466 651 illic
1489 625 1532 652 se

57 676 290 725 repertum,
323 677 367 711 et
395 685 476 711 non
504 669 608 710 ‹lixit
636 684 741 725 quae
771 670 892 710 cordi
920 683 994 708 suo
1019 669 1196 719 inerant,
1226 667 1298 710 sed.
1328 667 1455 708 siluit.
1489 673 1532 707 at

58 740 163 768 vero
191 726 407 782 Helpidius
435 726 712 782 perdurabat,
733 725 872 767 dicens
901 728 1013 766 “non
1045 725 1167 766 vultis
1198 724 1261 776 ut,
1290 739 1386 764 cum
1411 723 1533 764 sede-

58 784 116 823 rit
147 783 188 823 in
218 783 325 824 solio
354 798 484 838 super
524 782 907 838 Hippodromium‚
945 782 1056 822 hunc
1096 779 1462 836 comprehendam,
1491 787 1531 821 et

56 840 230 882 evellam
248 839 413 895 „oculos
460 839 575 893 eius,
618 846 666 889 ,et
707 840 766 880 sic
806 854 902 880 eum
932 839 1181 880 interficiam
1196 839 1237 877 ?''
1284 845 1327 878 et
1354 837 1533 892 pollice-

57 896 188 938 batur
214 895 271 938 eis
298 895 401 938 dare
433 911 598 938 currus.
676 911 724 938 re
762 901 992 952 propterea
1021 895 1191 936 Phocae
1221 900 1319 935 nota
1351 909 1398 936 ex
1426 908 1532 948 pro-

56 952 216 995 ditione
232 952 431 994 Anastasii
454 954 575 1005 facta,
605 952 720 993 iussit
747 954 1008 1008 praefectum
1026 958 1068 992 et
1090 950 1329 1006 Helpidium
1361 965 1409 990 ac
1438 950 1532 1005 pri-

56 1023 208 1065 mores,
241 1008 315 1066 qui
342 1009 553 1051 sciverant
582 1023 685 1061 rem,
716 1024 812 1050 cum
842 1009 958 1050 omni
976 1007 1192 1064 diligentia
1221 1007 1383 1048 discuti.
1416 1021 1532 1047 cum-

58 1081 141 1121 que
158 1064 483 1118 discuterentur,
503 1079 610 1122 quae
631 1065 877 1107 insidiarum
902 1067 1070 1106 fuerant
1097 1065 1188 1105 fassi
1207 1070 1316 1113 sunt,
1346 1070 1388 1104 et
1417 1061 1533 1119 quod

58 1122 334 1164 Theodorum
365 1122 579 1164 voluerint
607 1122 747 1164 facere
788 1123 1036 1178 principem.
1095 1135 1232 1176 porro
1259 1120 1422 1162 Phocas
1451 1121 1533 1160 ius-

56 1178 109 1219 sit
137 1178 339 1220 decollari
355 1178 631 1220 Theodorum
647 1179 888 1235 Helpidium
910 1178 1170 1220 Anastasium
1196 1183 1239 1219 et
1268 1191 1424 1232 omne-5,
1461 1177 1533 1233 qui

58 1235 222 1276 iusidias
252 1250 342 1276 suas
370 1242 671 1291 cognoverant.

166 1302 311 1344 Mundi
340 1317 451 1344 anno
470 1301 595 1355 6102,
626 1303 790 1344 divinae
819 1301 1119 1344 incarnationis
1149 1315 1258 1342 anno
1291 1299 1388 1352 602,
1419 1315 1530 1341 anno

62 1373 162 1400 vero
194 1359 360 1415 imperii
389 1359 454 1399 sui
484 1361 623 1414 primo
653 1361 770 1402 venit
783 1359 998 1401 Heraclius
1033 1359 1086 1399 ab
1117 1358 1259 1399 Africa
1288 1373 1384 1398 cum
1412 1357 1532 1398 navi..

56 1416 132 1457 bus
160 1416 403 1467 castellatis,
444 1415 693 1457 habentibus
735 1418 846 1457 intra
882 1431 924 1457 se
965 1416 1125 1456 arculas
1167 1421 1209 1456 et
1238 1414 1434 1470 imagines
1464 1413 1531 1455 dei

56 1473 229 1525 matris,
274 1471 624 1528 quemadmodum
663 1473 818 1514 Pisides
867 1485 1038 1528 quoque
1079 1472 1284 1526 Georgius
1318 1470 1668 1526 perhibet,p.460

57 1530 211 1571 ducens
242 1529 472 1570 exercitum
502 1530 720 1585 copiosum
765 1530 816 1570 ab
848 1529 988 1570 Africa
1018 1535 1059 1569 et
1087 1527 1356 1568 Mauritania.
1414 1527 1531 1568 simi..

55 1586 154 1627 liter
183 1591 225 1627 et
251 1586 412 1638 Niceta,
447 1585 551 1626 filius
587 1587 807 1642 Gregorae
834 1585 1028 1641 patricii,
1058 1599 1138 1640 per
1169 1583 1458 1625 Alexandriam
1490 1588 1532 1624 et

54 1642 333 1698 Pentapolim,
361 1641 516 1683 habens
545 1657 685 1683 secum
712 1642 920 1698 populum
938 1641 1118 1682 multum
1146 1641 1396 1695 pedestrem.
1454 1639 1529 1681 de-

52 1704 322 1754 sponsaverat
362 1706 502 1740 autem
540 1699 754 1740 Heraclius
795 1698 1027 1739 Eudociam
1067 1698 1194 1738 filiam
1230 1697 1383 1750 Rogati
1426 1697 1530 1748 Afri,

56 1770 165 1811 quae
195 1755 265 1795 illo
307 1761 502 1811 tempore
531 1755 898 1811 Constantinopoli
942 1762 1034 1796 erat
1062 1769 1144 1794 una
1174 1769 1270 1794 cum
1296 1753 1531 1809 Epiphania

55 1812 238 1853 Heraclii
267 1817 413 1853 matre.
473 1813 643 1853 audiens
675 1819 814 1854 autem
843 1812 1005 1852 Pbocas
1036 1810 1155 1867 quod
1181 1815 1317 1851 mater
1349 1810 1530 1850 Heraclii

54 1874 158 1909 esset
204 1869 247 1908 in
287 1868 486 1920 civitate,
512 1884 676 1910 necnon
718 1875 761 1910 et
788 1868 1004 1921 Eudocia,
1034 1882 1142 1923 quae
1177 1867 1256 1908 sibi
1283 1866 1423 1908 fuerat
1454 1867 1529 1908 de-

53 1931 275 1979 sponsata,
305 1925 442 1966 tenuit
481 1939 547 1966 eas
576 1931 619 1966 et
656 1926 896 1966 observavit
935 1925 978 1965 in
1020 1923 1234 1965 dominico
1259 1924 1529 1975 monasterio,

55 1980 172 2036 quod
201 1981 525 2036 cognominatur
554 1997 687 2022 novae
714 1981 1019 2036 poenitentiae.
1079 1995 1176 2021 cum
1196 1987 1336 2021 autem
1369 1980 1531 2021 adiisset

57 2037 273 2077 Heraclius
303 2038 526 2094 Abydum,
565 2038 723 2079 invenit
758 2038 1037 2079 Theodorum
1079 2037 1278 2077 comitem
1308 2036 1457 2093 Abydi,
1488 2043 1530 2077 et

55 2093 281 2134 sciscitatus
324 2094 470 2135 didicit
508 2095 560 2135 ab
590 2109 641 2135 eo
687 2109 795 2150 quae
825 2093 1192 2148 Constantinopoli
1233 2094 1528 2134 movebantur.

56 2157 101 2190 at
132 2163 235 2190 vero
265 2149 424 2191 Phocas
450 2151 563 2192 misit
592 2151 772 2192 fratrem
799 2166 920 2190 suum
936 2151 1257 2191 Domentiolum
1286 2150 1528 2205 magistrum

53 2206 106 2247 ad
134 2206 428 2247 costodiendos
470 2221 613 2248 muros
653 2208 812 2263 longos.
882 2221 1062 2261 cumque
1091 2206 1363 2261 comperisset
1392 2207 1530 2246 Hera..

56 2263 182 2303 elium
213 2262 405 2318 Abydum
434 2263 589 2315 adiisse,
619 2265 749 2304 muris
779 2264 948 2305 dimissis
979 2264 1085 2319 fugit
1106 2262 1529 2316 Constantinopolim.

54 2333 188 2374 porro
222 2319 436 2360 Heraclius
466 2321 579 2373 apud
606 2321 802 2377 Abydum
841 2320 1004 2375 recepit
1034 2334 1175 2360 omnes
1208 2319 1341 2360 exules
1365 2318 1531 2373 princi-

53 2390 139 2430 peS,
161 2389 267 2431 quos
302 2375 458 2417 ibidem
483 2377 645 2418 Phocas
674 2378 795 2418 exilio
838 2377 1112 2432 relegaverat,
1145 2381 1188 2417 et
1216 2375 1402 2416 ascendit
1433 2389 1531 2415 cum

55 2433 112 2473 eis
141 2433 183 2472 in
213 2432 461 2473 Heracliam.
522 2433 756 2487 Stephanus
795 2439 935 2474 autem
965 2433 1104 2488 Cyzici
1140 2431 1430 2486 metropolites
1460 2445 1530 2486 ac-

52 2494 222 2542 ceptum
262 2495 434 2530 stemma
481 2489 534 2529 ab
560 2489 749 2543 ⁸ecclesia
779 2495 947 2531 sanctae
992 2490 1058 2530 dei
1086 2488 1298 2544 genitricis
1330 2486 1529 2528 Heraclio

53 2544 215 2585 detulit.
273 2552 504 2600 propterea
535 2560 631 2586 cum
652 2545 1062 2600 Constantinopolim
1093 2545 1358 2599 pervenisset,
1386 2543 1529 2584 diver.

55 2602 109 2641 tit
137 2601 190 2641 ad
216 2609 392 2656 portum
418 2601 631 2657 Sopbiae3
675 2603 865 2658 initoque
889 2603 1003 2643 bello
1043 2602 1173 2642 vincit
1206 2600 1339 2655 gratia
1372 2599 1527 2641 Christi
1540 2615 1575 2651 p·
1588 2603 1657 2641 461

55 2664 300 2712 tyrannum.
358 2659 502 2714 vulgus
533 2665 671 2700 antem
701 2659 815 2700 hunc
844 2658 1194 2713 comprehensum
1223 2656 1529 2697 interfecerunt

56 2720 99 2753 et
127 2714 224 2768 igne
249 2714 363 2769 apud
392 2716 469 2756 Boi
487 2723 795 2757 cremaverunt.
853 2716 1055 2770 ingressus
1084 2727 1187 2754 vero
1216 2712 1430 2752 Heraclius
1460 2728 1529 2753 re-

55 2769 162 2823 galia
192 2778 420 2812 coronatus
450 2778 510 2813 est
552 2787 575 2812 a
605 2773 753 2827 Sergio
782 2771 1030 2827 patriarcha
1072 2771 1114 2809 in
1145 2768 1338 2810 oratorio
1367 2769 1408 2810 S.
1434 2769 1530 2810 Ste-

54 2826 183 2880 phani
213 2827 254 2867 in
296 2828 455 2884 palatio
484 2829 576 2868 sito.
636 2835 842 2873 coronata
886 2834 946 2870 est
975 2839 1076 2868 vero
1107 2824 1252 2867 eadem
1281 2824 1348 2867 die
1379 2839 1529 2881 sponsa
