1728 3184
250 132 347 183 584
749 141 825 182 AD
859 140 1232 182 THEOPHANEM

249 251 435 307 ἐχθρούς
462 253 558 308 σου]
617 263 731 311 turpe
771 256 879 296 illud
905 256 1212 296 acclanmbant:
1261 253 1371 294 velut
1398 266 1542 294 manso
1562 257 1722 310 pavisti

239 324 460 364 puerorum
490 325 611 362 mole,
643 326 696 352 ac
723 312 915 368 decepisti
942 313 1129 351 inimicos
1161 321 1258 350 tuos.
1317 310 1567 363 metaphora
1592 326 1613 350 ιι
1638 326 1717 350 nu..

245 367 451 417 tricibus,
481 382 588 421 quae
624 368 680 407 sic
721 382 876 422 pueros
917 382 1059 408 :muoso
1107 374 1306 420 pascant,
1336 367 1530 435 ips-neque
1559 368 1718 407 maiora

244 421 496 490 deglutiant.
547 424 761 493 Aristoph.
794 425 835 464 in
865 425 998 479 equit.
1033 421 1267 473 ἐπίσταμαι
1298 420 1426 463 αυ’τὸν
1467 416 1529 472 οἷς
1570 424 1716 476 ψωμί..

245 478 394 528 ζεται·
466 476 567 520 dm
593 479 679 534 τοῦ,
705 473 768 528 οἷς
796 479 1024 532 (inanitae,
1048 494 1115 519 και
1144 477 1304 530 χαίρει

365 554 556 601 188,11.
613 548 987 606 μελανειμονὴσας]
1019 553 1141 607 Peyr.
1155 551 1280 591 Cedr.
1295 558 1373 595 etc.
1403 565 1484 606 pro
1513 547 1720 605 η’μφῖασε,

244 606 370 648 Cedr.
393 609 600 662 κατέλιπε,
631 615 677 649 ut
706 609 854 664 legerit
874 607 1028 662 α’φῆκε·
1058 610 1225 664 relzquit
1250 608 1397 659 sedem,
1423 617 1543 663 atque
1574 609 1716 659 altare,

249 663 404 716 pullis
394 679 479 719 ipse
526 665 706 705 vestibus
752 666 964 730 assumptis
1003 666 1042 704 in
1085 665 1139 703 si·¹
1120 680 1245 719 ²3num
1276 664 1533 712 moestitiae3
1560 678 1643 703 non
1672 679 1720 705 ea

242 719 365 772 pullis
396 721 574 761 vestibus
606 720 753 771 induit,
788 722 1030 776 importuna
1059 723 1152 761 satis
1173 720 1427 770 ccrimonja;
1458 735 1555 761 cum
1588 736 1718 775 prae—

240 777 382 816 sertim
401 777 554 817 Graeci
593 791 676 817 non
708 777 869 818 soleant
897 779 1086 818 colorem
1117 777 1319 818 eiusmodi
1348 777 1542 831 ecclesiis,
1572 791 1621 817 ac
1654 777 1714 818 al-

243 833 323 872 tari
356 833 572 873 adhibere.

351 905 463 948 Ibid.
497 903 561 945 16.
631 900 707 958 τήν
736 902 879 960 φυγήν
907 900 1147 955 ποιούμενοι
1191 904 1280 945 κατ’
1309 904 1466 958 ὀλίγον]
1491 906 1717 960 paulatim,

240 974 291 1001 ac
323 962 428 1001 lento
454 976 592 1015 gressu
623 976 665 1001 se
713 976 796 1016 aga
836 962 1113 1011 subducentes;
1151 976 1233 1000 non
1267 962 1383 1001 effusi
1412 962 1452 1002 in
1484 965 1636 1016 sugam,
1670 969 1716 1002 ut

241 1016 348 1057 solet
374 1032 470 1058 cum
501 1025 614 1058 metu
642 1019 792 1070 solum,
824 1033 906 1058 non
939 1025 1031 1058 arte
1053 1023 1094 1058 ct
1128 1017 1301 1057 consilio
1326 1018 1422 1073 fuga
1452 1018 1598 1062 initur.
1629 1033 1714 1059 uon

239 1073 347 1114 bene
377 1088 625 1128 expressum,
655 1077 698 1115 in
728 1076 839 1115 leves
865 1084 1026 1115 turmas
1053 1075 1237 1129 dispersi.

353 1145 444 1199 189,
480 1150 544 1191 12.
601 1147 766 1201 μηδένα
807 1151 953 1200 τυχεῖν
992 1147 1187 1203 Ἀκακίῳ]
1248 1149 1385 1188 Anast.
1425 1162 1621 1188 nemmem
1651 1149 1715 1189 lo„

241 1203 315 1254 qui
337 1217 430 1243 cum
461 1204 650 1253 Αεαειο;
693 1219 843 1259 nempe
873 1204 924 1243 ad
953 1204 991 1243 ei
1018 1188 1289 1244 exhibendam
1319 1205 1563 1256 molestiam,
1598 1205 1714 1260 quod

237 1258 296 1298 ita
327 1259 369 1299 in
398 1274 493 1301 eum
533 1276 556 1301 e
583 1267 776 1315 suggestu
817 1260 1104 1308 declamasset;
1151 1261 1236 1301 sive
1265 1261 1363 1315 quia
1394 1261 1479 1302 eius
1511 1262 1717 1316 probaret

241 1315 478 1368 consilium,
514 1317 694 1373 ficteque
739 1318 879 1358 omnia
912 1318 975 1371 agi
1017 1318 1144 1358 sciret
1173 1318 1225 1358 ad
1255 1317 1510 1359 illudendum
1537 1317 1717 1359 catholi-

240 1371 311 1422 cis,
338 1371 424 1412 sive
454 1374 553 1428 quia
597 1375 694 1415 inde
732 1375 858 1439 magis
906 1374 1156 1414 irritandam
1201 1373 1365 1439 plebem
1395 1374 1576 1416 timeret.
1632 1375 1718 1415 vim

238 1427 349 1467 illam
380 1430 494 1470 vocis
535 1434 706 1484 ῃυχεῖν,
737 1423 835 1471 ἅντί
870 1429 949 1471 τοῦ
974 1430 1169 1482 χοῆσθαι
1207 1432 1248 1470 in
1279 1431 1452 1483 malum,
1482 1432 1608 1472 etiam
1637 1431 1714 1471 ad..

240 1491 463 1526 verterunt
492 1487 573 1527 alii.
599 1488 806 1542 interpies
837 1488 878 1527 in
909 1502 1072 1527 sensum
1090 1488 1333 1542 oppositum
1351 1488 1570 1530 abductus.
1589 1488 1715 1533 Barb.

235 1541 361 1597 Peyr.
391 1548 471 1583 etc.
504 1547 731 1596 συντυχεῖν
769 1543 941 1584 habent.

351 1611 548 1662 190,15
606 1610 680 1652 ἐπι
706 1607 752 1652 τὸ
781 1607 1038 1664 βιαιότερον]
1069 1612 1177 1652 male
1211 1611 1372 1652 editum
1397 1608 1682 1664 βεβαιότερον.

351 1682 450 1733 193,
482 1683 524 1724 5.
582 1680 685 1724 od&
725 1681 878 1738 Ζήνων
907 1682 1163 1736 καταλαβών
1197 1698 1258 1732 εις
1285 1680 1359 1738 τὴν
1385 1683 1608 1737 ἐκκλησίαν
1636 1700 1715 1725 πα-

238 1736 462 1793 ρεγένετο]
478 1740 618 1780 omisit
649 1741 827 1796 interpr.
872 1742 986 1782 Zeno
1013 1742 1081 1782 ubi
1109 1742 1291 1793 venisset,
1324 1740 1386 1781 ad
1403 1742 1615 1782 eccleszam
1643 1757 1715 1781 ac..

233 1794 358 1845 cessit,
386 1796 518 1851 sicque
559 1813 603 1837 ιη
625 1798 828 1852 palatium
867 1799 1062 1851 ingressus
1103 1807 1174 1837 est.
1249 1798 1363 1838 velut
1392 1797 1591 1838 nimirum
1626 1799 1716 1838 voti

236 1863 356 1889 causa
389 1858 561 1906 recepto
602 1853 802 1908 imperio,
833 1860 874 1894 et
905 1860 952 1894 ut
995 1854 1163 1909 pietatis
1207 1853 1275 1894 illa
1306 1854 1422 1894 larva
1450 1853 1606 1895 civium
1633 1855 1714 1896 sibi

179 1939 183 1942 .
234 1906 574 1948 benevolentiam
603 1910 861 1950 conciliaret.

343 1979 554 2025 Ibid.13.
619 1982 879 2023 Βασιλίσκον
917 1979 989 2023 τὸν
1012 1977 1253 2036 εΑοματιόυ
1295 1977 1407 2036 υἱόν]
1440 1981 1715 2037 incogitantia

236 2036 461 2086 redditum,
493 2039 713 2078 Armatam
736 2040 930 2080 Basilisci
939 2040 1104 2095 filium,
1136 2054 1218 2094 pro
1250 2038 1500 2080 Basiliscum
1529 2041 1719 2081 Armatii

222 2091 387 2147 filium,
418 2100 466 2133 ut
499 2096 624 2147 paulo
653 2102 749 2135 aute
779 2096 886 2136 bene
915 2096 1121 2150 inteipres
1141 2101 1412 2150 expresserat.

357 2162 447 2216 194,
467 2165 506 2206 6.
567 2165 695 2208 αὐτὸν
713 2164 788 2223 τό]
814 2183 893 2209 vox
911 2165 1215 2225 ἐχειοοτονήθη
1231 2168 1459 2224 superflua,
1489 2184 1566 2210 nec
1579 2170 1709 2212 Barb

233 2223 363 2278 Peyr.
395 2228 476 2262 etc.
505 2222 675 2264 habent.

350 2292 444 2342 195,
479 2294 517 2335 7.
575 2290 789 2344 Στέφανος
833 2291 880 2332 δὲ
918 2289 1053 2350 ψήφω
1093 2293 1212 2349 κοινῇ
1242 2293 1500 2347 προβληθεις
1528 2307 1589 2341 εις
1614 2291 1711 2335 ’Av-

232 2339 433 2398 τιόχειαν,
457 2343 541 2387 υπὸ
569 2347 670 2402 των]
701 2347 758 2388 sic
787 2364 881 2389 cum
897 2350 1023 2405 Peyr.
1055 2336 1219 2405 disting.
1250 2350 1408 2404 alioqui
1431 2350 1538 2390 mala
1570 2351 1707 2391 inter—

236 2403 466 2455 punctione
494 2404 616 2445 foede
648 2411 849 2457 erratum,
880 2406 995 2461 quasi
1017 2407 1201 2447 Fullonis
1229 2407 1477 2447 asseclarum
1507 2407 1704 2462 suffragio

232 2460 385 2500 electus
424 2460 478 2501 sit
509 2460 742 2515 Stephanus
782 2463 1028 2504 Antiochiae
1071 2465 1290 2518 episcopus
1332 2462 1404 2502 illo
1435 2463 1588 2515 eiecto,
1620 2478 1704 2504 non

233 2515 283 2553 ab
313 2516 368 2555 eis
403 2523 450 2556 ut
463 2517 731 2559 Nestorianus
761 2525 989 2559 accusatus:
1023 2518 1138 2575 quod
1170 2521 1236 2560 ille
1266 2519 1424 2560 crimen
1454 2519 1494 2559 in
1525 2521 1706 2560 concilio

234 2571 488 2614 Laodicaeae
519 2574 632 2628 eluit,
648 2574 714 2614 vir
736 2574 932 2629 εὐλαβής,
956 2578 1052 2631 pius
1072 2591 1124 2619 ac
1140 2576 1366 2631 religiosuS,
1388 2581 1435 2616 ut
1456 2590 1551 2618 eum
1564 2577 1707 2618 Theo-

233 2626 387 2680 phanes
412 2631 620 2683 supeiiori
649 2646 742 2687 pag.
774 2633 1010 2686 appellavit.

348 2697 439 2747 198,
469 2700 506 2742 7.
565 2694 636 2739 dui
677 2695 723 2740 τὸ
752 2698 851 2748 τοὺς
893 2698 1025 2755 ἀέρας
1062 2697 1261 2753 ἀλλάξαι]
1303 2701 1428 2744 Raab
1471 2700 1596 2756 Peyr.
1625 2706 1703 2742 etc.

232 2749 291 2806 Πέ
320 2750 446 2805 ἵένὲί.
