1728 3184
678 176 878 219 NOTAE.
1417 172 1515 224 479

51 287 204 339 idest,
241 301 369 329 cruce
402 286 571 343 dignus,
608 294 650 329 et
677 289 872 343 furcifer,
900 304 1041 332 rernm
1085 293 1484 337 administratione’
1471 311 1515 336 ιιι

49 360 191 384 masinu
224 351 410 398 sumpta,
450 359 596 385 eruces
634 351 678 386 et
707 351 915 386 toimenta
954 348 1072 388 nobis
1102 358 1251 402 paret:
1278 352 1515 407 paraphra-

46 402 148 444 stice
179 403 489 454 interpretor?
518 401 713 456 legendus
743 402 971 443 Simocatta
991 418 1083 458 cap.
1109 405 1146 445 7.
1180 408 1240 446 vel
1271 415 1412 449 certe.
1436 410 1516 450 huc

46 473 110 497 res
137 466 254 498 actae
281 467 398 508 ,παις
406 467 467 499 ut
498 467 680 526 oporteat
718 458 917 499 Ioannem
955 474 1109 500 cntcem
1135 463 1341 504 Prasinae
1365 465 1515 509 sactio-

47 515 111 554 nis
137 512 280 554 clm-em
308 528 449 554 otu-am
474 527 604 569 remp.
627 510 650 553 ὅ
672 512 886 569 διοικητὴς
909 515 986 556 τοῦ
997 515 1224 569 Πρασίνου
1253 520 1409 573 μέρους
1421 518 1514 561 Ἰω-

45 583 173 624 αννης
203 565 229 608 ὅ
254 568 427 625 ἐπίκλην
450 570 635 625 κροῦκις.
664 571 812 613 chron.
842 571 1037 612 Alexand.
1069 573 1122 614 ad
1152 589 1305 615 annum
1334 575 1514 617 Phocae.

156 638 253 708 444,
268 641 308 683 7.
363 640 424 689 εἷς
453 641 809 712 Καλλικράτειαν]
844 643 951 685 idem
982 660 1072 700 cap.
1086 645 1126 686 8
1154 646 1293 713 χῶρος
1318 643 1400 702 γὰρ
1430 644 1511 702 πρό

44 698 123 740 τοῦ
150 691 300 746 ἄστεος
327 691 473 752 ουτος,
502 695 623 750 λί,αν
662 714 719 748 ως
758 696 857 766 ἔπος
887 700 1046 755 εἰπεῖν,
1095 701 1260 754 ὥρικός.
1315 704 1427 744 locus
1454 714 1514 745 est

43 764 142 795 ante
173 754 341 804 urbem,
365 768 595 811 perquam,
623 766 667 797 ιιι
691 758 836 799 omnia
876 759 997 798 verbo
1025 759 1284 815 complectar,
1310 774 1513 811 amoenus,

44 825 100 853 ac
127 811 340 867 speciosus.

154 883 263 926 Ibid.
293 882 332 924 9.
407 880 481 923 ὑπ’
521 881 658 924 αὐτου
685 881 1008 936 βασιλεύεσθαι]
1052 885 1191 926 locum
1218 886 1331 928 hunc
1358 902 1515 929 corru-

42 946 164 995 ptum
190 940 302 981 inter
330 940 465 981 varias
486 940 692 1017 lectiones
721 944 962 982 restitutum
990 943 1193 997 reperies.

153 1003 250 1059 445,
263 1008 301 1048 2.
360 1008 422 1054 εἷς
451 1004 524 1048 τὸν
549 1006 648 1048 ναὸν
676 1008 749 1062 τῆς
779 1005 1039 1076 θεομήτορος
1066 1024 1151 1050 των
1171 1009 1343 1066 Κύρου]
1371 1012 1514 1053 Simo-

42 1070 153 1104 catta
182 1065 351 1133 (ςίῐιιῐῑιιε,ι
376 1064 437 1120 τῶ
450 1061 550 1119 ἱερεῦ
569 1064 730 1115 τεμένει
748 1065 823 1118 τῆς
848 1063 1108 1130 θεομήτορος
1131 1067 1458 1134 προσεπέλασεν,
1488 1067 1514 1108 ὃ

40 1118 203 1173 Κῦρον,
229 1116 302 1161 τὸν
330 1117 403 1161 ἐπι
410 1104 663 1161 Θεοδοσίου
701 1120 778 1161 τοῦ
801 1117 1116 1186 αὐτοκράτορος
1142 1118 1340 1174 γεγονότα
1371 1103 1510 1177 δήμα-

41 1177 147 1217 σθαι
174 1172 298 1229 λόγος
341 1176 598 1230 καθέστηκεν
638 1174 846 1230 α’ψευδής.
913 1192 1074 1218 sacrum
1103 1178 1296 1233 deiparae
1323 1182 1512 1237 templum

34 1235 158 1288 petit,
188 1233 301 1287 quod
324 1248 352 1272 a
385 1233 493 1284 Cyro
534 1234 748 1273 Theodosii
780 1235 1018 1288 temporibus
1040 1249 1122 1275 esse
1148 1235 1349 1277 conditum
1350 1238 1511 1289 ‚filma

37 1303 118 1330 non
129 1290 260 1341 salsa
282 1290 514 1344 praedicat.
549 1290 648 1329 item
682 1290 788 1344 orig.
822 1291 904 1332 CP.

149 1355 264 1400 lbid.
293 1354 334 1396 4.
393 1353 631 1410 Στεφάνου]
661 1363 752 1397 erat
780 1357 810 1397 is
847 1357 1071 1409 eunuchus,
1102 1357 1285 1401 filiorum
1312 1359 1508 1403 Mauricii

37 1412 320 1468 paedagogus.
352 1414 580 1453 simocatta
615 1428 704 1467 cap.
736 1413 776 1453 8

147 1481 247 1536 446,
275 1482 316 1526 4.
392 1484 647 1535 διασώζεται
683 1483 951 1536 Αὐτόνομος]
996 1487 1106 1528 idem
1146 1501 1237 1542 cap.
1266 1486 1305 1528 9.
1333 1485 1455 1539 μόλις
1482 1502 1504 1527 ο

36 1517 291 1611 Μαυρίκίςῖο
314 1538 574 1591 διασώζεται
618 1541 691 1583 ἐπι
727 1538 800 1581 τὸν
827 1556 932 1581 νεων
960 1541 1214 1595 Αὕτονόμου
1240 1543 1316 1584 τοῦ
1341 1540 1508 1596 μα’ρτυ-

34 1611 132 1650 ρος,
161 1613 222 1647 ως
262 1595 346 1638 ἀπὸ
390 1598 574 1639 σταδίων
613 1596 651 1650 ρ’
690 1599 765 1639 καί
805 1594 838 1638 ν’
868 1597 942 1664 τῇς
979 1597 1141 1648 πόλεως
1170 1600 1507 1641 Κωνσταντίνου.

35 1654 278 1696 Mauricius
302 1669 425 1710 aegre
458 1655 522 1695 ad
542 1655 691 1696 aedem
728 1656 921 1707 martyns
961 1655 1182 1697 Αιιιοηοηιι
1207 1658 1329 1696 vivus
1355 1658 1506 1709 evadi,t

34 1713 108 1766 qui
128 1712 241 1751 locus
272 1711 359 1752 ΟΡ.
389 1713 552 1752 circiter
583 1713 661 1755 150
688 1712 835 1751 stadzis
866 1712 988 1751 abest.

146 1779 256 1819 Ibid.
291 1782 354 1824 17.
413 1779 459 1819 ἐν
487 1778 546 1834 τῶ
567 1776 779 1843 Ἑβδόμω]
809 1779 1036 1819 Simocatta
1070 1778 1140 1820 lib.
1160 1779 1188 1820 8
1216 1793 1306 1834 cap.
1340 1779 1404 1820 10.
1435 1777 1506 1821 τό-

36 1847 115 1882 πος
144 1827 270 1882 ουτος
301 1835 381 1876 τοῦ
408 1819 561 1883 ἄστεος
589 1832 672 1874 α’πὸ
702 1834 889 1888 σημείων
918 1830 1036 1876 smol.
1093 1837 1207 1876 locus
1230 1837 1288 1876 ab
1317 1837 1412 1876 urbe
1438 1851 1507 1877 se-

26 1901 141 1946 ptem
167 1892 344 1932 millibus
370 1893 488 1932 abest.
555 1891 639 1932 duo
674 1892 764 1932 loca
805 1892 987 1933 eiusdem
1015 1893 1191 1931 nominis
1220 1892 1342 1933 fuisse
1370 1894 1506 1933 conii-

33 1947 124 1988 cio:
151 1963 278 1988 unum
311 1949 363 1988 ad
394 1949 571 1999 urbem,
601 1955 643 1989 et
671 1945 946 2000 προάστειον,
988 1947 1040 1989 de
1070 1963 1156 2013 quo
1194 1950 1384 2015 superius
1412 1964 1504 2004 pag.

33 2002 102 2054 67,
137 2003 188 2044 de
218 2018 304 2059 quo
335 2005 562 2045 Simocatta
595 2004 681 2074 ipse
712 2009 899 2069 cap-12
903 1980 1037 2072 πρός
1068 2001 1113 2045 τὸ
1145 2003 1287 2045 πεδίον
1318 2002 1365 2045 τὸ
1398 2006 1507 2046 οἴνα-

36 2059 227 2111 κείμενον
257 2060 304 2101 ἐν
328 2060 384 2100 τῶ
413 2061 619 2116 λεγομένω
641 2057 857 2116 Ἓβὸὀμιο,
887 2056 937 2101 ὃν
962 2060 1129 2113 κόμπον
1150 2055 1356 2112 Ῥωμαῖοι
1382 2075 1507 2103 κατο-

31 2112 279 2167 νομάζουσι.
335 2102 395 2157 a‘d
418 2132 558 2172 agrum
586 2118 680 2158 urbi
713 2101 969 2158 adiacentem
998 2120 1097 2170 (non
1131 2118 1203 2171 qui
1235 2117 1412 2158 millibus
1440 2133 1505 2158 se-

31 2178 148 2226 ptem
179 2173 297 2223 absit)
318 2173 422 2225 loco,
452 2175 520 2215 cui
539 2187 683 2213 nomen
706 2173 954 2225 Ηεὺᾶοηιιιε,
981 2189 1102 2230 quem
1120 2173 1302 2214 Romani
1315 2188 1504 2230 campum

0 2274 2 2278 ,
31 2229 192 2270 dicunt.-
219 2229 360 2282 alium,
391 2230 444 2270 de
474 2244 559 2285 quo
590 2229 632 2268 in
661 2230 872 2284 praesenti
900 2232 1072 2271 mentio.

144 2297 253 2339 Ibid.
287 2299 351 2342 18.
415 2294 638 2350 Θεόδωρον
680 2294 757 2337 τὸν
793 2294 1049 2363 α’κηκρήτης]
1082 2296 1189 2337 idem
1219 2293 1291 2336 τόν
1321 2293 1506 2349 α’σηκρή..

28 2367 105 2407 της
135 2349 360 2407 Θεόδωρον
386 2354 470 2394 τῶν
515 2352 747 2404 βασιλικῶν
784 2351 1074 2408 ταχυγράφων
1113 2347 1251 2405 ἄνδρα
1280 2350 1502 2404 ἐπίσημον.

31 2424 60 2450 α
90 2411 250 2451 secretis
275 2412 381 2450 inter
407 2411 556 2451 celeres
582 2410 754 2462 scribas,
785 2425 852 2451 seu
869 2413 1067 2451 actuarios
1094 2411 1189 2463 imp.
1219 2408 1502 2448 clarzssimum.

30 2466 171 2508 varios
200 2465 408 2507 scribendi
438 2466 634 2506 vocabuli
678 2466 825 2507 modos
855 2467 1039 2508 offerunt
1067 2467 1207 2505 variae
1236 2463 1448 2504 lectiones.

141 2531 244 2583 448,-
270 2533 310 2574 5.
370 2527 616 2586 Εὖρωπίου]
649 2533 843 2574 mendosa
875 2534 944 2575 hic
985 2534 1170 2574 omnium
1197 2530 1321 2571 codd.
1352 2530 1503 2571 lectio:

28 2589 121 2631 viee
147 2586 407 2644 Εὕτροπίου,
440 2590 491 2630 de
520 2605 606 2645 quo
633 2590 868 2646 Procopius
890 2591 943 2632 ad
970 2591 1041 2631 lib.
1062 2590 1087 2630 2
1115 2587 1235 2630 aedit.
1267 2587 1434 2639 calcem,
1461 2594 1506 2629 et

25 2646 260 2687 Anastasius
288 2647 582 2687 correctiores.

136 2716 493 2772 449,11.μηνι“
520 2718 762 2775 Νοεμβρίῳ,
790 2717 1018 2761 ι’νδικτιῶνι
1037 2716 1095 2771 ς’]
1124 2715 1360 2758 chronicon
1391 2715 1501 2757 Alex.

24 2779 70 2816 et
98 2774 309 2831 appendix
339 2776 394 2817 ad
427 2775 553 2817 Marii
584 2759 830 2816 chionicon.
