1728 3184
666 206 864 248 NOTAE.
1403 200 1497 252 401

43 324 67 349 a
95 298 247 350 Basilio(
276 309 403 350 Cilice
433 309 653 364 diligenter
682 310 894 363 scriptam,
923 324 1047 364 quam
1068 311 1246 364 periisse,
1274 311 1340 351 vel
1369 311 1504 352 adhue

45 366 401 421 inter-*pulverem
431 373 472 407 et
501 366 648 407 blattas
676 365 807 406 lutere
836 366 1074 406 dolendum.

153 432 248 483 205,
282 431 333 473 3.-
385 430 751 486 ἆποκρισιαρίους]
781 433 975 472 mandata
1006 433 1256 487 principum,
1288 442 1327 475 et
1358 435 1503 489 ponti-

41 489 166 528 ficum
193 502 380 545 responsa
401 490 614 544 quondam
637 488 768 528 dicta:
798 488 869 543 qui
889 489 1132 530 deferebant
1154 490 1307 542 nuncii,
1336 505 1503 548 respon-

38 546 161 586 sales.
220 545 288 586 illa
317 546 487 586 Graecis
517 539 782 600 ἀποκρίσεις·
816 545 879 585 isti
909 539 1236 598 ἅποκρισιάριοι.

147 610 254 652 lbid.
288 612 351 656 12.
409 612 486 653 τοῦ
517 611 626 654 Διόυ
665 607 814 667 μονήν]
859 612 910 653 de
952 626 1036 667 quo
1071 614 1284 653 Menaeum
1314 614 1364 653 nd
1395 614 1502 656 diem

38 666 133 707 Iulii
155 665 218 719 19,
246 669 531 722 monologium
557 669 700 709 Sirleti
731 668 782 708 ad
815 668 924 709 diem
954 669 1144 712 eundem.
1215 672 1399 709 “S.Dius
1426 672 1502 712 sub

34 722 276 765 Theodosio
306 726 361 765 111
387 726 464 765 CP.
494 725 791 766 monasterium
818 725 1050 765 aedificavit
1071 725 1208 765 multis
1237 728 1420 780 pecuniis
1450 728 1502 767 ab

37 778 298 833 imperatore
325 782 614 836 suppeditatis,
644 782 794 837 quibus
825 796 929 835 opus
960 783 1091 835 ipsum
1128 782 1270 836 perfici
1299 786 1473 837 posset.''

146 847 251 888 Ibid.
284 847 352 889 13.
424 848 484 896 εἰς
511 847 557 888 τὸ
584 846 788 901 ἱερατεῖον
821 847 1052 902 ἐπέδωκαν]
1083 850 1301 889 Liberatus
1322 850 1372 890 ‘in
1401 851 1504 891 bre-

34 903 167 943 viario
195 918 285 958 cap.
308 903 374 945 18.
416 905 547 945 “datis
567 906 716 945 Acacio
735 904 987 945 ‘huiusmodi
1018 906 1177 956 litteris,
1209 921 1273 946 eas
1303 921 1385 947 non
1413 921 1504 947 sus-

31 959 169 1013 cepit,
209 961 451 1015 patrocinio
487 963 611 1002 fultus
641 962 928 1015 imperatoris:
969 962 1026 1001 ita
1056 969 1102 1002 ut
1133 970 1399 1016 cogerentur,
1430 964 1502 1018 qui

32 1028 98 1054 eas
129 1015 384 1068 detulerunt,
414 1032 493 1072 per
522 1017 729 1074 quendam
751 1017 999 1057 monachum
1024 1019 1341 1059 Achimitensem
1373 1021 1501 1074 ipsam

31 1070 220 1113 chartam
246 1074 532 1125 damnationis,
564 1074 662 1114 dum
691 1074 984 1127 ingrederetur
1014 1074 1065 1114 ad
1095 1075 1343 1116 celebranda
1371 1091 1500 1127 sacra,

31 1129 283 1182 suspendere
329 1132 369 1170 in
416 1131 501 1170 eius
531 1130 685 1184 pallio,
729 1136 770 1170 et
801 1130 1024 1171 discedere.
1095 1131 1167 1186 qui
1201 1137 1336 1171 tamen
1369 1147 1501 1187 usque

33 1182 85 1222 ad
115 1191 296 1226 mortem
326 1188 620 1241 patrocinante
642 1188 898 1241 imperatore
930 1188 1127 1228 remansit
1159 1189 1405 1228 sacrificans.
1435 1189 1497 1228 his

29 1242 387 1294 provenientibuS,
420 1251 460 1283 et
492 1244 640 1283 Acacio
682 1249 954 1298 permanente
985 1244 1024 1283 in
1047 1244 1161 1284 Petri
1192 1245 1499 1295 communione,

27 1299 239 1350 separavit
279 1313 322 1339 se
369 1299 536 1354 quidem
577 1300 689 1340 sedes
730 1299 958 1353 apostolica
1000 1315 1022 1339 a
1053 1301 1159 1342 CP.''
1219 1302 1363 1341 ultima
1396 1301 1499 1341 haec

29 1353 279 1449 Thgophani
311 1354 598 1396 adversantur.
668 1355 869 1396 videndus
900 1356 1102 1412 Euagrius
1134 1357 1204 1402 ub.
1238 1355 1264 1397 3
1293 1371 1411 1411 capp.
1447 1356 1497 1398 10

28 1415 71 1450 et
133 1411 168 1449 1.

141 1474 235 1527 206,
269 1477 307 1518 1.
368 1475 622 1519 Kaaavde'mv
667 1478 887 1527 ἐπίσκοπος
922 1476 1210 1532 Ἀντιοχείας]
1249 1480 1288 1519 ἰη
1332 1479 1494 1532 priores

27 1547 168 1583 annos,
200 1535 347 1589 quibus
366 1533 501 1575 adhuc
521 1536 656 1575 sedem
681 1537 914 1589 occupabat
935 1535 1175 1589 calandion,
1196 1537 1360 1576 fuerant
1386 1535 1488 1576 hacc

26 1604 50 1628 a
79 1590 334 1643 Theophane
378 1591 638 1631 revocanda:
678 1592 728 1632 de
768 1592 915 1646 quibus
946 1592 995 1631 ad
1037 1593 1210 1632 verbum
1240 1592 1491 1632 Theodorus

24 1646 160 1686 lector
191 1647 258 1686 lib.
291 1648 315 1687 2
355 1648 517 1688 collect.
549 1649 697 1702 petitas
728 1663 748 1687 a
777 1644 944 1688 Zenone
972 1648 1175 1688 Eustathii
1206 1649 1416 1704 reliquias,
1452 1656 1492 1689 et

27 1702 233 1757 Philippis
265 1704 534 1744 Macedoniae
566 1712 726 1746 evectas
750 1705 910 1745 scribit.

133 1770 244 1810 lhid.
276 1769 313 1811 6.
376 1772 598 1823 Φραυίτας
628 1755 831 1826 τριίμὴνου
871 1773 942 1825 τῆς
971 1770 1215 1825 ἐπισκοπῆς]
1247 1774 1490 1830 quadrime-

23 1833 151 1867 strem
183 1827 303 1881 ponit
334 1828 418 1868 eius
448 1830 734 1884 episcopatum
763 1829 968 1884 Euagrius
998 1829 1072 1869 lib.
1092 1827 1118 1869 3
1142 1843 1230 1883 cap.
1263 1829 1327 1870 23.
1359 1831 1410 1871 de
1438 1845 1488 1872 eo

27 1897 200 1939 quoque
228 1885 445 1924 Liberatus
477 1887 516 1926 in
546 1886 758 1926 breviario
793 1900 882 1940 cap.
921 1884 981 1927 18.

135 1950 244 1993 [bid.
273 1952 339 1992 91.
398 1953 566 2004 Πέτρος
595 1951 616 1992 ὅ
641 1949 832 2008 ῙΡΙόγγος]
876 1953 991 1993 Petri
1020 1953 1159 2006 Mongi
1187 1959 1365 1994 mortem
1397 1955 1487 1994 Eu-

21 2006 174 2060 phemii
204 2009 645 2061 primordiissolerter
676 2011 913 2050 adiunctam
936 2024 982 2050 ex
1005 2009 1174 2063 Euagrii
1196 2009 1264 2050 lib,
1284 2009 1322 2050 3.
1354 2011 1484 2065 cap.2

22 2065 274 2104 auctoritate
304 2065 480 2119 colliges.
540 2066 760 2107 Athanasio
789 2065 1013 2107 successori
1041 2079 1168 2105 annos
1198 2065 1237 2117 ὃ,
1272 2065 1355 2107 dies
1386 2066 1479 2116 223,

19 2121 196 2175 assignat
226 2120 515 2162 Ecchellensis.

130 2186 226 2239 207,
258 2187 295 2228 2.
354 2187 504 2240 Ζήνων
529 2188 576 2230 δὲ
603 2187 623 2230 ὅ
650 2185 868 2242 βασιλεύς]
918 2204 1045 2229 annus
1073 2190 1268 2243 superior
1295 2204 1379 2246 quo
1411 2197 1479 2245 ty..

17 2244 138 2283 ranni
164 2244 346 2293 extincti,
382 2259 589 2301 quemque
609 2245 835 2286 Calandion
869 2246 1057 2286 ultimum
1088 2247 1331 2295 numeravit,
1362 2260 1478 2286 corn-

15 2299 176 2341 modius
204 2301 278 2341 ista
305 2302 536 2355 excepisset.
572 2303 788 2344 historiam
818 2303 959 2358 itaque
990 2316 1073 2343 non
1098 2302 1475 2358 chronographiam

14 2363 165 2398 auctor
196 2357 263 2398 hic
291 2357 471 2398 exhibet.

122 2424 234 2466 Ibid.
265 2424 308 2465 8.
367 2425 535 2475 Πέτρος
582 2424 629 2465 δὲ
671 2422 693 2465 ὅ
726 2423 940 2481 Γναφεύς]
982 2426 1085 2466 haec
1125 2440 1264 2466 rursus
1295 2425 1470 2480 propria

11 2480 107 2522 sede
136 2487 312 2530 remota,
344 2487 385 2522 et
415 2481 582 2536 palladii
610 2482 735 2523 aetati
767 2483 996 2538 incongrue
1028 2483 1203 2523 adnexa:
1238 2482 1287 2520 de
1321 2482 1469 2536 quibus

7 2535 210 2592 Euagrius
252 2538 325 2578 lib.
354 2537 379 2578 3
406 2552 495 2592 cap.
531 2537 603 2589 16,
643 2539 872 2580 Alexander
903 2540 1128 2579 monachus
1157 2538 1264 2593 apud
1299 2538 1469 2577 Surium

14 2592 60 2632 11
93 2595 212 2638 Iunii.

117 2661 226 2702 Ibid.
258 2660 335 2703 14:
391 2657 576 2711 Ξεναΐας
619 2662 666 2703 δὲ
705 2659 728 2702 ὅ
771 2661 933 2717 δοῦλος]
982 2662 1211 2702 recitantur
1248 2660 1351 2700 haec
1388 2675 1467 2715 per

7 2716 264 2758 Anastasium
319 2718 543 2759 diaconum
595 2720 635 2758 in
685 2719 914 2773 posteriori
959 2719 1138 2760 Nicaeno
1196 2717 1375 2757 concilio
1418 2733 1463 2758 ex

6 2770 233 2869 ''fheodoro
265 2774 451 2827 lectore,
480 2788 564 2831 quo
595 2781 787 2830 tempore
821 2777 905 2816 eius
937 2775 1109 2816 historia
1145 2774 1303 2829 integra
1333 2772 1463 2815 habe-

0 2850 2 2874 ς
37 2836 145 2870 atur.

137 2902 375 2950 sseopkanes
399 2904 451 2940 11.
1148 2901 1191 2936 26
