1728 3184
229 168 326 216 528
715 175 770 217 ΙΝ
809 174 1182 218 ΤΗΕΟΡΗΑΝΕΜ

228 287 502 343 Nicephorus.
546 286 591 328 ἐν
633 278 665 345 ᾧ
697 288 743 330 δὲ
774 283 887 328 οὕτω
932 290 1065 329 ταῦτα
1096 286 1335 340 ἐπράττετο.
1379 288 1432 330 de
1461 287 1696 329 huiusmodi

231 346 387 401 nuptiis
416 344 511 386 vide
543 345 803 386 observanda
836 347 877 386 in
909 346 1016 385 notis
1044 346 1095 386 ad
1133 360 1223 399 pag.
1255 343 1350 385 384.

339 411 436 463 631,
477 411 541 455 17.
597 409 777 454 τάλαντα
813 412 911 465 τριά
956 407 1105 465 ἥμισυ]
1151 413 1272 452 lectio
1313 412 1400 452 Pal.
1444 419 1488 460 et
1528 412 1700 468 Peyrez.

228 468 341 508 iuter
377 469 510 509 varias
553 468 676 510 habet
712 469 787 522 -νζ,
824 470 1056 510 Anastasius
1101 470 1227 510 habet
1273 470 1426 509 talenta
1454 470 1540 509 tria
1568 479 1605 510 et
1631 470 1698 509 di-

229 525 411 565 midium.
1471 544 1474 548 ⁴

342 579 437 632 632,
466 578 505 621 6.
565 579 788 631 Θεόδωρος
818 577 840 619 ὁ
878 580 954 620 τοῦ
985 579 1223 634 Μανσούρ]
1258 581 1542 622 hallucinatur
1565 582 1699 622 Baro-

233 637 323 676 nius
356 638 408 677 ad
439 652 591 677 annum
621 635 660 675 d.
676 633 759 676 734
795 651 905 677 num.
929 640 949 680 1
980 638 1186 678 scribens:
1211 636 1346 692 fuisse
1373 638 1540 679 tradunt
1575 638 1700 678 Theo-

230 692 374 734 dorum
413 695 647 749 episcopum
687 693 969 748 Galsa-vorum,
1013 703 1217 734 cantorem
1254 703 1514 747 cognomento
1537 694 1701 734 dictum.

235 754 270 794 1.
301 749 416 805 quod
439 750 714 789 Theodorum
747 749 858 788 hunc
886 751 1056 789 Mansur
1084 766 1179 790 cum
1199 751 1429 791 Theodoro
1458 751 1539 790 alio
1555 751 1699 790 Theo-

231 807 378 862 phanis
418 807 549 846 fratre
586 805 839 845 confundat:
884 805 921 844 Q.
965 806 1079 860 quod
1125 806 1397 848 Theodorum
1434 808 1697 861 Grapsorum

232 864 470 918 episcopum
501 864 774 916 (Graptorum
806 876 900 900 cum
934 862 1019 901 aliis
1062 865 1172 903 vocis
1202 863 1382 904 eiusdem
1414 864 1566 918 ignaris
1597 877 1699 903 cor-

233 920 387 960 rectius
416 919 658 972 scripsisset)
690 923 822 972 putet,
854 919 924 973 qui
953 917 1142 971 γραπτὰς
1170 936 1199 959 a·
1221 921 1368 960 litteris
1397 920 1527 960 fronti
1557 919 1699 960 inustis

233 977 443 1017 dicendus.
505 972 718 1028 Μανσοὺρ
751 980 890 1016 autem
908 975 1319 1017 dicum-Theodorus
1348 977 1428 1031 hic,
1458 978 1573 1031 quod
1604 990 1699 1015 cum

230 1034 386 1074 Ioanne
403 1034 680 1082 Damascene,
714 1031 828 1071 cuius
861 1045 957 1071 avus
976 1033 1144 1071 Mansur
1171 1033 1302 1073 dictus
1330 1040 1402 1085 est,
1435 1047 1698 1073 communem

230 1090 438 1144 sanguinis
481 1088 656 1141 stirpem
699 1093 843 1127 nactus
886 1089 1037 1128 fuerit:
1078 1091 1141 1128 vel
1184 1090 1299 1144 quod
1341 1089 1560 1130 nobilitate
1589 1089 1699 1130 inter

231 1146 401 1201 gentiles
433 1145 679 1199 praecipuas
696 1145 900 1184 Mansuris
939 1145 1260 1198 appellationem
1288 1146 1487 1197 (nobilem
1517 1145 1626 1186 enim
1658 1152 1700 1186 et

231 1202 468 1258 principem
495 1200 688 1240 familiari
718 1201 929 1256 colloquio
955 1203 1190 1254 exponebat
1223 1202 1427 1243 Abraham
1458 1202 1698 1243 Ecchellen-

233 1260 300 1311 sis)
330 1257 585 1314 promeritus
615 1258 679 1298 sit.
713 1257 807 1298 vide
839 1272 936 1312 pag.
967 1256 1061 1298 350.
1097 1260 1327 1300 verborum
1358 1274 1494 1314 porro
1523 1259 1699 1299 istorum

230 1315 442 1370 ἐξωρίσθη
475 1311 694 1366 Θεόδωρος
723 1312 747 1353 ὅ
776 1315 853 1353 τοῦ
882 1311 1108 1366 Μανσούρ,
1140 1323 1221 1356 etc.
1257 1317 1436 1357 versioni
1467 1316 1698 1356 Anastasius

230 1380 272 1413 et
302 1372 479 1413 miscella
510 1370 800 1425 praemittunt.
857 1386 963 1411 anno
990 1371 1149 1412 decimo
1183 1382 1328 1414 octavo
1356 1373 1519 1429 imperii
1549 1371 1698 1412 Leonis

229 1430 467 1469 Zacharias
495 1429 701 1468 Romanus
722 1428 889 1484 praesul
918 1429 1100 1469 habetur.

339 1502 450 1543 Ibid.
484 1504 547 1544 11.
604 1498 731 1557 τούτῳ
770 1500 830 1556 τῷ
865 1497 949 1540 ἔτει
991 1496 1340 1558 ἐπεστράτευσεν]
1372 1517 1526 1542 annum
1557 1501 1701 1542 vicesi-

229 1574 356 1612 mum,
378 1573 426 1597 ac
456 1573 519 1598 res
549 1557 590 1597 in
622 1573 672 1598 eo
701 1564 832 1612 gestas
867 1558 1005 1597 omisit
1033 1559 1278 1598 Anastasius.

340 1627 450 1668 Ibid.
482 1621 545 1665 14.
597 1621 752 1680 ἹσάμῙ
773 1626 1006 1666 Anastasius
1031 1625 1177 1669 Hison.
1209 1626 1386 1667 miscella
1415 1626 1596 1667 Evelid:
1631 1640 1700 1666 ea-

230 1683 325 1724 dem
355 1683 631 1723 Soleimanem
660 1684 867 1723 Zulcimin
899 1683 1056 1737 ubique
1086 1682 1196 1736 legit.

342 1748 535 1792 Ibid.19.
592 1745 831 1805 σκήπτρων]
863 1749 1060 1804 pinnulae
1090 1749 1287 1802 vexillari,
1322 1750 1443 1804 vulgo
1472 1749 1698 1800 banderole,

230 1814 272 1848 et
294 1807 433 1846 clavae
461 1821 507 1848 ex
540 1821 643 1846 auro
669 1806 735 1847 vel
762 1813 936 1861 argento
959 1806 1215 1860 principibus
1233 1806 1274 1845 in
1295 1807 1509 1860 potestatis
1536 1807 1700 1861 signum

228 1864 437 1919 praeferri
467 1869 688 1903 consuetae
718 1863 1022 1918 significandae,
1053 1862 1277 1902 dictionem
1293 1860 1514 1916 σκήπτρων
1549 1878 1699 1903 recen-

229 1921 409 1961 tioribus
451 1920 620 1959 Graecis
660 1919 827 1959 dubiam
858 1934 940 1960 esse
980 1919 1020 1958 in
1065 1918 1260 1959 editionis
1308 1920 1460 1976 Regiae
1490 1919 1697 1960 Codinum

230 1991 322 2032 cap.
349 1971 379 2027 6
409 1982 508 2016 nota
538 1974 592 2016 39
624 1975 845 2020 declaravi.
903 1975 1044 2016 arrisit
1087 1983 1215 2027 tunc,
1246 1991 1353 2031 qnae
1382 1977 1554 2017 omnino
1587 1992 1697 2017 nunc

228 2034 347 2089 place
370 2067 381 2085 ‚
410 2040 451 2073 et
477 2032 633 2072 clavam
673 2033 963 2085 honorariam,
997 2046 1127 2072 masse
1165 2031 1403 2086 d'honnwr,
1430 2049 1478 2074 ex
1507 2035 1696 2074 auctori-

228 2091 335 2132 tatib
367 2104 384 2130 s
415 2089 602 2130 adductis
631 2090 834 2130 sententia
863 2089 1182 2143 interpretatur.

370 2161 496 2215 33,1.
550 2158 686 2218 τούτῳ
719 2162 778 2218 τῷ
807 2158 887 2203 ἔτει
918 2160 1226 2215 ἐπεστράτευσε
1241 2158 1475 2212 Σουλεϊμὰν
1505 2158 1698 2215 τὴνῬω..

228 2220 399 2273 μανάν]
424 2219 647 2274 praesentis
671 2221 780 2273 anni,
813 2220 881 2274 qui
904 2219 1051 2260 Leonis
1081 2218 1280 2259 secundus
1301 2234 1348 2258 ae
1377 2219 1593 2260 vicesimus
1622 2227 1696 2272 est,

229 2277 289 2334 his
313 2278 445 2317 oriam
475 2284 517 2317 et
561 2276 809 2316 laterculum
838 2291 1034 2331 sequens,
1066 2290 1150 2331 quo
1193 2276 1341 2315 Leonis
1373 2275 1451 2331 93,
1483 2278 1586 2316 Isam
1618 2276 1695 2328 17,

230 2334 454 2374 Zachariae
482 2331 508 2374 6
546 2338 587 2373 et
615 2333 813 2373 Anastasii
846 2334 927 2373 CP.
962 2333 1144 2388 episcopi
1175 2333 1357 2372 decimus
1381 2333 1581 2387 signatur,
1608 2335 1695 2374 Re..

230 2391 286 2446 gii
318 2389 469 2430 codicis
514 2390 707 2430 librarius
748 2390 985 2430 describere
1030 2390 1190 2430 omisit:
1231 2389 1374 2429 eadem
1417 2390 1457 2429 in
1495 2390 1693 2430 Anastasii

230 2447 420 2487 versione
466 2447 634 2502 legenda
661 2461 711 2487 ex
741 2447 954 2499 Palatino,
983 2447 1252 2502 PeyrezianO‚
1281 2451 1322 2485 et
1344 2447 1578 2487 Berberino
1608 2461 1695 2487 ma-

230 2505 451 2559 nuscriptis
481 2509 688 2558 excerpta,
712 2518 762 2544 ne
780 2504 979 2544 lectorem
1008 2503 1239 2544 offenderet
1265 2502 1426 2556 lacuna,
1457 2503 1538 2544 huc
1555 2510 1694 2544 trans..

230 2561 413 2601 tulimus.
484 2560 663 2601 miscella
705 2560 817 2615 quasi
858 2561 973 2615 regio
1018 2560 1276 2602 consentiens
1311 2558 1451 2600 eadem
1481 2560 1713 2600 occultat:

230 2632 437 2658 annorum
470 2623 607 2657 tamen
641 2617 974 2672 dispositionem,
1007 2632 1170 2658 necnon
1206 2630 1269 2656 res
1300 2631 1323 2655 a
1354 2617 1502 2657 Leonis
1531 2616 1693 2657 decimo

231 2688 343 2713 nono
371 2675 424 2714 ad
462 2674 691 2715 secundum
733 2680 774 2714 et
799 2674 1035 2715 vicesimum
1078 2675 1135 2715 ita
1167 2673 1360 2714 dissociat
1388 2679 1430 2714 et
1457 2674 1695 2728 perturbat,

231 2737 278 2770 ut
308 2745 400 2770 cum
434 2732 603 2772 Graecis
636 2730 873 2786 codicibus,
902 2733 966 2773 vel
986 2746 1080 2772 cum
1106 2730 1319 2771 Anastasio
1351 2729 1391 2771 in
1422 2730 1693 2771 concordiam

231 2802 431 2829 revocare
461 2802 651 2845 nequeas.
