1728 3184
640 195 840 239 NOTAE.
1380 190 1478 236 335

13 318 186 369 mentio,
214 317 328 373 apud
355 323 438 358 tres
481 317 596 373 prius
626 321 882 358 memoratos
908 320 1102 356 auctores
1129 321 1283 367 extant,
1313 330 1336 356 a
1365 315 1482 357 Con-

12 376 197 416 stantino
227 375 394 415 iuniore
423 389 506 414 uon
528 373 773 414 Constantio
797 372 992 426 scriptae.

123 448 190 499 52,
220 446 261 488 3.
320 443 343 486 ὅ
376 443 622 501 Σωκράτης]
657 446 728 486 lib.
766 445 910 499 lcap.
939 444 980 485 5.

120 521 230 561 Ibtd.
258 517 299 560 6.
357 517 494 568 εὐθύς
525 519 574 560 δὲ
615 515 719 571 μετὰ
756 518 827 558 τὸν
861 517 996 570 μέγαν
1023 516 1348 558 Κωνσταντῖνον
1377 516 1484 558 dns..

11 578 156 631 aava]
195 577 452 617 Sozomenus
499 576 569 617 1ἰ1).
608 575 635 616 3
677 589 768 629 cap.
803 575 839 624 1,
871 574 1000 614 relata
1042 574 1304 614 Constantini
1332 581 1484 624 morte,

13 647 109 688 cap.
143 637 168 677 2
197 633 422 687 subiungit.
466 629 568 685 περὶ
606 631 654 672 δὲ
695 631 842 671 τοῦτον
881 627 953 670 τόν
985 626 1145 694 χρόνον
1174 629 1384 681 Εόσεβιόυ
1410 631 1486 671 τοῦ

9 688 253 758 Παμφίλου
280 667 631 753 τελευτήσαντος,
675 687 920 738 διαδέχεται
948 682 1022 739 τήν
1063 685 1109 726 ὲν
1140 683 1382 742 Καισαρειά
1411 686 1486 739 τῆς

15 744 305 799 Παλαιστίνης
339 741 567 797 ἐπισκοπὴν
592 741 800 791 Ἀκάκιος.
853 758 935 799 per·
958 743 1067 783 idem
1084 740 1182 797 sere
1209 752 1378 797 tempus,
1395 742 1485 782 Eu.

10 804 120 842 sebio
150 811 408 855 cognomento
438 801 661 856 Pamphilo
683 809 852 851 mortuo,
883 800 1063 840 Aeacius
1089 800 1370 856 episcopatum
1385 798 1487 839 Cae-

11 871 163 898 sareae
193 857 454 899 Palaestinae
495 858 671 913 capessit
701 862 779 897 etc.
811 871 918 912 quae
948 855 1093 896 eadem
1133 862 1283 895 auctor
1311 855 1379 894 hic
1410 856 1486 895 ad-

17 914 158 955 vertit.

126 968 239 1010 Ibid.
262 968 327 1010 12.
377 967 583 1023 Σαβώρης
611 965 632 1009 ὃ
653 968 854 1022 Περσῶν]
885 967 1056 1008 Saboris
1087 965 1410 1021 expeditionem,
1447 975 1489 1009 et

14 1026 154 1067 Iacobi
183 1026 360 1066 Nisibeni
403 1040 581 1080 precum
624 1027 826 1065 virtutem
866 1026 996 1066 refert
1026 1024 1306 1078 Hieronymus
1340 1024 1489 1076 eodem

15 1098 140 1123 anno.
197 1083 343 1123 Nisibis
387 1082 648 1123 obsidionem
693 1081 875 1122 duorum
917 1081 1117 1122 mensium
1147 1080 1374 1121 terminum
1404 1096 1487 1122 non

13 1140 193 1194 attigisse
220 1146 385 1179 nan-:at
427 1138 720 1179 Theodoretus
756 1138 808 1178 ad
855 1138 1204 1193 septuagesimum
1242 1136 1351 1176 diem
1384 1153 1490 1193 pro-

16 1197 184 1236 ductam
213 1195 360 1236 scribit
390 1195 460 1235 lib.
478 1195 503 1236 2
533 1210 625 1250 cap.
639 1193 692 1235 30
723 1193 957 1235 chronicon
984 1170 1310 1236 Alexandrinum
1329 1193 1384 1235 73
1405 1194 1491 1237 dies

19 1251 152 1293 eidem
183 1252 378 1307 assignat.

129 1318 197 1370 53,
225 1283 286 1359 3?
324 1313 566 1369 Δαλμάτιος
596 1315 644 1358 δὲ
671 1312 693 1356 ὅ
722 1317 895 1369 καῖ’σαο]
938 1311 1099 1369 ευἭιῖς,
1127 1316 1263 1383 inquit
1293 1323 1446 1358 auctor
1469 1333 1493 1358 a

24 1375 288 1416 Constantini
334 1381 485 1414 morte.
556 1374 747 1414 Aurelius
790 1373 955 1414 Victor.
997 1374 1208 1424 cory‘estim
1236 1373 1492 1425 Dalmatius,

16 1434 214 1472 incertum
228 1445 308 1486 qno
336 1444 515 1480 suasore,
544 1430 794 1486 inteficitur.
827 1429 1077 1483 Eutropius.
1114 1429 1353 1471 Dalmatius
1379 1431 1497 1470 haud

20 1489 143 1530 multo
157 1497 254 1543 post
266 1500 482 1542 oppressus
511 1485 759 1541 estfactione
781 1487 969 1536 militari,
990 1494 1030 1526 et
1048 1486 1285 1528 Constantio
1309 1488 1494 1542 patruele

21 1558 92 1583 suo
118 1545 271 1584 sinente
292 1545 440 1599 potius,
461 1555 587 1597 quam
606 1543 773 1594 iubente,
789 1537 838 1581 οὖ
858 1539 1104 1594 κωλύοντος,
1131 1542 1190 1581 ait
1206 1542 1494 1596 Theophanes.

25 1601 305 1664 Hieronymus
335 1613 445 1639 anno
486 1598 652 1652 imperii
683 1598 814 1639 tertio
857 1598 990 1652 ipsum
1022 1612 1184 1638 caesum
1215 1600 1382 1639 asserit:
1412 1600 1495 1639 tri-

18 1656 168 1697 cesimo
200 1656 358 1712 quippe
388 1655 652 1696 Constantini
692 1655 909 1695 Caesarem
950 1660 1140 1696 evectum
1168 1657 1375 1710 superius,
1405 1656 1496 1696 Eu..

19 1713 152 1763 sebio,
180 1713 380 1765 Baronio,
413 1717 456 1752 et
486 1711 574 1752 aliis
605 1711 857 1753 assensimus.

132 1781 238 1821 Ibzd.
269 1778 307 1820 7.
379 1778 634 1830 Δαλματιόυ
668 1779 747 1818 τοῦ
775 1776 889 1828 νέου]
934 1791 981 1818 ex
1011 1777 1270 1819 Constantini
1299 1780 1500 1833 genealo-

20 1837 87 1891 gia
114 1843 157 1876 et
184 1835 308 1876 variis
332 1849 410 1875 mss
438 1835 551 1875 inter
579 1850 621 1876 se
646 1836 914 1889 comparatiS,
945 1835 1120 1876 maxime
1153 1849 1255 1875 vero
1289 1836 1497 1877 Vaticano

24 1894 187 1957 primo,
230 1892 492 1933 Constantini
537 1892 687 1932 fratres
719 1892 1025 1945 dignoscuntur
1051 1892 1281 1932 Daimatius
1312 1898 1354 1932 et
1383 1893 1498 1933 Con-

20 1949 208 1989 stantius.
239 1949 307 1989 hle
325 1948 444 1999 Galli,
475 1954 517 1989 et
545 1948 726 1989 Iuliani.
756 1948 838 2000 ille,
871 1947 944 2003 qui
974 1948 1126 1999 senior,
1155 1948 1352 1989 Dalmatii
1385 1950 1498 1990 istius

23 2006 200 2045 iunioris
240 2013 390 2074 pater
403 2005 596 2045 habetur.
667 2005 862 2045 Socrates
899 2004 970 2045 lib.
1000 2003 1026 2044 3
1059 2020 1148 2060 cap
1185 2005 1219 2044 1.
1251 2004 1500 2056 Δαλμάτιος

23 2057 119 2101 υὶόν
149 2059 271 2113 ἔσχεν
301 2057 526 2113 ὁμώνυμον
555 2061 682 2117 αύτῷ.
741 2061 773 2102 is
796 2067 934 2102 autem
964 2061 1107 2102 iunior
1133 2062 1362 2102 Dalmatius
1383 2063 1499 2102 Con-

22 2117 164 2159 stantii
194 2117 392 2171 patruelis
423 2117 474 2158 ab
505 2132 555 2157 eo
588 2118 763 2169 iussus,
754 2124 827 2158 aut
856 2118 1076 2172 permissus
1104 2126 1165 2159 est
1193 2117 1345 2184 occi'di,
1374 2125 1422 2158 ut
1451 2133 1499 2159 ex

24 2180 126 2214 nota
153 2174 375 2238 superiore
405 2179 581 2215 constat.
641 2175 895 2215 Sozomenus
926 2174 997 2215 lib.
1014 2174 1039 2214 5
1070 2189 1160 2240 cap.
1192 2176 1230 2215 2.
1285 2169 1500 2230 Ἰουλιανῶ

23 2246 94 2270 και
136 2226 285 2285 Γάλλῳ
319 2230 462 2282 ys'yovs
503 2225 641 2283 πατὴρ
673 2228 974 2278 Κωνστοίντιος
1014 2227 1273 2283 ὁμοπάτριος
1311 2215 1501 2299 α’δελφὸς

23 2270 355 2327 meravtt'vov
399 2285 477 2324 τοῦ
490 2283 851 2354 βασιλεύσαντος,
888 2301 959 2327 και
991 2286 1267 2356 Antipatri-ov
1324 2301 1373 2325 ου
1402 2291 1501 2333 παῖς

25 2338 250 2407 ὁμώινυμος·
267 2342 442 2394 Καΐσαο
473 2339 771 2394 &vatiam-9812,
781 2341 973 2409 ἀνῃρέθη
1001 2339 1085 2382 υπὸ
1117 2358 1199 2383 των
1230 2343 1502 2395 στρατιωτῶν

24 2395 129 2449 μετὰ
163 2394 238 2449 τὴν
265 2398 340 2438 τοῦ
358 2397 684 2438 Κωνσταντίνου
712 2397 927 2451 τελευτήν.
949 2409 1078 2455 pater
1108 2400 1278 2439 Iulzano
1306 2408 1343 2437 et
1377 2398 1500 2438 Gallo

27 2465 157 2494 etlam
178 2453 268 2507 fnit
296 2454 549 2494 Constantius
575 2468 789 2506 germanus
807 2455 956 2506 frater
994 2456 1254 2496 Constantini
1278 2456 1501 2509 imperato-

29 2513 98 2558 ris,
128 2519 167 2549 et
193 2510 431 2550 Dalmatii:
472 2511 580 2549 caius
600 2510 724 2565 filius
765 2512 907 2550 eodem
948 2512 1109 2552 nomine
1141 2511 1404 2567 appellatas,
1431 2511 1502 2565 qui

30 2565 188 2605 Caesar
217 2565 447 2606 declaratus
457 2567 622 2615 suerat,
664 2580 692 2605 a
722 2568 919 2608 militibus
937 2578 1032 2624 post
1060 2582 1140 2608 mor
1143 2577 1229 2607 tem
1253 2566 1503 2607 Constantini

27 2623 253 2673 intersectas
278 2631 345 2663 est.
405 2622 547 2662 eadem
579 2622 771 2663 Socrates
801 2623 965 2664 citatus.

139 2694 336 2735 Ibzd.1l.
374 2690 673 2742 Κωνστὰντιος
702 2694 749 2736 δὲ
778 2692 983 2748 πρότερον
1014 2692 1242 2748 δεχόμενος
1269 2692 1318 2735 τὸ
1350 2690 1503 2746 ὅμοού·

28 2748 135 2804 σιον]
195 2751 255 2791 ita
283 2751 578 2792 Theodoretus
611 2751 680 2791 tib.
711 2751 737 2793 2
768 2767 862 2807 cap.
895 2753 933 2804 2,
964 2754 1156 2793 Socrates
1186 2752 1256 2794 lib.
1288 2751 1313 2793 2
1342 2766 1433 2808 cap.
1463 2751 1502 2804 2,

31 2806 288 2849 Sozomenus
320 2807 395 2849 lib.
429 2806 457 2847 3
488 2822 580 2862 cap.
613 2807 650 2848 1.
