1728 3184
161 192 261 256 446
649 208 706 251 IN
746 208 1129 254 TaaoRHANEM

163 342 290 392 gnum
327 322 526 365 inclusive
566 322 651 364 dics
679 330 776 365 sunt
818 324 888 378 42,
934 340 980 367 cx
1008 326 1158 381 quibus
1196 339 1262 365 sex
1291 323 1509 366 dominicis
1540 320 1644 380 oin)-

161 380 357 430 στεύτοις
388 380 616 435 expunctis,
651 381 802 437 reliqui
841 388 938 422 sunt
968 382 1053 423 dies
1101 380 1155 422 36
1186 381 1342 423 ieiunio
1375 383 1501 423 dicati
1535 392 1644 435 (nam

161 439 341 481 sabbatis
373 437 544 479 ecclesia
577 437 855 478 Occidentalis
887 439 1084 490 ieiunat);
1130 453 1261 494 quare
1301 445 1347 479 ut
1374 436 1428 479 40
1461 440 1545 480 dics
1572 436 1645 491 ’νή-

160 510 304 548 στιμοι
334 495 544 546 confiant,
576 494 717 535 ieiunii
750 502 877 549 caput
911 496 1193 536 antevertitur
1213 526 1225 547 ‚
1260 501 1302 536 et
1333 510 1355 535 a
1388 496 1464 536 fer.
1494 494 1523 536 4
1549 501 1645 536 ante

163 553 362 593 dominic.
395 551 594 607 quadrag.
630 552 797 591 initium
838 553 1058 607 repetitur.
1131 558 1174 592 at
1208 567 1309 593 vero
1351 553 1532 603 Giaeci,
1568 553 1643 607 qui

163 625 211 650 ex
237 610 293 649 42
326 610 402 650 illis
439 608 609 659 diebus,
645 623 730 648 non
769 623 859 660 sex,
892 608 962 649 sed
995 609 1219 649 duodecim
1268 609 1454 650 eximunt
1488 612 1642 664 (neque

164 668 275 707 enim
307 665 487 707 sabbatis
519 665 724 716 ieiunant)
750 680 844 705 cum
871 663 931 706 30
959 666 1094 706 solum
1126 666 1209 707 dies
1240 666 1395 707 ieiunio
1423 679 1599 707 consecr
1601 681 1647 704 ιι-

163 730 229 764 tos
260 723 447 763 residuos
479 721 671 773 habeant,
706 722 850 762 decem
879 722 1065 777 reliquos
1097 738 1143 764 ex
1170 723 1457 764 anterioribus
1486 722 1646 762 hebdo-

162 779 293 821 madis
323 785 610 834 compensant.
672 778 816 845 itaque
845 778 995 820 solidas
1025 779 1092 820 du
1094 794 1123 819 ι5
1149 780 1365 831 adiiciunt,
1396 785 1439 820 et
1466 778 1648 833 primam

163 836 430 888 dominicam,
470 850 597 890 quam
628 831 876 888 οἶηόκρεων,
921 836 984 876 vel
1011 833 1334 889 α’ποκρεωσιμον
1365 842 1533 887 vocant,
1565 841 1649 875 sta-

162 901 289 935 tuunt
320 895 360 934 in
383 892 636 934 dominicam
666 892 948 959 sexagesimae,
977 907 1000 932 a
1021 907 1104 948 qua
1128 892 1179 932 ad
1208 893 1428 934 sabbatum
1454 892 1648 947 paschale

164 951 249 991 dies
282 956 380 991 sunt
407 947 462 989 56
492 945 820 1002 οἷποκρειόσιμοι,
851 949 1050 1018 exemptis
1081 949 1300 990 dominicis
1330 956 1443 1003 octo,
1473 956 1516 990 et
1547 950 1650 989 sab-

162 1007 269 1048 batis
298 1013 472 1071 septem,
504 1006 656 1061 reliqui
686 1011 782 1044 sunt
812 1005 895 1045 dies
925 1002 1122 1045 ἀπόσιτοι
1151 1003 1219 1046 41.
1278 1006 1438 1061 quippe
1468 1006 1646 1047 sabbato

164 1078 330 1118 magnO,
367 1063 427 1104 uti
458 1061 616 1102 dictum
648 1068 722 1112 est,
751 1061 938 1101 ieiunant
957 1061 1542 1118 Orientales.qua1nobrem
1571 1063 1650 1103 do-

165 1121 317 1161 minica
346 1119 501 1187 prima
502 1152 530 1184 ,
549 1134 675 1185 quam
707 1131 782 1157 nos
823 1119 1095 1173 sexagesimae
1125 1120 1398 1173 nominamus,
1427 1134 1451 1159 a
1480 1120 1648 1160 Graecis

164 1176 484 1230 ἀποκρεωσιμσς
512 1171 636 1228 ἑορτὴ
668 1175 838 1216 dicitur.
914 1174 1018 1215 haec
1064 1175 1132 1216 ille
1173 1175 1408 1217 subtiliter:
1453 1181 1496 1216 at
1524 1191 1649 1231 quam

168 1236 434 1275 Graecorum
466 1232 588 1286 gestis
620 1239 661 1273 et
693 1231 812 1270 dictis
845 1232 999 1272 absona
1029 1234 1171 1297 paucis
1190 1232 1381 1273 discutio.
1439 1232 1482 1272 in
1515 1235 1651 1274 Grae-

166 1305 318 1332 corum
362 1303 496 1344 aeque
540 1303 588 1330 ac
632 1290 883 1329 Latinorum
920 1289 1081 1329 ieiuniis
1124 1290 1321 1330 ciborum
1359 1290 1651 1354 quantitatem,

167 1348 441 1411 qualitatem,
486 1352 530 1386 et
560 1344 644 1386 dies
678 1345 829 1401 quibus
869 1345 1062 1386 ciborum
1093 1347 1343 1386 abstinentia
1375 1346 1650 1401 praecipitur,

167 1403 382 1445 observari
413 1416 574 1443 necesse
603 1408 677 1443 est.
743 1398 1029 1457 μονοφαγίαν,
1069 1404 1237 1444 unicam
1279 1404 1557 1443 comestionem
1598 1403 1653 1444 ad

166 1461 399 1515 vesperiam
439 1465 606 1500 tantum
649 1457 749 1498 olim
792 1472 1030 1499 concessam
1078 1460 1157 1515 ipsi
1199 1460 1414 1501 fatentur:
1456 1465 1500 1499 at
1541 1473 1655 1499 nunc

165 1523 264 1572 post
300 1515 521 1557 meridiem
562 1515 782 1556 confestim
834 1515 1063 1556 decantatis
1113 1517 1358 1571 vespertinis
1408 1516 1576 1570 officiis,
1612 1521 1656 1557 et

169 1574 529 1628 praeconsecratis
560 1572 734 1627 sumptis
765 1573 985 1628 mysteriis,
1017 1573 1129 1613 circa
1158 1573 1309 1613 horam
1341 1589 1361 1613 a
1382 1572 1558 1614 meridie
1587 1588 1654 1614 se-

170 1631 352 1671 cundam
390 1644 439 1670 ex
482 1629 677 1670 ccclesiae
705 1630 908 1683 permissu
939 1629 1034 1668 cibo
1076 1644 1231 1684 corpus
1261 1636 1435 1683 possunt
1464 1630 1654 1670 reficere.

170 1687 408 1741 ξηροφαγιά
441 1686 555 1741 apud
575 1686 740 1726 eosdem
761 1686 1009 1726 intemerata
1027 1700 1159 1742 usque
1189 1686 1231 1725 in
1258 1686 1512 1726 hodiernum
1543 1687 1654 1727 diem

169 1749 437 1798 perseverat,
482 1756 613 1798 eaque
656 1756 741 1782 non
781 1757 926 1782 carnes
967 1742 1094 1782 modo
1140 1749 1182 1783 et
1208 1743 1415 1783 lacticinia
1443 1743 1655 1797 repudiat,

169 1799 241 1841 sed
272 1801 401 1854 pisces
430 1800 555 1839 etiam
582 1814 660 1853 pei
665 1800 794 1839 fectos
823 1805 886 1849 (ut
918 1799 1140 1854 conchylia
1167 1799 1486 1855 polypodesque
1512 1814 1656 1839 exsan-

172 1871 271 1912 gues
301 1856 495 1910 excipias)
525 1856 736 1910 perfectos
769 1855 879 1908 dico,
914 1856 1064 1910 quibus
1095 1856 1201 1896 inest
1229 1857 1405 1911 sanguis,
1431 1857 1656 1911 oleumque

170 1914 307 1966 ipsum
353 1927 431 1967 per
470 1912 828 1967 quadragesimam
877 1918 1121 1952 execratur.
1159 1889 1351 1968 adeoque
1398 1913 1657 1968 completum

173 1970 249 2010 illis
283 1976 343 2010 est
386 1969 588 2009 ieiunium
616 1969 793 2023 piscium
826 1974 867 2008 et
892 1969 972 2009 olei
1001 1969 1262 2009 abstinentia.
1340 1970 1482 2025 quoad
1513 1969 1658 2010 ieiunii

172 2025 542 2091 quadragesimalis
573 2031 765 2079 tempus3
795 2025 898 2066 illud
930 2025 963 2065 si
994 2027 1172 2090 proplie
1195 2042 1255 2066 ru
1235 2026 1413 2081 ideque
1447 2027 1656 2077 observes,

172 2097 220 2124 ex
240 2083 423 2138 proptio
454 2097 642 2147 ipsorum
671 2097 791 2122 sensu
836 2097 905 2121 sex
935 2087 977 2122 et
1016 2083 1190 2137 tiiginta
1221 2083 1365 2123 diebus
1394 2098 1488 2123 cum
1516 2082 1655 2123 medio

175 2140 428 2181 absolvitur:
458 2140 489 2178 si
523 2140 709 2204 rigorem
739 2139 956 2192 paululum
989 2139 1156 2194 relaxes,
1185 2139 1237 2179 ad
1266 2138 1351 2181 dies
1380 2154 1447 2180 sex
1479 2145 1521 2180 et
1551 2148 1659 2195 qua-

175 2196 400 2252 draginta,
433 2196 513 2236 vel
548 2196 674 2237 etiam
709 2194 762 2235 ad
802 2201 1000 2236 octavum
1036 2210 1161 2250 supra
1192 2195 1557 2252 quadragesimum
1587 2210 1656 2236 as-

177 2253 332 2305 cendit,
367 2229 419 2293 a’d
452 2259 612 2293 sextum
635 2259 677 2293 et
707 2252 1109 2307 quinquagesimum,
1140 2260 1188 2294 ut
1220 2254 1310 2293 vult
1327 2253 1536 2305 Petavius,
1560 2267 1659 2293 nus-

176 2325 320 2366 quam.
382 2316 540 2350 attenta
575 2323 723 2349 eorum
754 2309 1080 2363 consuetudine,
1113 2324 1220 2364 quae
1247 2310 1460 2350 dictorum
1489 2315 1551 2350 est
1579 2310 1662 2350 ob-

173 2369 360 2422 scuritas,
391 2367 629 2421 dissipatur.
688 2365 922 2419 dominica,
951 2381 1059 2435 quae
1091 2367 1342 2406 Latinorum
1370 2372 1431 2407 est
1458 2366 1661 2433 sexagesi-

173 2439 254 2476 ma,
287 2424 459 2465 Graecis
499 2420 766 2476 κρεωφὰγος,
813 2423 933 2473 alias,
966 2419 1207 2474 ἀπόκρεως,
1250 2430 1292 2464 et
1336 2420 1662 2476 α’ποκρεώσιμος

173 2486 472 2536 nuncupatur,
512 2478 638 2545 quod·
668 2479 709 2518 in
758 2494 805 2519 ea
838 2493 983 2519 carnes
1028 2479 1163 2520 adhuc
1196 2479 1418 2520 comedere
1448 2480 1587 2532 liceat,
1615 2484 1659 2519 et

175 2538 321 2578 eadem
342 2539 490 2603 elapsa
522 2536 713 2577 carnium
750 2536 986 2590 praecipiat
1016 2537 1320 2578 abstinentiam.
1378 2550 1516 2590 porro
1549 2531 1660 2576 ἀπό-

176 2607 309 2647 κρεως
336 2588 460 2648 ἑορτή
499 2592 612 2633 haud
641 2592 769 2646 magis
809 2593 920 2646 apud
954 2594 1137 2634 Graecos
1171 2594 1426 2646 celebratur,
1459 2607 1586 2648 quam
1616 2591 1659 2630 in

179 2650 431 2691 Latinorum
468 2650 661 2691 ecelesiis
686 2649 951 2704 carnisprivii
980 2651 1119 2690 rubris
1148 2650 1245 2691 licet
1275 2649 1589 2690 charactmibus
1619 2648 1661 2687 in

180 2705 316 2746 diario
358 2708 490 2748 notati
526 2709 687 2749 festum.
757 2706 840 2746 dies
874 2705 931 2745 illi
964 2721 1030 2747 sex
1066 2707 1353 2762 sexagesimam
1387 2711 1587 2758 nostram,
1617 2711 1661 2744 et

180 2764 443 2804 Graecorum
473 2758 695 2816 απόκρεων
725 2762 974 2828 excipientes
1021 2763 1240 2817 lacticinia,
1274 2778 1451 2816 caseum,
1481 2776 1558 2803 ova
1588 2761 1666 2800 illis

181 2819 339 2874 apponi
368 2821 633 2876 pcxmittunt,
664 2820 790 2861 etiam
821 2819 925 2860 feria
959 2827 1111 2875 qualta
1144 2827 1186 2863 et
1215 2827 1327 2862 sexta
1358 2819 1513 2861 ieiunio
1545 2818 1665 2859 diea-
