1728 3184
643 181 843 225 NOTAE.
1387 177 1484 226 395

133 299 228 351 186,
255 299 298 342 7.
371 294 621 352 προσελθών
648 294 707 346 ὥς
746 292 924 352 Ιὕπατος]
957 299 1099 340 consul
1131 314 1184 340 eo
1215 313 1327 340 anno
1357 297 1495 339 extitit

17 369 67 397 ex
94 357 225 398 citato
265 356 499 409 chronico,
527 362 569 397 et
611 356 759 396 trabea
799 355 1011 395 consulari
1050 362 1222 396 ornatus
1252 370 1424 395 munera
1451 354 1493 393 ia

18 413 226 468 populum
269 414 438 469 publice
480 412 662 468 sparsit:
697 411 815 467 quod
854 412 1016 466 saepius
1048 412 1161 467 apud
1188 418 1405 452 auctorem
1435 417 1497 451 est

17 467 64 509 τὸ
98 469 430 524 προσέρχεσθαι.

129 541 240 582 Ibid.
264 542 306 583 8.
363 540 622 587 Βασιλίσκος
664 540 712 582 δὲ
743 537 767 582 ὅ
809 540 994 594 Βερίνης
1040 537 1243 595 α’δελφός]
1288 539 1496 593 Euagrius

19 598 92 639 lib.
119 612 211 654 cap.
239 597 279 650 3,
312 598 538 639 Iornundes
565 597 617 639 de
645 612 763 655 regn.
792 603 834 638 et
860 604 1040 651 tempor.
1068 598 1338 639 successione.
1367 596 1498 636 chro-

21 654 147 696 nicon
181 654 400 697 Alexandr.
447 654 500 696 ad
541 656 718 696 Zenonis
761 669 915 694 annum
947 652 986 705 3,
1017 652 1202 694 Malchus
1230 652 1428 706 sophista,
1457 657 1500 691 et

20 711 233 753 Candidus
275 713 439 752 isaurus
467 710 581 766 apud
616 710 817 753 Photium
863 709 986 751 codd.
1026 709 1080 750 78
1110 715 1153 751 et
1185 707 1254 762 79,
1288 715 1332 750 et
1355 708 1500 748 Theo..

24 767 154 809 dorus
186 768 323 810 lector
351 768 422 811 lib.
458 768 478 808 1
509 768 672 809 collect.

134 840 228 893 187,
255 839 296 882 3.
355 837 426 882 διὰ
451 837 605 896 τύπου]
635 838 795 889 τύπους
835 840 973 881 edicta
998 839 1262 889 zmiversalia,
1293 851 1501 890 canones,

20 898 184 952 regulas
215 903 369 938 vocant
393 897 545 938 Graeci
576 898 847 948 recentiores,
881 911 950 937 eos
979 896 1030 938 de
1061 896 1212 952 quibus
1239 894 1308 935 hic
1331 894 1503 944 mentio,

19 953 266 1006 ἐγκυκλίους
302 952 543 1006 συλλαβάς,
582 954 787 1009 Euagrius
817 969 910 1008 cap.
938 951 968 994 4
995 952 1239 1006 ἐγκυκλίους
1267 946 1504 1003 ἐπιστολάς,

21 1017 66 1051 et
93 1007 292 1107 ἱγκὺκλια
335 1011 612 1066 Nicephorus.
652 1017 803 1052 auctor
844 1011 931 1065 ipse
960 1007 1092 1051 τύπον
1139 1003 1302 1062 γενικὸν
1333 1006 1504 1048 inferius

16 1067 96 1108 scri
130 1067 177 1108 it.

130 1139 238 1180 Ibid.
275 1139 320 1180 8.
394 1136 648 1191 Ὀχούμενος
690 1132 787 1195 ὄνῳ]
825 1139 941 1194 quod
978 1153 1060 1192 pro
1101 1152 1223 1178 more
1266 1137 1407 1185 foret,
1435 1135 1502 1176 vel

17 1211 152 1237 curru
193 1201 361 1248 vectos,
401 1196 466 1238 vel
508 1196 694 1237 iumento
737 1197 905 1237 asinove
947 1194 1169 1235 insidentes
1212 1192 1506 1248 patriarchas,

22 1252 185 1293 litanias
212 1253 297 1294 sive
329 1253 648 1308 processionum
680 1267 825 1308 preces
847 1253 1080 1292 celebrare.
1141 1249 1367 1290 recolenda
1399 1263 1506 1304 quae

20 1308 73 1350 de
102 1309 143 1349 S.
172 1309 328 1350 Proclo
360 1309 550 1364 superius
583 1311 700 1350 lecta.
759 1309 1012 1350 Theodorus
1044 1309 1183 1347 lector
1211 1305 1420 1362 legendus·

135 1380 228 1433 188,
264 1382 299 1424 1.
356 1378 380 1421 ὅ
415 1377 606 1437 πάππας]
650 1381 779 1422 dictio
820 1380 999 1422 vocandi
1029 1380 1261 1435 significatu
1293 1377 1507 1432 accipien-

22 1439 99 1480 da(
156 1438 255 1479 hinc
285 1437 500 1480 Cedrcnus
526 1439 717 1480 vocative
744 1435 878 1479 πάνια.
915 1452 998 1478 non
1039 1436 1210 1476 minima
1249 1435 1509 1490 scriptorum

18 1511 119 1552 pars
152 1495 266 1536 inter
289 1498 469 1536 Graecos
494 1511 516 1535 a
545 1495 694 1551 Cyrilli
724 1494 919 1536 Celestini
951 1508 1088 1549 papae
1117 1492 1298 1534 Romani
1329 1492 1371 1531 in
1403 1505 1507 1531 eon-

20 1552 120 1594 cilio
148 1552 361 1609 Ephesino
392 1552 516 1606 legati
559 1552 819 1606 temporibus
857 1549 1145 1606 patriarcham
1177 1547 1503 1590 Alexandrinum

18 1623 156 1666 papae
197 1609 368 1650 nomine
417 1608 748 1649 remunerandae
787 1608 932 1664 Cyrilli
965 1607 1162 1662 pietatis,
1201 1611 1243 1647 et
1283 1605 1326 1644 in
1363 1604 1502 1644 sedem

18 1669 200 1709 Roman.
233 1665 535 1721 obsequiorum
563 1666 698 1719 gralia
729 1664 1139 1720 compensandorum
1166 1662 1357 1703 scribunt
1384 1660 1506 1700 fuisse

21 1723 243 1764 donatum.
314 1723 420 1762 tanti
454 1723 662 1777 privilegii
710 1736 836 1776 penes
866 1722 976 1777 ipsos
1011 1721 1064 1761 sit
1093 1719 1208 1767 fides,
1246 1732 1354 1774 quae
1382 1718 1506 1757 Nice-

18 1780 161 1836 phoro
194 1779 266 1821 lib.
301 1778 354 1819 14
382 1793 472 1834 cap.
503 1778 558 1820 34
606 1779 864 1819 auctoritate
912 1783 1043 1818 nutat.
1090 1775 1134 1826 ἐξ
1176 1766 1230 1815 οὗ
1268 1770 1404 1827 λόγος,
1433 1773 1503 1813 in-

20 1837 129 1892 quit,
157 1832 232 1876 καὶ
258 1833 303 1876 τό
334 1835 410 1888 τῆς
434 1837 595 1888 μέτρας
622 1834 808 1886 ἐπίθεμα
836 1834 1069 1890 εἰληφέναι,
1104 1832 1178 1873 καί
1205 1828 1283 1884 τὴν
1310 1830 1388 1870 τοῦ
1416 1826 1501 1869 πά-

20 1909 82 1934 πα
111 1891 403 1947 προσηγορίαν
441 1894 599 1947 λαβεῖν,
631 1889 704 1931 καί
745 1892 818 1945 τῆς
850 1890 1097 1944 οἰκουμένης
1127 1883 1270 1941 κριτήν
1296 1882 1502 1938 ὀνομάζε-

19 1950 143 1990 σθαι.
196 1963 253 1989 ex
278 1963 356 2005 quo
396 1957 580 2005 tempore
597 1947 727 2003 fama
757 1957 812 1988 est
855 1947 972 1999 (mihi
1003 1953 1119 1988 certe
1152 1943 1306 1994 fabula)
1335 1945 1503 1984 mitram

19 2007 154 2056 illum,
182 2014 222 2046 et
246 2019 388 2062 papae
422 2006 762 2062 appellationem,
807 2014 925 2061 atque
954 2013 996 2044 ut
1029 2003 1211 2043 universi
1236 2001 1343 2041 orbis
1371 1997 1505 2039 index

17 2062 318 2118 appellaretur,
351 2065 561 2117 accepisse.
631 2061 786 2112 fabula,
820 2061 1006 2116 inquam,
1038 2058 1313 2100 insulsissima.
1369 2055 1503 2096 Atha-

19 2119 156 2158 nasius
188 2118 297 2159 enim
328 2119 487 2174 Cyrillo
516 2118 640 2173 prior
667 2119 845 2172 seipsum
875 2132 1028 2172 papam
1060 2115 1236 2171 epistola
1266 2114 1319 2154 ad
1351 2115 1502 2153 Antio-

18 2175 186 2216 chenses
217 2174 377 2215 scribit.
447 2171 485 2214 οἱ
524 2174 866 2228 ἐπιστείλαντες,
905 2169 943 2227 ὃ,
966 2187 1012 2214 τε
1058 2174 1204 2219 πάντας
1228 2166 1502 2220 Ἀθανάσιος,

16 2231 94 2272 καὶ
124 2227 164 2271 οἱ
192 2227 522 2284 παρατυχόντες·
556 2227 636 2271 σύν
665 2229 781 2286 αὐτῷ
807 2230 853 2272 ἐν
883 2228 1199 2284 Ἀλεξανδρειζκ.
1256 2228 1330 2282 qui
1358 2226 1502 2280 episto-

15 2289 102 2328 lam
133 2289 379 2343 scripserunt
396 2318 408 2339 ,
437 2296 529 2328 sunt
558 2288 654 2327 isti.-
693 2301 814 2343 papa
855 2288 1116 2334 Adummim,
1151 2296 1189 2326 et
1216 2284 1286 2340 qui
1313 2296 1403 2323 cum
1429 2281 1504 2320 illo

15 2345 316 2386 Alexandriae
327 2345 522 2398 fuerunt.
554 2358 863 2398 praecessorem
885 2343 1163 2385 Alexandrum
1193 2354 1345 2396 papam
1380 2352 1503 2377 com-

17 2401 151 2456 pellat
167 2400 466 2441 Alexandrinus
487 2400 621 2441 clerus
645 2399 756 2454 apud
788 2401 922 2455 ipsum
941 2399 1225 2448 Athanasium,
1255 2401 1296 2437 et
1313 2392 1503 2448 Epipha-

17 2457 136 2498 nium
164 2456 328 2498 haeresi
371 2456 438 2498 69.
505 2457 703 2513 μακαρίῳ
742 2455 886 2515 πάπᾳ,
913 2452 1127 2511 ἐπισκὸπῳ
1163 2449 1284 2507 ἡμῶν
1312 2447 1504 2497 Ἀλεξάν-

19 2512 120 2570 δρῳ,
153 2510 194 2554 οἱ
227 2512 534 2567 πρεσβύτεροι,
578 2511 653 2553 καί
679 2508 719 2553 οἱ
748 2508 951 2557 διάκονοι.
1009 2513 1125 2554 beato
1149 2523 1289 2567 papae
1319 2507 1503 2562 episcopo

15 2579 152 2612 nostro
182 2571 440 2614 Alexandro
473 2570 707 2626 presbyteri
744 2578 783 2610 et
810 2569 1005 2620 diaconi,
1033 2571 1076 2608 in
1105 2567 1286 2613 domino,
1319 2563 1504 2603 salutem.

13 2631 58 2667 et
84 2626 127 2667 in
160 2627 360 2682 epistolae
391 2641 602 2681 processu.
661 2626 709 2666 τί
740 2623 966 2680 μέμφεσθε
1010 2619 1269 2678 Ἀλεξάνδρῳ
1297 2619 1354 2675 τῷ
1383 2618 1504 2673 πάπᾳ

13 2682 174 2734 λέγοντι
202 2682 248 2723 ἑκ
277 2684 355 2723 τοῦ
385 2679 548 2735 πατρὸς
579 2678 653 2722 τὸν
680 2678 801 2732 υἱόν,·
828 2682 931 2739 qaid
967 2679 1252 2737 expostulastis
1281 2691 1371 2717 cum
1396 2676 1501 2722 Ale-

13 2739 184 2780 xandro
208 2754 325 2795 papa
368 2755 425 2780 ex
447 2750 567 2795 patre
590 2737 729 2792 filium
765 2742 1007 2779 asserente?
1063 2734 1316 2784 Hieroclam,
1354 2731 1501 2786 vulga-

14 2793 101 2836 rius
130 2795 353 2838 Heroclam
397 2812 445 2838 ea
475 2796 759 2852 appellatione
801 2795 985 2849 primum
1019 2791 1232 2849 quondam
1275 2789 1497 2830 salutatum
