1768 3268
638 194 710 234 Ex
754 189 1054 232 SYNCELLO.
1515 185 1579 233 29

206 292 356 337 Mundi
387 308 499 335 anno
531 293 675 348 5540,
721 293 887 334 divinae
927 293 1230 334 incarnationis
1274 291 1356 342 40,
1386 293 1583 335 Claudius

94 352 290 407 imperat,
319 351 452 406 Agabi
481 351 710 407 prophetia
759 351 870 391 fame
900 365 981 405 per
1008 351 1159 392 orbem
1189 352 1299 392 facta
1331 352 1584 407 completur.

95 407 293 451 Claudius
321 408 430 450 cives
450 409 666 450 Romanae
695 407 810 449 urbis
845 406 1086 449 describens
1127 408 1290 451 invenit
1315 410 1442 450 sexies
1471 408 1584 450 mille
1597 411 1713 456 p·6‘.‘9

94 466 224 508 millia
253 460 352 507 941.

207 538 357 581 Mundi
384 553 495 580 anno
508 537 635 590 5546,
665 537 831 580 divinae
859 538 1163 579 incarnationis
1192 553 1305 580 anno
1323 534 1393 590 46,
1423 539 1464 579 in
1498 538 1712 586 die-p-630

93 596 172 638 bus
201 599 460 653 Azymorum
485 596 753 637 ¹dissensione
796 596 907 636 facta
948 596 992 636 in
1035 596 1295 636 Hierusalem
1346 596 1586 637 conculcati

95 654 213 695 circa
242 660 471 709 portarum
516 657 648 694 exitus
679 652 822 694 ludaei
855 652 1023 708 periere
1053 653 1170 694 circa
1198 651 1254 694 30
1283 652 1413 694 milia.
1486 661 1589 695 tunc

94 717 139 753 et
167 710 282 766 apud
310 709 580 752 Athenienses
609 710 900 766 suprascripta
933 715 996 751 est
1023 725 1109 760 ara,
1138 711 1272 764 ignoto
1300 710 1391 751 deo.

204 783 358 825 Iustini
378 785 615 841 philosophi
639 793 680 824 et
708 785 925 837 mat-tyris,
953 784 1006 824 de
1035 798 1214 824 sermone
1237 785 1375 838 primo
1410 783 1471 824 ad
1496 783 1587 823 An..

93 841 272 882 zoninum
303 843 586 898 imperatorem
610 855 690 898 pro
708 841 959 882 Christianis.
985 847 1083 895 post
1112 841 1394 882 ascensionem
1426 840 1587 881 domini

93 898 139 939 in
171 898 289 939 caelo
322 906 647 954 proposuerunt
691 897 881 939 homines
913 898 1137 939 daemones
1168 898 1370 952 quosdam
1406 897 1589 938 dicentes

93 969 138 996 se
166 969 252 997 oese
296 955 418 1003 deos;
457 956 531 1011 q'ui
564 970 648 995 non
687 955 824 996 solum
866 955 1038 996 minime
1079 955 1235 1010 repulsi
1267 961 1364 995 sunt
1398 970 1421 995 a
1452 954 1586 1005 vobis,

92 1010 165 1053 sed
194 1018 447 1054 mernerunt
487 1012 685 1055 honores.
753 1012 968 1054 Simonem
1012 1011 1223 1068 quendam
1263 1011 1587 1064 samaritanum,

127 1069 169 1110 ui
199 1069 282 1111 fnit
310 1068 364 1110 de
394 1069 567 1111 castello
608 1068 724 1125 quod
767 1069 989 1110 dicebatur
1019 1069 1152 1120 citio,
1199 1069 1271 1124 qui
1303 1069 1379 1109 sub
1411 1068 1587 1109 Claudio

95 1083 278 1180 {laetare
302 1141 384 1183 per
409 1131 662 1183 operantem
704 1125 957 1167 daemonnm
1006 1131 1142 1167 artem
1186 1127 1364 1167 virtutes
1407 1125 1587 1182 magicas

93 1183 249 1224 faciens
279 1184 320 1224 in
349 1183 458 1224 urbe
487 1190 627 1224 vestra
646 1183 760 1238 regia
788 1186 921 1225 Roma
954 1183 1054 1224 deus
1073 1183 1399 1234 existimabatur,
1430 1189 1472 1223 et
1501 1190 1587 1224 sta-
1601 1203 1632 1239 pr
1650 1191 1718 1226 631

92 1247 167 1281 tua
197 1256 220 1281 a
255 1241 375 1282 vobis
406 1246 455 1282 ut
483 1239 583 1281 deus
613 1239 854 1281 honoratur
885 1241 925 1281 in
956 1240 1105 1280 Tiberi
1136 1238 1310 1281 flumine
1339 1241 1454 1281 inter
1483 1239 1589 1281 duos

93 1304 261 1352 pontes,
287 1297 443 1338 habens
487 1297 892 1353 superscriptionem
932 1297 1126 1338 Latinam
1155 1296 1263 1338 hanc
1301 1297 1488 1338 “Simoni
1514 1297 1589 1338 deo

91 1354 265 1396 sancto.’'
339 1360 382 1396 e't
421 1369 532 1410 pene
584 1368 727 1395 omues
767 1355 937 1410 quidem
981 1354 1261 1405 Samaritani,
1291 1355 1417 1409 pauci
1446 1359 1588 1394 autem

94 1411 220 1452 etiam
249 1411 291 1452 in
321 1410 411 1452 aliis
441 1410 648 1466 gentibuS,
683 1418 886 1468 tanquam
917 1412 1106 1467 primum
1144 1410 1271 1453 deum
1302 1411 1419 1453 illum
1454 1411 1590 1452 confi-

94 1473 229 1510 tentes
259 1467 456 1510 adorant.

208 1541 361 1585 Mundi
393 1556 505 1583 anno
536 1539 663 1592 5550,
693 1539 861 1582 divinae
891 1540 1195 1583 incarnationis
1226 1556 1336 1582 anno
1365 1541 1434 1596 50,
1463 1542 1590 1582 Clau..

95 1597 187 1641 dius
212 1597 410 1654 imperat.
468 1598 718 1654 Apollonius
759 1613 807 1640 ex
843 1599 1131 1655 Tyanensibus
1161 1599 1304 1640 ltaliae
1333 1598 1589 1655 Pythagori-
1604 1605 1724 1649 p.632

94 1671 167 1697 cns
199 1655 475 1712 philosophus
505 1657 666 1710 pollet,
705 1656 764 1696 ita
796 1662 843 1696 ut
874 1656 986 1696 hunc
1026 1657 1117 1712 ipso
1148 1671 1323 1712 quoque
1349 1656 1591 1711 Pythagora

93 1712 374 1754 Philostratus
406 1720 449 1756 et
480 1714 548 1754 alii
581 1713 759 1754 acrioris
780 1713 937 1769 ingenii
958 1712 1082 1754 fuisse
1101 1711 1353 1754 describant.
1384 1705 1447 1755 his
1482 1720 1592 1752 tvm-

94 1771 275 1826 poribus
315 1770 400 1812 visa
437 1776 499 1812 est
541 1770 625 1811 avis
658 1769 725 1810 ina
757 1770 972 1820 Phoenix,
1011 1770 1370 1826 quemadmodum
1399 1771 1592 1811 scribunt

95 1827 307 1884 Aegyptii,
337 1842 446 1884 quae
477 1834 576 1870 ante
603 1824 689 1869 654
719 1842 850 1869 annos
878 1834 1152 1884 apparuerat.
1227 1833 1271 1869 et
1301 1829 1516 1884 Dexippus
1549 1828 1591 1868 in

94 1884 181 1946 hoc
211 1885 461 1926 concordat.

206 1958 359 2001 Mundi
390 1973 502 2000 anno
525 1956 650 2012 5553,
679 1958 849 2000 Nerone
870 1957 1121 2013 imperante,
1157 1952 1321 2000 divtnuz
1350 1958 1387 2000 ei
1418 1965 1587 2014 aposto·
1602 1960 1757 2007 p.6376

94 2015 157 2056 lus
183 2015 371 2057 secundo
403 2021 464 2058 est
491 2021 793 2071 praesentatus.
825 2015 1008 2071 denique
1026 2016 1166 2071 primo
1197 2031 1294 2056 cum
1311 2019 1423 2057 Nero
1445 2015 1592 2056 mitior

94 2071 235 2113 adhuc
266 2087 366 2129 erga
397 2073 687 2114 Christianum
727 2073 879 2128 dogma
914 2080 1148 2125 teneretur,
1179 2072 1351 2114 audiens
1383 2073 1591 2114 rationem

95 2130 184 2171 eius
212 2129 372 2171 dimisit
401 2130 519 2171 illum
550 2131 703 2185 spiritu
732 2129 999 2184 dispensante
1043 2130 1095 2171 ad
1131 2130 1431 2185 perficiendam
1463 2145 1592 2185 prae-

95 2185 365 2228 dicationem.
423 2186 608 2229 secundo
640 2202 745 2229 vero
779 2187 868 2242 ipse
898 2202 941 2228 se
971 2187 1203 2242 postulavit
1231 2204 1254 2228 a
1285 2186 1476 2229 caesaria
1512 2187 1592 2227 Pa-

97 2243 296 2285 laestinae
322 2244 576 2285 mittendum
609 2244 664 2285 ad
686 2244 919 2295 Caesarem,
946 2251 991 2285 et
1019 2244 1078 2284 ita
1109 2244 1279 2286 demum
1302 2244 1460 2286 Neroni
1489 2244 1591 2284 asti..

96 2301 152 2343 tit
181 2306 226 2342 et
255 2301 510 2358 martyrium
539 2301 731 2356 sumpsit.
805 2301 918 2342 unde
950 2300 1091 2343 ludaei
1121 2316 1219 2342 cnm
1248 2302 1446 2345 vidissent
1475 2301 1591 2356 quod

98 2357 141 2398 in
171 2357 287 2399 hunc
318 2358 487 2400 insidias
508 2358 731 2400 occidendi
751 2359 960 2414 perficere
980 2358 1276 2416 nequivissent,
1307 2359 1362 2400 ad
1392 2359 1592 2400 Iacobum

99 2415 281 2457 fratrem
310 2414 475 2457 domini
503 2415 799 2471 perimendum
828 2416 1023 2457 conversi
1056 2423 1168 2458 sunt.

214 2489 365 2531 Mundi
408 2503 520 2530 anno
551 2488 676 2541 5563,
707 2489 873 2531 divinae
911 2490 1217 2532 incarnationis
1246 2503 1356 2530 anno
1373 2487 1445 2542 63,
1476 2489 1590 2531 Nero
1606 2493 1729 2539 p.644

100 2546 316 2602 imperat,
358 2547 433 2602 qui
475 2561 603 2602 super
640 2547 784 2587 omnia
824 2547 1058 2588 infortunia
1098 2563 1170 2588 sua
1213 2548 1397 2602 primam
1437 2554 1592 2587 contra

101 2603 360 2644 Christianos
389 2603 727 2657 persecutionem
766 2605 1047 2655 monstravit,
1085 2620 1181 2645 cum
1214 2603 1411 2645 videlicet
1438 2603 1592 2646 Petrus

100 2667 146 2702 et
174 2661 328 2705 Paulus
362 2660 493 2701 divini
534 2661 718 2715 apostoli
756 2675 840 2716 pro
870 2661 1039 2702 Christo
1082 2660 1278 2716 martyrii
1321 2666 1419 2701 sunt
1456 2675 1592 2715 agone

35 2772 37 2774 q
101 2718 313 2768 coronati,
345 2732 451 2758 unus
481 2718 651 2773 quidem
680 2717 878 2760 deorsum
909 2719 1075 2773 capite,
1121 2725 1169 2758 ut
1210 2718 1297 2772 ipse
1333 2717 1411 2758 sibi
1441 2718 1590 2772 elegit,

102 2788 333 2828 suspensus,
361 2775 471 2815 aiter
501 2790 603 2817 vero
628 2776 768 2830 capite
786 2782 933 2817 sancto
952 2781 1182 2816 truncatus.
1217 2776 1271 2815 de
1302 2775 1455 2831 quibus
1481 2776 1589 2815 Ter-

104 2830 300 2874 tullianus
331 2832 543 2874 Romanus
588 2834 777 2889 scriptor
815 2832 919 2875 haec
953 2835 1066 2875 inter
1105 2837 1245 2873 cetera
1285 2833 1431 2876 refert.
1489 2832 1587 2872 “hic
