1768 3268
253 214 318 265 84
453 219 733 264 ANAsTAsn
777 218 1034 261 msTomA
1070 214 1483 259 Eccfflsms'ricA

251 339 462 378 manifeste
492 352 572 392 per
599 335 877 377 schismaticos
906 333 1132 374 monachos
1163 338 1205 373 et
1235 330 1406 383 clericos
1437 336 1480 371 et
1510 328 1713 372 lulianum

252 395 397 435 Cariae
427 400 555 446 tunc,
601 392 750 434 deinde
781 405 882 432 vero
913 390 1186 431 Halicarnassi
1230 388 1483 442 episcopum,
1517 392 1558 427 et
1583 388 1714 428 Seve-

252 466 346 491 rum
374 451 629 505 episcopum‚
655 448 791 489 adhuc
823 448 1088 498 monachum,
1119 445 1387 500 impugnabat
1408 443 1714 496 Macedonium,

250 508 441 562 turpibus
472 522 566 548 eum
598 506 765 561 publice
807 505 1050 546 submittens
1094 502 1264 542 iniuriis.
1321 500 1608 542 multitudines
1637 517 1715 541 au-

251 571 335 605 tem
369 579 463 604 cum
493 563 733 604 mulieribus
778 567 820 602 et
848 562 986 602 liberis
1027 560 1327 614 abbatibusque
1374 557 1717 599 orthodoxorum

252 620 556 661 monachorum
579 625 855 674 congregatae
875 618 1111 658 clamabant
1138 618 1326 669 “tempus
1349 615 1556 671 martyrii,
1590 615 1718 656 Chri-

252 677 395 717 stiani:
425 692 477 718 ne
508 676 840 731 derelinquamus
869 681 1037 729 patrem
1065 675 1293 724 nostrum,”
1325 671 1486 711 iniuriis
1518 672 1715 713 lacessere

251 733 550 788 imperatorem
588 738 814 787 satagentes
851 739 897 772 ut
940 730 1227 771 Manichaeum
1266 734 1308 770 et
1336 728 1554 783 indignum
1584 730 1717 784 impe-

252 791 341 838 rio;
387 790 458 845 qui
496 796 679 830 metuens
706 788 852 828 clausit
883 789 984 828 ostia
1022 787 1191 842 palatii,
1223 793 1265 826 et
1293 800 1413 826 naves
1442 786 1717 841 praeparavit

252 846 304 886 ad
331 846 582 902 fugiendum,
651 844 943 885 Macedonium
976 851 1140 895 autem,
1184 843 1236 884 de
1265 856 1349 898 quo
1383 842 1599 884 iuraverat
1628 856 1713 884 non

251 917 293 944 se
326 904 436 943 ultra
465 903 662 951 visurum,
681 907 781 942 tunc
813 901 992 956 rogabat
1016 899 1171 952 videre,
1201 899 1484 940 multitudines
1512 906 1712 941 metuens.

251 959 333 999 hoc
366 960 524 999 interea
565 958 758 999 veniente
785 958 838 998 ad
865 973 983 1008 eum,
1012 957 1192 1011 populus
1221 956 1459 1011 hegumenis
1487 963 1531 998 et
1561 970 1711 997 mona..

253 1016 338 1056 chis
366 1016 678 1070 protestabatur
703 1015 840 1055 dicens
869 1018 1062 1069 “patrem
1082 1019 1270 1054 nostrum
1290 1013 1485 1054 habemus
1504 1029 1528 1054 a
1559 1014 1714 1054 vobis.'’

252 1072 414 1113 scholae
453 1087 552 1112 vero
587 1071 748 1112 laudem
776 1070 970 1111 dicebant
998 1071 1060 1122 ei,
1099 1084 1193 1110 cum
1224 1070 1439 1111 transiret.
1508 1070 1714 1126 ingressus

253 1134 389 1169 autem
421 1129 471 1168 ad
502 1128 757 1168 Anastasium
795 1127 933 1182 arguit
970 1142 1064 1168 eum
1096 1133 1143 1167 ut
1186 1126 1347 1167 hostem
1377 1127 1594 1176 ecclesiae3
1671 1127 1712 1168 ui

45 1204 80 1240 p.
98 1195 168 1231 238
196 1192 239 1227 10
251 1185 458 1225 simulatus
488 1191 546 1225 est
575 1184 612 1225 ei
642 1184 693 1224 ad
719 1184 867 1223 horam
897 1183 1020 1223 uniri.
1093 1198 1241 1224 verum
1273 1184 1463 1239 sequenti
1495 1199 1607 1225 anno
1638 1143 1715 1225 de..

252 1243 362 1296 cepit
392 1242 623 1295 imperator
650 1239 940 1280 Macedonium
969 1253 1048 1294 per
1077 1240 1265 1280 Celerem
1306 1241 1566 1295 magistrum,
1597 1255 1715 1281 com·

250 1298 523 1338 monitorium
554 1299 587 1349 *)
626 1297 776 1337 faciens
807 1296 859 1337 ad
890 1311 1013 1348 eum,
1055 1296 1097 1336 in
1128 1311 1213 1352 quo
1259 1312 1301 1338 se
1329 1299 1513 1352 primam
1542 1298 1714 1354 quidem

251 1361 292 1395 et
321 1354 540 1394 secundam
562 1353 840 1393 confitebatur
871 1353 1078 1408 suscipere
1093 1353 1313 1410 synodum,
1329 1354 1581 1409 Ephesinam
1610 1368 1714 1395 vero

252 1418 293 1451 et
321 1411 692 1451 Chalcedonensem
722 1409 895 1458 dimisit;
942 1410 1058 1465 quod
1090 1410 1231 1465 ingens
1261 1411 1511 1452 Macedonio
1548 1412 1715 1466 vitupe-

252 1468 361 1507 rium
399 1467 551 1507 attulit.
620 1481 699 1520 per
740 1466 824 1507 hoc
867 1465 978 1506 enim
1008 1472 1051 1507 et
1094 1467 1291 1507 enoticon
1320 1467 1498 1507 Zenonis
1538 1468 1715 1522 recepit,

252 1523 319 1563 cui
354 1523 477 1563 etiam
506 1523 807 1563 consecrandus
834 1523 1144 1578 subscripserat.
1202 1531 1424 1578 praeterea
1444 1524 1716 1565 Macedonius

253 1579 389 1620 abiens
417 1579 458 1619 in
491 1579 692 1619 Adalmati
735 1580 1033 1619 monasterium
1072 1581 1112 1620 in
1143 1595 1193 1621 eo
1227 1580 1387 1621 clericis
1430 1587 1473 1622 et
1499 1581 1714 1621 monachis

253 1637 513 1686 zelatoribus,
542 1636 611 1690 qui
639 1637 692 1676 ob
723 1635 765 1675 id
796 1636 1058 1676 scandalizati
1086 1638 1267 1687 fuerant,
1302 1639 1508 1679 rationem
1531 1637 1715 1679 reddidit

253 1707 332 1746 per
360 1692 697 1732 declamatorium
718 1707 966 1746 sermonem,
1001 1694 1118 1748 quod
1137 1695 1366 1748 susciperet
1385 1701 1569 1735 sanctam
1588 1695 1714 1735 Chal·-

256 1749 526 1790 cedonensem
555 1749 772 1804 synodum,
801 1764 954 1804 eosque
982 1751 1055 1804 qui
1084 1751 1194 1792 hanc
1225 1765 1310 1790 non
1329 1752 1588 1806 susciperent
1614 1752 1715 1793 hae·

258 1805 408 1845 reticos
441 1805 631 1853 haberet;
663 1811 705 1845 et
734 1807 1171 1847 comministraverunt
1201 1807 1252 1848 ei.
1310 1807 1547 1863 imperator
1574 1814 1713 1850 autem

258 1863 497 1902 muneribus
541 1861 743 1915 persuasit
792 1864 1071 1909 consentaneis
1115 1864 1264 1918 ipsius,
1296 1865 1457 1905 clericis
1487 1865 1645 1907 scilicet
1673 1872 1717 1907 et

257 1917 466 1958 monachis
486 1948 498 1970 ‚
532 1918 655 1957 alium
684 1919 920 1973 episcopum
949 1920 1150 1975 eligendi3
1191 1921 1307 1976 quod
1345 1928 1387 1962 et
1414 1922 1647 1963 Areadnem
1673 1929 1716 1963 et

258 1989 427 2030 magnos
454 1989 500 2014 ex
529 1975 784 2015 senatoribus
817 1978 1116 2018 contristabat:
1149 1977 1401 2033 diligebatur
1429 1978 1540 2020 enim
1573 1981 1717 2019 Mace-

260 2030 404 2070 donius
436 2037 614 2085 propter
643 2032 750 2072 vitae
775 2032 1020 2074 munditiam
1057 2040 1099 2074 et
1129 2034 1373 2089 dogmatum
1405 2035 1716 2087 rectitudinem,

261 2087 356 2127 licet
385 2086 578 2140 deceptus
605 2087 740 2128 fuerit.
797 2090 990 2130 instruxit
1019 2098 1158 2132 autem
1190 2092 1426 2146 imperator
1451 2092 1554 2133 duos
1587 2107 1718 2148 quos-

261 2142 355 2183 dam
385 2158 563 2198 nequam
596 2158 788 2185 accusare
815 2147 1107 2188 Macedonium
1138 2148 1255 2203 quasi
1284 2162 1520 2204 puerorum
1549 2156 1714 2189 amato..

261 2214 350 2240 rem
381 2201 541 2253 pariter
584 2205 626 2240 et
666 2201 948 2252 haereticum,
989 2212 1030 2245 et
1073 2204 1174 2245 haec
1213 2205 1438 2261 porrigere
1478 2206 1521 2246 in
1552 2205 1718 2260 scriptis

257 2257 470 2310 praefecto
499 2262 539 2296 et
564 2257 774 2311 magistro·
829 2259 1014 2300 similiter
1041 2268 1177 2302 autem
1200 2267 1349 2302 contra
1376 2258 1652 2319 presbyteros*
1676 2269 1720 2304 et

258 2312 455 2352 diaconos
481 2311 751 2354 orthodoxos.
824 2314 936 2355 iussit
983 2325 1121 2358 autem
1151 2318 1338 2360 Celerem
1367 2319 1612 2375 magistrum
1641 2319 1718 2361 de-

258 2383 419 2422 ponere
449 2368 654 2408 violenter
683 2384 776 2410 eum
805 2371 856 2411 ab
898 2372 1132 2428 episcopi0‚
1165 2376 1368 2416 clamante
1397 2375 1646 2417 Macedonio
1676 2390 1720 2416 se

256 2431 456 2479 prompte
476 2425 728 2478 respondere
749 2441 831 2466 non
849 2429 982 2468 solum
1000 2430 1040 2470 in
1060 2432 1277 2485 praetorio
1297 2432 1369 2473 sed.
1396 2433 1519 2473 etiam
1536 2433 1576 2474 in
1599 2432 1718 2473 thea-

256 2487 339 2521 tro.
371 2481 491 2522 multi
521 2495 620 2520 vero
651 2483 900 2523 clericorum
928 2485 968 2524 in
991 2501 1176 2528 carceres
1195 2488 1303 2528 missi
1333 2495 1452 2529 sunt:
1483 2489 1554 2545 qui
1577 2496 1719 2530 autem

255 2537 401 2593 fugere
424 2543 684 2592 potuerunt,
714 2538 826 2593 apud
851 2540 1025 2582 Romam
1057 2551 1098 2584 et
1127 2544 1380 2587 Phoenicem
1410 2552 1506 2586 sunt
1532 2545 1719 2600 dispersi.

368 2610 507 2650 Porro
545 2609 696 2664 impius
741 2610 971 2666 imperator
999 2616 1282 2662 authenticam
1319 2618 1510 2660 chartam
1541 2618 1719 2661 Chalce-

304 2738 338 2784 *)
363 2738 690 2783 commonitorium]
733 2739 949 2778 Theodorus
973 2744 1134 2780 Balsamo
1168 2747 1212 2781 ad
1250 2749 1428 2793 synodum
1454 2747 1718 2793 Carthaginen-

353 2796 444 2819 sem:
473 2784 768 2842 xoufflovtrdptov
795 2787 876 2832 ἤτοι
898 2788 938 2828 τὸ
963 2793 1164 2843 ἔγγραφον
1187 2795 1404 2847 ὑπόμνημα.
1451 2796 1534 2833 vide
1554 2796 1601 2831 ad
1619 2796 1717 2843 glos-

353 2845 407 2867 sas
437 2834 681 2870 Basilicorum.
730 2836 834 2871 Fann-
