1728 3184
215 165 312 211 568
714 167 789 212 An
819 160 1190 212 THEOPHANEM

215 283 315 324 Vnt.
342 286 361 328 1
389 283 483 328 lect.
510 280 727 332 πεποιθώς
756 283 814 333 ὥς
844 280 866 325 ὃ
895 285 1159 335 ΠΙαξὲντιος·
1192 298 1279 324 cum
1309 283 1482 340 perinde
1507 298 1556 324 ac
1581 286 1676 324 Ma-

213 342 375 381 mentius·
421 341 668 382 daemonum
708 342 886 382 oraculis
903 341 1076 396 fideret.-
1117 355 1241 395 quem
1282 346 1432 381 auctor
1460 341 1598 382 multis
1629 355 1679 381 eo

213 397 383 438 nomine
410 398 683 438 infamaverat
697 396 1006 438 &Constantini
1029 412 1156 448 anno,
1186 411 1269 451 quo
1294 398 1325 437 is
1355 397 1470 437 illum
1503 410 1680 453 oppres·

211 453 278 505 sit,
309 468 436 494 cruce
467 453 669 495 eiusmodi
698 455 1019 509 praestigiarum
1051 454 1239 494 victrice.

326 526 392 578 91,
426 525 489 567 13.
556 524 630 568 τὸν
674 527 907 579 Γαλλέριον
944 522 1238 582 ΙΙΙαξιμιανόν]
1281 527 1437 567 iterum
1471 527 1518 568 P.
1551 527 1679 566 Goar.

212 582 299 637 lego
329 583 599 635 Magmtvov·
632 597 715 623 non
751 584 856 624 bene
886 589 930 623 ut
961 590 1019 624 est
1050 585 1130 623 iam
1157 590 1379 624 ostensum.

328 655 394 708 22,
426 656 465 697 2.
536 657 610 696 καί
654 653 884 711 ἀφορίσας]
921 652 966 697 τό
1010 653 1083 696 καί
1111 656 1383 712 superfluum,
1418 669 1492 696 nec
1523 655 1682 696 habent

216 711 338 755 codd.

323 785 432 829 Ibid.
466 784 531 826 10.
594 785 846 826 Germanior
888 786 1014 826 lectio
1045 787 1222 827 alimum
1266 785 1387 829 codd.
1418 785 1586 839 πρῶτον
1615 780 1682 825 νό-

213 855 294 895 μον
326 838 475 895 ἔγρατε
502 837 608 889 τούς.

327 914 392 966 27,
534 911 862 964 Κωνστάντιον]
910 914 1121 956 redditum
1165 924 1363 966 currente
1392 916 1581 967 calamo,
1611 931 1682 956 seu

214 972 361 1028 praelo
394 971 712 1011 Constantinum.

323 1044 390 1094 28,
418 1044 460 1083 4.
531 1044 716 1094 πολέμου
755 1042 960 1098 δημοσίου
999 1043 1302 1099 κροτηθέντος]
1344 1045 1455 1086 bello
1485 1039 1680 1100 publico,

216 1101 342 1156 inque
375 1100 477 1140 illud
524 1100 811 1141 inardescente
850 1106 940 1141 tota
986 1115 1076 1156 rep.
1137 1102 1194 1140 sic
1226 1107 1267 1141 et
1297 1105 1433 1142 Anast.
1479 1116 1554 1142 nec
1590 1106 1685 1142 satis

215 1171 464 1210 expressum,
499 1157 599 1197 hello
619 1158 738 1197 civili
764 1165 883 1200 moto.
944 1163 1034 1198 erat
1063 1172 1159 1198 sane
1187 1158 1318 1209 civile,
1347 1159 1416 1199 sed
1444 1158 1682 1199 huiusmodi

212 1215 323 1254 inter
353 1214 486 1254 civilia
519 1219 566 1253 ut
595 1214 830 1254 universam
855 1228 987 1268 remp.
1019 1214 1243 1255 scinderet.
1273 1216 1317 1256 ἐν
1341 1220 1430 1263 τοῖς
1460 1215 1684 1270 ἐμφυλίοις

213 1266 412 1325 ἀν’ττητος
447 1271 504 1309 ait
532 1271 570 1309 D
601 1271 767 1310 imictus
798 1273 840 1311 in
869 1271 987 1312 bellis
1016 1272 1208 1312 civilibus.

326 1341 391 1394 29,
419 1340 456 1382 6.
517 1339 714 1396 α’πεδύθη
760 1339 843 1383 ὑπὸ
885 1343 1228 1399 Κωνστᾳντίνου]
1280 1344 1337 1384 sic
1380 1344 1486 1384 bene
1531 1345 1626 1384 Vat.
1661 1343 1680 1384 l

210 1400 510 1455 Pa1.etPeyr
543 1414 619 1440 nec
645 1401 753 1440 enim
776 1400 1007 1441 Constantii
1039 1401 1221 1441 Caesaris
1252 1406 1343 1441 erat
1371 1402 1585 1441 Caesarem
1614 1401 1683 1440 Li-

213 1457 422 1497 cinianum
463 1464 759 1505 exauctorare3
809 1458 880 1498 sed
908 1457 1037 1511 patlis
1070 1458 1344 1509 Constantini,
1377 1458 1448 1513 qui
1472 1453 1682 1511 μονοκρά-

215 1528 316 1568 τωρ
350 1528 492 1553 rerum
521 1527 722 1553 summam
751 1514 860 1554 solus
886 1515 1068 1555 tenebat.

329 1584 495 1636 30,11.
555 1585 601 1626 ἐν
631 1586 690 1641 τῷ
715 1584 746 1638 γ’
778 1585 885 1642 λόγω
913 1586 969 1627 τῶ
1012 1602 1072 1637 εις
1102 1584 1176 1627 τόν
1214 1586 1410 1638 βασιὶὲα]
1443 1587 1604 1641 clarius,
1638 1587 1685 1626 li-

215 1643 296 1683 hio
327 1641 391 1682 3
382 1659 421 1682 in
457 1641 622 1682 laudem
654 1644 939 1694 Constantini3
987 1645 1071 1686 sive
1101 1643 1152 1684 de
1184 1645 1270 1685 vita
1300 1644 1580 1696 Constantini,
1612 1658 1686 1686 cu-

218 1699 278 1740 ius
309 1698 334 1740 9
364 1715 453 1754 cap.
486 1705 625 1740 extant
653 1714 726 1741 eae
755 1699 912 1741 laudes.

326 1773 459 1822 321.
528 1769 705 1823 ιδιαζειν
734 1771 1023 1828 ἡσυχάζοντα]
1069 1775 1170 1814 nihil
1201 1774 1282 1813 iam
1318 1790 1360 1814 sc
1395 1775 1518 1814 rebus
1549 1773 1685 1814 eccle-

218 1829 385 1869 siasticis
417 1830 714 1870 immiscentem
757 1831 817 1883 (in
851 1845 1033 1884 poenam
1075 1831 1273 1871 nimiium
1307 1830 1534 1897 snperionis
1573 1830 1687 1870 schi-

218 1886 375 1940 smatis)
408 1887 621 1940 privatum
655 1902 798 1952 agere:
825 1887 929 1927 haec
961 1887 1070 1927 enim
1101 1888 1159 1929 vis
1189 1893 1248 1927 est
1273 1888 1349 1926 τοῦ
1380 1883 1612 1940 ἡσυχάζειν
1643 1888 1685 1926 in

220 1942 437 1982 eiusmodi.
509 1942 623 1997 quod
662 1944 850 1998 sequitur
895 1944 945 1983 de
975 1944 1177 1984 oldinatis
1218 1945 1267 1983 ab
1300 1944 1383 1994 illo,
1416 1958 1520 1999 quos
1546 1949 1684 1984 saneta

218 2000 399 2054 synodus
434 2000 639 2053 praecipit
681 1999 975 2052 μυστικωτέρα
1013 2001 1251 2056 χειοοτοιία
1287 2000 1594 2054 βεβαιοῦσθαι,
1624 2015 1686 2040 ςα-

220 2057 395 2096 cratiori
420 2055 670 2096 ordinatione
703 2056 956 2110 corfirmari,
990 2056 1041 2097 de
1072 2073 1172 2097 vera
1202 2042 1486 2110 accipiendum
1516 2034 1687 2097 ordina-

219 2113 350 2165 tione,
376 2103 493 2154 velut
522 2113 643 2152 irrita
673 2114 851 2167 penitus,
881 2115 1210 2179 quarn-Meletius
1227 2114 1565 2168 praesumpsisset
1585 2128 1686 2153 con-

222 2176 287 2209 tra
321 2184 490 2224 magnae
525 2169 796 2209 Alexandriae
836 2170 1020 2224 episcopi
1066 2172 1180 2215 iura:
1228 2186 1308 2225 qua
1340 2169 1392 2211 de
1420 2185 1465 2210 re
1494 2171 1686 2225 prodibit

220 2227 470 2280 propediem
499 2226 756 2266 illustrissimi
784 2226 901 2266 Petri
933 2227 983 2268 de
1007 2227 1411 2268 MarcbaTholosani
1440 2227 1684 2281 archiepisc.

222 2282 493 2337 disceptati0‚
527 2299 652 2339 quam
695 2283 853 2333 brevis,
886 2291 969 2324 tam
1001 2286 1192 2337 erudita,
1222 2285 1272 2325 P.
1301 2284 1458 2325 Morini
1489 2285 1599 2325 libro
1635 2284 1686 2325 de

220 2341 345 2379 sacris
375 2339 708 2381 ordinationibus
738 2340 902 2380 inserta.

333 2412 451 2467 33,5
427 2427 466 2456 .
524 2408 607 2452 vad
638 2412 804 2468 σοφῶν]
835 2414 993 2454 emend.
1019 2415 1143 2458 Bai-,b
1173 2412 1443 2470 φιλοσόφων·
1504 2413 1613 2455 unde
1645 2419 1688 2453 et

221 2471 438 2525 sequitur,
478 2469 552 2511 ἕνα
581 2470 665 2510 τῶν
698 2466 944 2524 φιλοσόφων
983 2470 1283 2523 παραπέμψαι.
1342 2471 1474 2511 visum
1504 2485 1634 2512 unum
1663 2486 1687 2512 e

221 2526 492 2582 philosophis,
521 2541 615 2567 cum
645 2541 729 2582 quo
761 2527 990 2567 Alexander
1024 2527 1269 2582 ἀίεΡυῐἭιιεῒ
1302 2528 1504 2569 emittere.

334 2610 402 2663 34,
435 2610 474 2653 9.
531 2611 575 2661 ἐξ
606 2604 744 2652 ἄλλων
758 2607 896 2651 τόπων
925 2609 1033 2651 κατὰ
1062 2613 1176 2665 γένος
1204 2609 1513 2664 ἐπιλεξάμενος]
1545 2613 1684 2653 Anast-

220 2667 433 2708 secundum
463 2683 610 2723 gemcs:
641 2666 815 2735 perinde
845 2669 997 2708 obscm
1001 2684 1081 2708 um
1095 2670 1141 2711 P.
1162 2671 1278 2710 Goar
1293 2685 1375 2709 non
1394 2669 1542 2710 reddit.
1577 2669 1686 2709 idem

223 2725 276 2763 sit
306 2724 411 2765 κατὰ
441 2725 586 2778 75'v0;‚
621 2723 668 2764 τὸ
708 2723 877 2776 γενικῶς
919 2740 965 2765 ex
996 2725 1081 2764 aliis
1121 2741 1292 2781 quoque
1324 2726 1423 2766 locis
1462 2726 1685 2766 universim

224 2780 428 2835 deligens:
463 2787 508 2821 ut
539 2796 622 2822 non
649 2781 782 2822 solum
800 2783 931 2822 Roma
954 2782 1191 2824 accersieiit
1221 2783 1387 2834 incolas,
1416 2782 1484 2824 sed
1515 2798 1560 2823 ex
1593 2782 1685 2823 uni-
