1768 3268
548 208 615 249 Ex
659 206 1004 248 THEOPHANE.
1419 200 1509 246 127

38 323 271 377 chaganum
300 335 448 376 magna
487 322 714 377 sapientem
761 322 1159 376 responsionemque
1202 321 1421 362 iactantius
1451 319 1516 360 fa-

39 379 221 420 cientem
251 378 394 429 (minas
423 379 534 419 enim
564 378 890 433 praetendebat,
933 393 976 419 se
1005 383 1255 418 cunctarum
1298 392 1384 419 esse
1411 392 1518 432 gen-

42 437 147 475 tium
179 434 396 476 dominum
426 436 596 487 iactans)
627 437 874 476 narratione
911 434 1045 476 veteri
1084 435 1293 489 mitigavit
1319 434 1517 475 barbari-

39 506 137 533 cum
164 492 354 548 typhum.
413 492 473 532 ait
502 491 613 534 enim
640 493 779 543 “audi,
808 492 1007 546 chagane,
1036 491 1274 546 proficuam
1302 491 1519 531 narratio-

42 563 151 590 nem.
182 548 380 599 Sesostris
402 549 707 605 Aegyptiorum
725 563 797 590 rex
826 548 994 589 illustris
1023 554 1065 588 et
1095 547 1255 602 oppido
1284 547 1392 597 felix,
1423 547 1518 602 opi-

40 605 118 646 bus
147 604 282 646 clarus
312 611 355 645 et
382 605 693 660 inexpugnabili
734 611 984 660 potentatu,
1029 605 1230 659 plurimas
1262 610 1304 644 et
1334 603 1519 659 ingentes

39 661 234 702 servituti
281 662 468 702 nationes
507 661 682 717 redegit.
751 661 861 702 unde
903 668 945 702 et
989 661 1030 700 in
1064 661 1351 715 arrogantiam
1380 673 1518 710 ruenS,

42 733 175 759 curru
203 717 459 759 adhaerente
486 718 564 759 sibi
594 732 700 759 auro
734 724 776 758 et
803 718 1011 773 lapidibus
1032 718 1227 772 pretiosis
1258 722 1518 767 constructo,

41 775 158 816 sedet
186 789 314 829 super
343 790 452 826 eum,
483 781 526 815 et
549 775 706 830 subigit
750 775 849 830 iugo
881 789 928 816 ex
956 774 1165 828 superatis
1194 774 1358 828 regibus
1394 780 1522 828 quat-

40 837 144 872 tuor
172 831 340 873 trabere
365 845 554 872 currum.
622 846 805 887 cumque
842 831 926 872 hoc
954 831 1076 872 fieret
1104 831 1146 871 in
1181 830 1330 885 insigni
1359 829 1523 870 festivi-

41 893 142 940 tate,
162 901 276 931 unus
303 902 351 929 ex
390 894 596 943 quattuor
637 889 804 944 regibus
835 889 1085 944 frequenter
1129 886 1299 928 oculum
1328 886 1522 927 vertebat

43 950 293 996 retrorsum,
324 949 367 985 et
392 945 765 1000 contemplabatur
791 950 943 995 rotam,
975 959 1071 985 cum
1098 944 1363 985 volveretur.
1395 958 1520 999 quem

40 1000 554 1055 Sesostris'percunctatus
584 1001 644 1042 ait
672 1005 763 1042 ‘cur
801 1008 900 1057 post
931 1008 1098 1057 tergum
1127 999 1308 1042 offirmas
1340 999 1519 1041 oculos?

41 1063 84 1098 at
113 1058 182 1099 ille
215 1057 348 1098 ‘banc'
378 1057 517 1114 inquit
544 1062 700 1100 ‘rotam
737 1058 874 1099 miror
908 1058 1164 1108 instabilem,
1195 1063 1237 1098 et
1266 1057 1362 1098 alias
1393 1062 1519 1112 atque

39 1114 162 1155 aliter
196 1129 244 1169 se
273 1121 535 1166 moventem,
575 1122 619 1156 et
666 1114 795 1156 modo
825 1115 982 1155 excelsa
1024 1114 1344 1165 humiliantem,
1374 1128 1518 1154 rursus

38 1170 213 1211 humilia
243 1171 517 1212 exaltantem.'
575 1178 620 1212 at
651 1186 755 1212 vero
780 1172 977 1212 Sesostris
1004 1171 1253 1226 parabolam
1283 1170 1518 1224 intelligen-
1534 1167 1660 1217 p-‚422

38 1232 106 1268 ter
133 1227 496 1279 animadvertens,
538 1227 672 1283 legem
720 1229 864 1282 posuit
906 1243 958 1268 ne
987 1243 1164 1268 currum
1195 1241 1314 1283 reges
1343 1226 1520 1268 ulterius

38 1284 294 1326 traherent.”
366 1283 428 1325 his
467 1284 673 1340 chaganus
713 1283 861 1324 auditis
903 1284 1097 1336 subrisit,
1130 1290 1173 1325 et
1214 1283 1274 1324 ait
1303 1298 1345 1324 se
1373 1297 1521 1338 pacem

38 1341 201 1381 sectari.
260 1340 427 1381 Priscus
455 1347 595 1381 autem
626 1340 814 1394 chagano
858 1341 1046 1381 reddidit
1072 1354 1155 1396 pro
1189 1341 1368 1381 transitu
1394 1354 1521 1395 prae-

37 1397 147 1448 dam,
176 1402 220 1437 et
239 1397 392 1438 exuviis
421 1397 614 1438 omnibus
635 1398 809 1451 sumptis
829 1397 916 1438 sine
938 1397 1158 1452 dispendio
1186 1411 1349 1438 amnem
1382 1402 1519 1437 trans-

36 1454 127 1493 ivit.
203 1466 340 1508 porro
389 1453 597 1509 chaganus
642 1452 704 1493 his
747 1453 946 1508 susceptis
995 1454 1212 1509 magnifice
1264 1453 1515 1494 laetabatur.

37 1509 203 1552 Priscus
229 1509 478 1566 Byzantium
504 1510 631 1562 venit,
667 1515 710 1550 et
740 1510 896 1551 Petrus
925 1505 1174 1565 praeturam
1205 1509 1401 1565 suscepit.

152 1600 317 1652 Quarto
350 1599 514 1641 decimo
545 1599 713 1656 imperii
740 1600 802 1639 sui
843 1614 953 1640 anno
988 1600 1103 1641 iussit
1129 1600 1356 1641 Mauricius
1384 1600 1516 1641 Petro

35 1656 228 1710 praetori
257 1663 304 1697 ut
334 1656 504 1698 tertiam
533 1657 779 1712 portionem
808 1670 937 1711 rogae
967 1657 1008 1697 in
1032 1671 1137 1698 auro
1169 1673 1191 1697 a
1219 1656 1418 1698 Romanis
1447 1672 1519 1697 ac-

38 1713 214 1767 ciperet,
248 1719 290 1754 et
321 1713 488 1754 tertiam
518 1713 560 1754 in
590 1714 726 1767 armis,
770 1718 812 1754 et
841 1713 963 1754 aliam
989 1714 1159 1754 tertiam
1191 1714 1232 1754 in
1264 1713 1518 1754 vestimentis

39 1768 224 1810 diversis.
297 1768 442 1826 itaque
470 1771 650 1811 Romani
690 1770 773 1810 hoc
802 1770 949 1811 audito
991 1770 1044 1810 ad
1075 1770 1344 1827 tyrannidem
1372 1776 1519 1811 verte-

37 1826 212 1866 bantur.
281 1833 460 1881 praetor
504 1841 605 1868 vero
638 1827 788 1867 timens
833 1827 1111 1868 satisfaciebat
1140 1831 1175 1878 *)
1208 1827 1408 1868 militibus
1436 1825 1519 1867 hoe

38 1897 184 1922 verum
210 1896 295 1922 non
331 1898 428 1935 esse,
462 1889 504 1924 et
521 1883 744 1924 exhibebat
762 1883 1013 1924 exercitibus
1038 1884 1133 1925 alias
1161 1885 1335 1935 litteras,
1365 1884 1519 1925 iuben-

34 1945 94 1979 tes
123 1938 200 1979 sibi
241 1940 434 1994 quatinus
464 1939 510 1980 hi
552 1941 625 1996 qui
666 1941 796 1980 fortia
826 1948 1036 1996 gesserant
1061 1949 1103 1983 et
1134 1941 1185 1982 de
1211 1941 1409 1996 periculis
1439 1941 1519 1980 tri-

36 1994 289 2049 umpharant
319 1996 360 2036 in
394 1997 566 2038 urbibus
595 2011 754 2036 summa
785 1997 932 2052 requie
967 1999 1227 2053 potirentur,
1259 1997 1310 2038 de
1341 1996 1516 2051 publicis

34 2052 268 2106 sumptibus
306 2052 417 2094 inter
459 2067 573 2094 senes
616 2053 778 2103 alendi,
814 2054 940 2108 pueri
985 2069 1088 2095 vero
1130 2055 1310 2095 militum
1340 2054 1383 2093 in
1415 2051 1649 2099 locisP⁴423

34 2109 316 2163 propriorum
346 2117 571 2163 parentum
606 2111 968 2158 inscriberentur3
997 2111 1157 2167 talique
1189 2111 1354 2152 suadela
1376 2125 1513 2165 popu-

33 2164 119 2204 lum
151 2165 372 2220 mitigavit,
404 2173 446 2206 et
477 2167 697 2208 Caesarem
724 2167 860 2207 honae
890 2168 1026 2208 famae
1055 2169 1284 2222 praeconio
1314 2167 1512 2208 laudave-

34 2227 146 2265 runt,
208 2221 311 2261 baec
342 2229 481 2263 autem
521 2225 686 2264 Petrus*
715 2223 967 2279 imperatori
998 2224 1272 2266 denuntiavit.
1334 2238 1514 2279 cumque

31 2277 209 2318 venisset
238 2279 602 2334 Marcianopolim,
633 2280 777 2334 dirigit
808 2280 920 2321 mille
949 2295 1256 2335 praecessuros.
1290 2280 1334 2321 hi
1366 2295 1514 2334 reper-

33 2335 85 2374 tis
115 2334 314 2381 Sclavinis
343 2335 519 2376 multam
549 2336 798 2378 ducentibus
827 2338 1059 2378 Romanam
1091 2338 1307 2393 praedam,
1336 2336 1410 2376 hos
1445 2337 1514 2376 in-

33 2391 540 2489 Zequentesdoceiderunt,
567 2393 783 2449 multaque
808 2395 969 2449 praeda
1011 2401 1182 2450 recepta
1214 2393 1412 2435 Romaica
1442 2407 1515 2434 re.-

62 2447 204 2489 ierunt
233 2463 253 2488 a
316 2463 435 2489 rura.

143 2536 305 2579 Eodem
333 2552 436 2580 vero
483 2553 593 2580 anno
637 2539 872 2581 construxit
898 2540 1133 2595 imperator
1175 2537 1376 2579 solarium
1416 2539 1512 2583 Ma-

82 2685 115 2730 ¹³)
139 2685 397 2734 satisfaciebat]
423 2686 594 2720 Glossae:
627 2685 815 2733 ἀπολογία
848 2689 1053 2730 excusatio,
1089 2687 1268 2733 pun-gotie,
1293 2686 1510 2721 satisfactio.

130 2731 217 2767 hinc
243 2734 538 2768 satisfactionalis
564 2734 680 2776 liber,
717 2735 1009 2782 ἅπολογητικός,
1045 2736 1136 2771 Hist.
1174 2734 1275 2780 Trip.
1304 2733 1327 2768 9
1352 2734 1409 2769 23.
1462 2736 1512 2768 sic

127 2780 388 2827 Hieronymum
411 2782 547 2816 alicubi
562 2782 729 2828 posuisse
753 2784 1018 2818 satisfacientes
1045 2795 1110 2829 pro
1137 2788 1350 2816 excusantes
1376 2794 1415 2816 se
1441 2793 1511 2816 no-

126 2832 180 2863 tat
203 2829 248 2863 H.
279 2830 429 2865 Grotius
455 2831 495 2865 iu
522 2831 757 2867 Discussione
784 2832 966 2868 Rivetiani
991 2830 1221 2879 Apologetiei
1247 2842 1282 2877 p.
1305 2830 1364 2865 83.
1387 2831 1493 2865 Fun.
