1768 3268
545 213 616 255 Ex
654 211 1007 256 THEOPHANE.
1442 207 1507 253 67

40 334 178 370 torem
209 341 416 384 quaerere
434 327 760 370 benedictiones.
817 333 862 368 at
895 328 1115 393 episcopus
1140 326 1399 369 renuntiavit
1427 340 1514 367 nou

39 399 85 426 se
126 384 286 426 habere
318 385 514 440 pecunias
550 385 603 425 ad
640 383 919 438 mittendum,
957 384 1034 425 nisi
1076 384 1191 424 forte
1220 398 1390 439 quoque
1417 389 1516 424 utar

37 441 261 506 (inquiens)
292 456 340 482 ex
371 443 499 482 sacris
527 442 704 484 vasibus.
762 442 811 482 tit
840 418 942 496 erg'o
962 456 1011 482 ex
1037 440 1120 481 hoc
1148 440 1261 480 inter
1281 441 1385 494 illos,
1410 439 1517 480 Pul-

39 497 184 538 cheria
227 498 331 539 haec
358 498 603 553 ignorante,
648 513 732 538 non
761 497 950 538 modicus
979 511 1164 540 maeror.
1238 511 1385 537 verum
1411 495 1519 537 haec

40 554 156 609 apud
186 530 607 610 Constantinopolim.
663 561 851 595 cetelum
869 569 994 609 penes
1013 552 1306 594 Alexandriam
1338 554 1519 594 Diosco-

42 625 113 652 rus
142 612 362 653 confestim
391 611 536 677 cyrini
565 618 766 666 cognatos
792 612 833 652 in
863 610 1109 666 primordiis
1141 611 1225 652 suis
1258 610 1446 651 devastat
1473 616 1518 650 et

41 666 198 708 horum
238 668 494 723 patrimonia
552 667 862 723 depraedatur,
903 668 1036 709 filium
1072 673 1213 708 autem
1251 667 1394 707 fratris
1430 667 1517 707 eius

41 724 312 766 Athanasium
349 725 644 781 presbytenum
679 726 767 765 sine
809 699 934 779 ctilpa
970 724 1178 780 deposuit.
1245 723 1349 765 baec
1376 730 1517 763 autem

41 781 223 822 faciebat
250 789 390 823 rectae
424 781 572 837 Cyrilli
602 781 698 823 fidei
737 780 998 833 adversatus,
1029 796 1125 822 cum
1157 787 1260 821 esset
1282 780 1518 821 haereticus

42 844 86 878 et
113 853 161 878 ex
190 839 386 879 mollibus
417 838 579 893 ungulis
609 853 656 879 ea
687 853 796 894 quae
832 844 929 879 sunt
960 838 1154 892 Origenis
1181 839 1368 878 sentiret.
1429 837 1520 877 ira-

38 895 235 936 scebatur
264 901 403 942 autem
441 901 484 936 et
524 895 723 936 Flaviano
745 926 757 946 ,
802 910 852 936 eo
899 872 1270 950 q110d⁰modicum
1297 894 1401 950 quid
1427 894 1520 948 opis

41 951 155 993 beati
185 953 402 993 conferret
430 952 575 1008 Cyrilli
606 952 806 1007 cognatis.
864 966 959 992 cum
984 966 1086 1006 ergo
1106 950 1387 1006 Chrysaphius
1416 958 1521 991 esset

40 1009 219 1063 impius,
252 1009 398 1050 videre
429 1023 514 1049 non
546 1010 682 1050 ferens
713 1009 982 1049 ecclesiarum
1014 1007 1310 1058 concordiam,
1344 1022 1521 1062 operam

41 1063 169 1106 dabat
202 1071 250 1106 ut
279 1065 557 1107 conturbaret
596 1080 686 1116 eas,
722 1072 764 1106 et
794 1065 966 1106 diversis
1001 1065 1138 1106 modis
1171 1065 1323 1118 agebat
1347 1071 1395 1105 ut
1421 1065 1524 1104 Fla-

41 1121 212 1163 vianum
240 1122 295 1162 ab
327 1123 572 1177 episcopatu
602 1121 853 1177 depellelet,
885 1122 1029 1163 volens
1055 1121 1276 1186 Eutychen
1310 1120 1521 1177 quendam

41 1192 180 1219 sensus
223 1181 287 1218 sui
331 1179 707 1220 archimandritam
749 1178 803 1219 ad
832 1178 1123 1234 episcopatum
1150 1178 1237 1218 eius
1267 1177 1520 1232 provehere.

42 1240 86 1275 ct
115 1234 316 1291 quoniam
349 1234 572 1276 Pulcheria
602 1250 667 1276 res
701 1235 841 1276 civiles
871 1235 1083 1277 retinente
1117 1233 1220 1275 nihil
1250 1235 1396 1283 valuit,
1428 1234 1525 1288 pri-

40 1305 113 1332 mo
161 1291 385 1333 insidiatur
410 1291 628 1332 Eudociae
655 1291 899 1332 insidiarum
943 1291 1031 1332 eius
1077 1290 1264 1332 nondum
1309 1298 1519 1345 expertae,

43 1353 87 1388 et
117 1347 159 1388 in
188 1347 368 1389 livorem
398 1362 488 1388 eam
520 1348 690 1403 instigat
720 1355 871 1389 contra
891 1347 1115 1403 propriam
1135 1353 1332 1399 matrem,
1366 1355 1409 1388 et
1438 1348 1651 1399 im-p.152

40 1404 175 1445 mittit
204 1404 242 1445 ei
259 1434 273 1453 ‚
317 1411 364 1446 ut
393 1411 438 1445 et
465 1404 523 1444 illi
567 1405 745 1459 deroget
770 1404 884 1459 apud
915 1406 1216 1459 imperatorem
1243 1409 1286 1444 et
1315 1403 1439 1444 tollat
1467 1405 1521 1444 ad

39 1475 83 1502 se
109 1459 412 1515 praepositum,
440 1461 642 1516 quoniam
670 1461 935 1516 praepositus
955 1461 1009 1502 ad
1038 1461 1355 1516 dispositionem
1376 1476 1522 1501 rerum

40 1517 372 1572 pernecessarius
410 1523 504 1558 erat
538 1517 797 1559 pulcheriae.
867 1518 1105 1572 imperator
1142 1523 1284 1558 autem
1309 1517 1360 1557 ab
1389 1532 1522 1558 uxore

39 1573 239 1615 molestiis
267 1574 475 1629 fatigatus,
502 1574 635 1614 mittit
657 1575 694 1615 ei
720 1574 860 1615 dicens
880 1577 963 1615 “ne
987 1581 1031 1615 te
1053 1573 1134 1614 hoc
1163 1574 1328 1614 tristem
1346 1573 1518 1615 reddat:

38 1630 329 1687 praepositum
358 1630 470 1672 euim
502 1637 545 1672 te
572 1631 731 1673 habere
761 1645 846 1671 non
883 1637 944 1672 est
975 1630 1186 1686 possibile,
1217 1645 1355 1686 neque
1382 1646 1520 1671 meam

36 1701 232 1728 sororem
271 1687 381 1728 bene
420 1692 463 1728 et
493 1687 632 1742 perite
663 1702 713 1728 ac
741 1688 811 1741 pie
850 1687 992 1728 omnia
1018 1688 1308 1742 disponentem
1338 1702 1415 1741 ego
1446 1703 1520 1727 re-

35 1743 187 1808 pello?
214 1743 403 1785 inefficax
432 1758 535 1799 ergo
554 1744 837 1800 chrysaphius
866 1759 993 1798 super
1013 1743 1098 1785 hoc
1126 1744 1296 1785 effectus
1328 1745 1379 1784 ad
1405 1743 1518 1784 aliud

35 1799 221 1842 vertitur
249 1801 594 1852 instrumentum,
627 1806 669 1842 et
697 1801 883 1856 suggerit
908 1800 1127 1842 Eudociae
1155 1807 1204 1841 ut
1232 1800 1446 1842 molesta·
1436 1817 1519 1840 im-

33 1857 231 1912 peratori
257 1856 453 1899 suaderet
480 1858 532 1909 ei,
562 1871 647 1913 quo
677 1858 945 1924 praeciperet
974 1857 1244 1912 patriarchae
1267 1871 1516 1898 consecrare

34 1913 148 1954 illam
179 1913 412 1982 diaconam,
443 1921 646 1970 tanquam
666 1929 775 1970 quae
793 1915 1080 1969 virginitatem
1109 1914 1311 1969 elegisset.
1343 1920 1387 1955 et
1415 1914 1515 1954 diu-

33 1970 116 2011 tius
144 1969 337 2012 Eudocia
363 1971 616 2026 imperatori
645 1971 819 2012 molesta
846 1971 1051 2036 persuasit
1067 1971 1228 2012 levitati
1258 1971 1356 2011 eius.
1385 1985 1515 2026 super

35 2041 123 2082 quo
155 2027 283 2068 iussus
313 2027 533 2068 Flavianus
563 2028 615 2069 ab
650 2027 909 2083 imperatore
935 2027 1124 2068 tristatus
1153 2033 1215 2069 est
1242 2028 1375 2079 valde,
1404 2042 1514 2083 pro-

32 2083 210 2138 spiciens
252 2084 396 2125 futura
435 2099 483 2126 ex
525 2084 611 2125 hoc
651 2083 844 2126 scandala
888 2085 1116 2125 nascitura.
1190 2091 1232 2125 et
1261 2084 1513 2139 imperatori

33 2140 205 2195 quidem
238 2140 504 2195 repromisit,
543 2141 794 2182 Pulcheriae
829 2155 933 2182 vero
963 2141 1130 2196 scripsit
1159 2155 1310 2196 rogans
1340 2156 1432 2181 eam
1460 2156 1512 2182 ne

31 2196 176 2237 saltem
191 2202 289 2238 ante
305 2197 454 2239 faciem
472 2198 558 2239 eius
575 2198 753 2249 veniret,
784 2199 864 2238 “ne
891 2200 1046 2253 cogar''
1077 2198 1217 2254 iuquit
1213 2173 1389 2252 t’“agere
1407 2198 1511 2253 quid

32 2267 182 2294 eorum
213 2269 322 2309 quae
358 2260 402 2295 te
445 2255 738 2296 contristant?
805 2255 875 2295 illa
906 2270 1007 2310 ergo
1046 2269 1095 2296 ex
1121 2255 1182 2295 his
1211 2270 1320 2310 quae
1350 2256 1510 2308 scripta

30 2310 202 2350 fuerant
241 2311 473 2366 intelligens
511 2311 627 2367 quod
656 2310 998 2361 meditabantur,
1031 2317 1074 2352 et
1098 2313 1388 2366 praepositum
1418 2312 1510 2350 Eu-

31 2365 178 2408 dociae
206 2368 465 2420 transmittit,
496 2376 538 2410 et
569 2368 655 2423 ipsa
673 2370 807 2409 exiens
838 2368 880 2409 in
900 2342 1141 2409 Ebd'omum
1161 2368 1287 2409 siluit.
1348 2383 1395 2408 ex
1425 2367 1508 2406 boc

31 2422 174 2477 itaque
203 2423 438 2478 imperator
468 2430 511 2466 et
538 2424 727 2466 Eudocia
754 2425 877 2466 valde
914 2430 1067 2466 contra
1093 2426 1338 2466 Flavianum
1369 2424 1645 2477 tristesp.153

31 2479 168 2520 effecti
195 2486 304 2535 sunt,
333 2480 447 2536 quod
474 2495 593 2521 suum
610 2482 830 2522 revelasset
859 2487 1080 2522 secretum.
1136 2495 1272 2536 porro
1303 2480 1505 2521 Eusebius

29 2535 315 2588 scholasticus,
354 2538 428 2593 qui
468 2537 629 2592 primns
657 2538 898 2579 Nestorium
936 2537 1221 2593 reprehendit,
1253 2536 1305 2576 ad
1337 2536 1504 2591 episco-

30 2597 178 2646 patum
218 2594 410 2635 Dorilaei
450 2601 693 2661 promotus,
734 2601 776 2636 et
806 2594 859 2636 de
896 2595 979 2636 fide
1016 2610 1111 2635 cum
1140 2593 1332 2648 Eutyche
1358 2593 1503 2634 archi-

29 2649 238 2690 mandrita
278 2650 515 2706 disputans‚
556 2651 716 2692 invenit
747 2666 841 2692 eum
882 2665 967 2691 non
999 2657 1117 2692 recta
1144 2650 1398 2704 sapientem,
1428 2650 1504 2706 qui

31 2719 128 2744 cum
158 2707 337 2747 multum
366 2722 633 2748 commonens
663 2709 808 2749 iuvare
836 2706 954 2748 illum
979 2707 1243 2762 nequivisset,
1276 2707 1422 2747 retulit
1450 2707 1503 2748 de

31 2774 82 2801 eo
111 2761 312 2803 Flaviano
343 2764 558 2818 episcop0,
589 2763 662 2820 qni
690 2764 966 2820 qnadraginta
995 2765 1291 2818 episcoporum
1319 2763 1548 2828 conciliop
1579 2774 1647 2808 154

31 2825 286 2874 congregato
320 2820 490 2862 adducit
511 2821 746 2876 Euty‚chen
776 2828 817 2862 et
835 2823 948 2862 iuxta
968 2834 1135 2862 omnem
1159 2820 1498 2875 consequentiam
