1768 3268
225 213 315 259 106
439 215 722 258 ANAsTAsn
765 213 1030 257 HlS'l'ORlA
1069 209 1485 256 ECCLESIASTICA

219 332 328 387 gerit
357 332 640 386 epicopatum.
712 345 797 385 quo
841 343 950 369 anno
980 335 1173 369 mortuus
1205 332 1264 367 est
1293 324 1540 365 Timotheus
1573 338 1696 366 exar-

219 391 318 429 chus
347 388 700 429 monasteriorum
731 394 774 428 et
791 385 1048 442 hegumenus
1076 381 1528 430 monasteriiDalmati,
1558 388 1602 422 et
1630 382 1697 421 sa-

218 453 307 487 etus
339 450 401 487 est
426 460 509 500 pro
540 459 590 486 eo
619 443 852 496 Anthimus,
895 442 1100 483 inclausus
1129 440 1310 482 ciusdem
1341 438 1597 480 monasterii.
1654 445 1697 480 et

218 502 417 557 apparuit
448 502 549 558 ignis
582 501 622 542 in
651 501 787 553 caelo,
818 501 934 556 quasi
966 500 1122 555 species
1149 498 1330 548 lanceae,
1356 512 1380 537 a
1406 495 1698 551 septentrione

219 574 350 615 usque
376 558 428 600 ad
456 559 734 600 occidentem.
1423 599 1426 602 Δ
1490 571 1492 574 >

326 632 473 674 Mundi
503 646 612 673 anno
642 631 778 683 6050,
820 631 985 671 divinae
1014 628 1314 671 incarnationis
1346 641 1456 668 anno
1486 627 1583 680 550,
1614 630 1695 669 tri-

217 690 370 731 cesimo
395 690 535 744 primo
576 689 741 744 imperii
785 688 1001 729 Iustiniani
1041 701 1176 738 anno,
1206 686 1339 726 factus
1381 691 1524 726 terrae
1557 693 1697 727 motus

11 765 46 801 p.
62 753 131 788 358
162 747 432 788 14horrihilis
462 745 594 798 valde,
626 746 793 802 qualem
835 744 969 786 nullus
1008 743 1228 785 hominum
1251 742 1516 783 memorabat
1543 742 1586 784 in
1622 759 1698 798 ge-

218 806 436 845 neratione
477 803 547 844 illa
588 817 714 857 super
751 807 911 844 terram
957 802 1176 843 effectum:
1226 799 1553 841 concutiebatur
1587 802 1697 841 enim

218 869 332 902 terra
361 864 486 901 nocte
523 874 572 902 ac
615 859 681 900 die
719 866 818 914 post
862 858 1006 900 decem
1035 857 1346 899 misericordias
1374 855 1461 898 dei.
1520 862 1566 898 at
1591 872 1695 899 vero

220 919 454 972 imperator
486 932 569 957 non
602 917 793 971 portavit
822 930 1027 957 coronam
1073 929 1153 970 per
1179 913 1459 970 quadraginta
1492 914 1592 966 dies,
1625 915 1698 956 sed

219 982 262 1015 ct
289 970 430 1014 sancta
456 973 611 1014 Christi
643 973 863 1015 nativitate
894 973 1049 1028 absque
1090 972 1157 1012 illa
1182 972 1398 1026 ‘processit
1425 971 1466 1012 in
1499 971 1699 1023 ecclesia,

220 1032 276 1072 ita
305 1036 353 1070 ut
384 1031 508 1071 etiam
537 1030 727 1085 prandia,
755 1045 862 1086 quae
889 1045 936 1071 ex
959 1044 1080 1070 more
1107 1029 1215 1069 fiunt
1245 1029 1287 1069 in
1311 1042 1462 1076 novem
1491 1034 1534 1070 et
1552 1027 1699 1071 decem

220 1087 492 1140 accubitibus,
521 1101 678 1128 cessare
702 1088 873 1138 faceret,
903 1093 946 1128 et
965 1086 1121 1127 horum
1142 1100 1334 1140 expensas
1365 1086 1503 1141 egenis
1531 1087 1699 1129 tribue-

39 1149 157 1196 p.359
186 1148 302 1186 4ret.
357 1144 506 1185 eodem
534 1158 645 1185 anno
676 1145 852 1199 ingressa
881 1149 942 1185 est
970 1157 1066 1199 gens
1081 1143 1328 1199 Byzantium
1360 1143 1594 1198 inopinata,
1623 1158 1698 1185 eo-

222 1217 316 1242 rum
345 1201 415 1256 qui
450 1201 649 1242 dicuntur
690 1203 865 1251 Avares;
901 1208 944 1242 et
981 1206 1073 1240 tota
1109 1200 1252 1240 civitas
1301 1200 1523 1241 concurrit
1551 1200 1603 1242 ad
1634 1202 1700 1241 vi-

219 1258 376 1299 sionem
408 1272 578 1308 corum,
607 1264 806 1313 tanquam
846 1258 919 1314 qui
960 1272 1176 1313 nunquam
1207 1256 1392 1299 viderint
1420 1264 1587 1313 gentem
1619 1258 1699 1298 hu-

223 1314 424 1355 iusmodi:
454 1315 662 1356 habebant
690 1315 800 1355 enim
831 1329 971 1355 comas
1006 1320 1202 1365 retortas,
1231 1314 1415 1370 prolixas
1445 1314 1579 1368 valde,'
1609 1315 1701 1356 vin-

221 1379 305 1412 ctas
336 1371 520 1426 prandiis
553 1376 586 1422 *)
629 1377 755 1423 atque
782 1372 1024 1427 perplexas3
1069 1372 1254 1428 reliquus
1287 1359 1388 1412 vc⁸ro
1423 1372 1592 1413 vestitus
1623 1387 1702 1413 eo-

222 1443 315 1469 rum
342 1428 480 1469 similis
511 1435 601 1470 erat
631 1434 872 1469 ceterorum
902 1430 1172 1469 Hunnorum.
1244 1428 1311 1469 isti
1344 1428 1546 1484 fugientes
1577 1446 1600 1470 a
1630 1445 1702 1470 re-

219 1485 342 1539 gione
372 1499 443 1526 sua
472 1492 680 1526 venerunt
710 1485 752 1525 in
780 1492 920 1541 partes
949 1485 1147 1542 Scythiae
1179 1490 1221 1526 et
1253 1486 1423 1552 Mysiae,
1446 1493 1489 1528 et
1533 1486 1701 1529 direxe-

221 1548 321 1583 runt
352 1542 405 1583 ad
434 1542 704 1584 Iustinianum
736 1544 892 1598 legatos
920 1547 1112 1598 petentes
1143 1548 1191 1584 ut
1220 1548 1533 1598 reciperentur.

360 1621 509 1662 Mundi
552 1637 659 1663 antio
700 1622 846 1675 6051‚·
878 1622 1044 1664 divinae
1099 1623 1400 1664 incarnationis
1453 1623 1562 1676 551,
1623 1625 1705 1665 tri—-

222 1678 373 1718 cesimo
405 1679 585 1719 secundo
631 1680 797 1735 imperii
829 1680 1043 1721 Iustiniani
1091 1694 1202 1721 anno
1235 1679 1473 1722 aedificatus
1504 1689 1564 1723 est
1597 1682 1703 1721 trul-

224 1734 284 1774 lus
313 1749 484 1789 magnae
531 1737 724 1778 ecclesiae
752 1738 1144 1792 Constantinopoli,
1194 1738 1393 1779 exaltatus
1431 1738 1525 1793 plus
1555 1738 1705 1794 viginti

224 1791 398 1845 pedibus
426 1792 466 1832 in
497 1794 785 1849 superioribus
814 1809 942 1851 supra
974 1794 1209 1836 aedificium
1250 1795 1367 1851 quod
1401 1801 1523 1836 antea
1552 1796 1704 1837 fuerat.

16 1881 48 1915 p³
67 1870 137 1907 352
170 1867 213 1903 14
335 1865 563 1906 Tricesimo
595 1868 722 1908 tertio
755 1868 920 1924 imperii
949 1869 1012 1909 sni
1054 1884 1164 1909 anno
1195 1869 1339 1923 coepit
1366 1869 1604 1924 imperator
1632 1886 1705 1911 ac-

225 1921 397 1963 dilicare
438 1929 613 1977 pontem
657 1927 841 1980 Agoreos
885 1925 1094 1979 fluminis,
1141 1931 1183 1966 et
1222 1932 1474 1966 convertens
1525 1926 1706 1968 eundem

226 1993 389 2019 amnem
418 1979 459 2018 in
495 1980 620 2020 alium
662 1982 821 2023 alveum
850 1983 984 2023 volvit
1029 1997 1150 2023 arcus
1183 1982 1394 2023 mirabiles
1426 1983 1630 2040 quinque,
1664 1991 1706 2026 et

227 2035 327 2076 fecit
357 2051 451 2076 eum
479 2038 711 2086 meabilem,
741 2054 837 2079 cum
867 2047 987 2081 antea
1019 2039 1177 2095 ligneus
1207 2041 1349 2081 suerit.

338 2109 569 2152 Tricesimo
601 2119 753 2168 quarto
784 2114 948 2169 imperii
979 2114 1192 2155 Iustiniani
1223 2130 1334 2156 anno
1365 2114 1624 2156 diffamatum
1650 2115 1706 2166 a)

280 2249 309 2295 *)
339 2246 516 2293 prandiis]
549 2247 639 2283 Hist.
672 2249 773 2284 Misc.
812 2250 995 2295 prandeis.
1059 2251 1248 2286 Promotus
1286 2262 1339 2285 ms
1373 2252 1409 2286 in
1444 2251 1707 2286 Grammatica:

327 2293 525 2340 prandeum
554 2294 685 2330 dicitnr
712 2298 885 2344 quaedam
919 2311 1023 2339 zona,
1048 2300 1148 2346 quod
1175 2300 1212 2333 in
1233 2300 1306 2333 vita
1331 2302 1368 2334 B.
1388 2300 1505 2334 Alexii
1535 2300 1706 2346 reperies.

327 2343 441 2377 Item:
482 2343 719 2388 facitergium,
752 2347 892 2391 togilla,
928 2359 1074 2394 mappa,
1100 2349 1312 2394 mappulla‚
1338 2361 1508 2395 gausape,
1533 2348 1710 2388 ovarium,

327 2391 514 2431 mensale,
538 2393 813 2437 manutergium,
843 2395 1064 2440 prandeum,
1090 2397 1406 2438 manumnndium,
1431 2396 1708 2442 manupiarium.

326 2440 534 2483 Anonymus
558 2440 595 2474 in
613 2441 684 2474 vita
702 2441 735 2473 S.
756 2442 940 2487 Gregorii:
972 2445 1165 2489 particulas
1196 2445 1349 2479 brandei
1381 2446 1447 2491 (sic
1473 2445 1620 2491 legitur)
1651 2456 1708 2477 re-

328 2493 512 2532 pererunt.
573 2488 671 2534 quod
697 2489 863 2523 videntes
889 2491 996 2536 legati
1035 2492 1269 2527 vehementer
1295 2495 1380 2528 irati
1408 2499 1514 2536 suut,
1545 2492 1710 2526 dicentes

328 2535 494 2569 ‹lominos
520 2548 602 2570 suos
628 2537 879 2582 pulcherrimis
906 2541 1027 2584 palliis
1057 2541 1255 2582 abundare,
1281 2554 1322 2575 ac
1348 2554 1414 2588 per
1428 2541 1498 2575 hoc
1526 2543 1708 2575 Romano-

329 2595 402 2616 rum
432 2583 565 2617 vilibus
590 2584 761 2630 prandeis
785 2598 857 2619 non
881 2599 995 2630 egere,
1053 2590 1299 2635 Sangallensis
1327 2591 1351 2623 l.
1377 2592 1397 2625 2
1429 2590 1475 2623 de
1505 2589 1614 2633 gestis
1641 2590 1708 2622 Ca-

327 2631 395 2664 roli
422 2631 491 2665 M.:
518 2644 673 2678 cumque
689 2635 916 2668 tenuissimas
935 2636 1014 2669 illas
1038 2638 1229 2682 pelliculas
1245 2640 1300 2672 vel
1323 2640 1507 2673 tenuiores
1531 2637 1712 2671 brandeas

331 2679 518 2713 extrahere
545 2682 762 2726 coepissent.
812 2682 1036 2718 Flodoardus
1074 2685 1156 2721 hist.
1188 2689 1284 2720 Rem.
1318 2689 1332 2720 1
1362 2687 1428 2722 20:
1455 2698 1585 2734 eorpus
1611 2687 1709 2720 eius—

331 2726 410 2760 dem
440 2728 549 2762 rubeo
575 2735 716 2763 constat
740 2729 900 2764 brandeo
929 2733 1106 2768 indutum.
1159 2736 1262 2768 Facu.

260 2797 308 2843 ³¹¹)
336 2797 554 2852 dill'amatum
584 2803 650 2845 est!
681 2801 850 2835 Glossae:
889 2803 1102 2852 διαφημίζω
1129 2805 1296 2839 diss'amo.
1330 2806 1499 2852 devulgo,
1526 2804 1712 2850 pervulgo.

333 2850 446 2880 utltur
483 2848 665 2894 Apuleius.
700 2850 735 2883 Β,
767 2852 987 2896 Augustinus
1034 2852 1077 2887 dc
1115 2854 1188 2890 Civ.
1226 2854 1292 2888 Dei
1327 2854 1350 2887 ὃ
1379 2854 1437 2888 1οι
1479 2858 1552 2887 tam
1585 2851 1711 2898 grandi
