1768 3268
537 209 610 254 Ex·
638 206 985 249 ΤΗΕΟΡΗΑΝΕ.
1394 203 1488 251 139

22 321 206 365 cundum
233 320 580 373 consuetudinem
606 323 829 363 lineatores
858 322 943 363 hoc
959 322 1164 363 fecerunt.
1195 336 1331 377 porro
1359 322 1492 364 linea-

22 387 137 421 tores
166 379 250 420 sive
286 393 520 432 mensores,
550 378 802 434 interrogati
845 378 1121 433 quamobrem
1165 378 1248 419 hoc
1286 380 1492 431 fecerunt,

23 436 219 477 dixerunt
260 435 358 490 quia
396 450 492 477 cum
539 435 804 491 imperatoris
844 435 919 475 filii
960 435 1011 476 ab
1054 435 1245 476 omnibus
1286 435 1493 476 nominati

20 498 140 543 sunt,
181 508 206 533 a
242 492 363 533 nobis
404 493 497 547 ipsis
534 492 617 532 hoc
660 492 844 533 fecimus.
913 506 1009 532 sane
1036 491 1200 532 Priscus
1244 493 1399 534 timore
1427 500 1493 534 te-

23 550 227 600 nebatur,
271 563 323 590 ne
361 549 475 590 forte
518 549 560 589 in
591 549 860 604 imperatoris
902 548 1010 588 iram
1061 547 1284 589 incideret.
1356 549 1491 590 turbis
1504 566 1540 602 p.
1555 552 1626 590 455

21 613 162 647 autem
204 604 474 656 clamantibus
504 606 836 647 misericordiam
882 604 1057 646 concedi
1085 604 1187 655 sibi,
1224 606 1387 646 veniam
1417 605 1493 646 de-

23 662 86 702 dit
124 661 300 703 Phocas.
369 677 418 704 ex
467 669 567 703 tunc
617 676 719 718 ergo
765 662 930 703 Priscus
979 661 1306 717 indignationem
1357 677 1496 717 passus

24 733 109 759 non
158 725 250 759 erat
279 725 395 760 recte
441 733 538 759 cum
575 719 730 762 Phoca.
804 719 965 760 interea
996 719 1202 774 quaedam
1231 719 1384 760 mulier
1411 719 1496 759 Pe..

28 775 170 815 tronia
209 775 377 817 nomine
406 775 456 816 fit
495 775 758 831 imperatrici
785 776 1085 817 Constantinae
1125 775 1341 828 ministra,
1389 789 1496 830 quae

25 831 78 871 ad
123 833 381 872 Germanum
424 832 476 873 ab
521 848 568 873 ea
604 846 800 887 responsa
830 833 1023 874 faciebat.
1093 846 1230 887 porro
1261 846 1358 872 cum
1386 832 1496 872 fama

26 889 276 931 dilataretur
313 888 430 945 quod
474 889 732 931 Theodosius
765 890 959 930 Mauricii
992 889 1099 930 filius
1140 890 1327 938 viveret,
1379 903 1497 942 spem

23 945 180 986 bonam
205 959 332 1000 super
363 945 445 985 hoc
474 951 558 986 tam
591 946 864 986 Constantina
895 961 1020 1001 quam
1037 947 1268 987 Germanus
1298 945 1495 986 habebat.

25 1009 69 1042 at
95 1015 198 1042 vero
230 1003 399 1043 scelesta
438 1002 643 1043 Petronia
689 1003 790 1043 baec
827 1010 1010 1058 tyranno
1040 1002 1256 1044 manifesta
1284 1003 1395 1042 fecit.
1455 1006 1499 1041 at

23 1065 224 1113 tyrannus
256 1059 569 1100 Constantinam
590 1059 885 1114 Theopempto
915 1059 1096 1100 exarcho
1125 1059 1178 1099 ad
1208 1057 1497 1114 torquendum

23 1113 229 1169 prodidit,
261 1129 367 1171 quae
399 1114 499 1156 dum
527 1122 829 1171 torqueretur,
860 1117 1098 1158 Romanum
1126 1116 1354 1170 patricium
1382 1129 1499 1155 nosse

24 1171 368 1213 interlocutiones
407 1186 497 1211 suas
531 1173 715 1213 confessa
763 1178 835 1213 est.
903 1173 976 1228 qui
1019 1173 1342 1228 comprehensus
1371 1177 1500 1226 atque

26 1227 224 1268 discussus
257 1229 382 1268 etiam
411 1228 512 1268 alios
545 1230 636 1269 fore
667 1229 710 1268 in
739 1228 905 1269 insidias
934 1230 1104 1285 tyranni
1135 1229 1212 1270 sibi
1244 1234 1500 1283 cooperato-

24 1299 88 1324 res
118 1284 348 1338 perhibuit.
380 1285 703 1339 comprehensus
733 1291 793 1326 est
819 1292 961 1326 autem
992 1294 1034 1327 et
1061 1285 1308 1327 Theodorus
1341 1285 1500 1325 Orien-

24 1341 74 1380 tis
103 1342 354 1395 praefectus,
384 1357 509 1396 quem
550 1348 749 1397 tyrannus
787 1342 1008 1383 verberans
1040 1343 1264 1393 interemit,
1293 1340 1500 1396 Helpidii-

22 1411 103 1452 que
132 1412 278 1438 manus
309 1412 358 1438 ac
386 1397 511 1452 pedes
542 1399 730 1438 recidens
758 1398 874 1439 hunc
903 1399 1083 1440 tradidit
1111 1399 1211 1454 igni,
1240 1401 1499 1440 Romanum-

25 1468 107 1508 que
133 1452 368 1495 decollavit.
439 1468 576 1508 porro
610 1455 925 1495 Constantinam
956 1470 1052 1496 cum
1083 1456 1217 1497 tribus
1252 1455 1426 1504 filiabus,
1456 1454 1499 1494 in

23 1509 118 1550 loco
162 1510 235 1550 ubi
281 1516 323 1552 et
365 1511 591 1551 Mauricius
643 1512 915 1566 interemptus
960 1519 1046 1565 est,
1075 1512 1213 1568 gladio
1255 1511 1548 1561 trucidavit.p.
1567 1513 1640 1552 456

23 1568 282 1608 Germanum
322 1574 463 1608 autem
504 1574 546 1608 et
576 1568 661 1608 eius
694 1568 821 1608 filiam
864 1583 940 1609 ore
971 1570 1217 1610 machaerae
1247 1571 1281 1620 *)
1314 1566 1498 1619 occidit3

22 1622 213 1664 similiter
245 1630 286 1664 et
316 1625 543 1665 Ioannnem
578 1630 620 1665 et
638 1624 765 1664 Gizan
799 1630 841 1666 et
872 1625 1112 1680 patricium,
1145 1633 1185 1666 et
1199 1624 1498 1674 Theodosium,

23 1680 97 1734 qui
138 1680 391 1722 subadiuvac
419 1682 473 1730 **)
522 1680 723 1735 dignitate
765 1681 1004 1723 habebatur
1046 1683 1234 1738 insigni5‚
1272 1689 1315 1723 et
1360 1680 1499 1722 David

25 1736 687 1792 chartophylacem‘Hormisdae.
761 1738 909 1779 eodem
949 1754 1057 1779 anno
1090 1741 1257 1790 Persae,
1289 1745 1498 1779 transme-

21 1799 134 1833 antes
161 1794 436 1848 Euphratem,
467 1801 603 1835 totam
625 1795 793 1851 Syriam
825 1802 867 1836 et
880 1796 1157 1837 Palaestinam
1187 1804 1230 1837 et
1256 1795 1496 1836 Phoenicen

27 1849 270 1905 depraedati
296 1857 406 1902 sunt,
439 1852 572 1891 multo
604 1851 647 1891 in
676 1852 873 1893 Romanis
911 1853 1072 1894 excidio
1103 1858 1364 1909 perpetrato.

135 1923 284 1964 Mundi
316 1940 427 1965 anno
446 1922 572 1975 6100,
602 1924 767 1966 divinae
795 1925 1091 1967 incarnationis
1121 1941 1231 1967 anno
1260 1924 1356 1977 600,
1387 1939 1497 1966 anno

24 1993 126 2019 vero
157 1980 323 2035 imperii
365 1981 533 2022 Phocae
560 1981 610 2033 6,
651 1983 816 2023 Priscus
845 1984 1019 2030 :intueri
1059 1998 1144 2024 non
1173 1980 1373 2024 sustine'ns
1412 1989 1499 2022 tam

22 2035 175 2076 iniusta
205 2037 429 2079 homicidia
460 2054 587 2094 quam
617 2038 723 2078 mala
743 2047 894 2091 cetera,
929 2055 1036 2095 quae
1065 2055 1088 2079 a
1106 2040 1248 2080 Phoca
1276 2046 1499 2094 perpetra-

23 2092 206 2144 bantur,
237 2095 402 2148 scripsit
437 2096 488 2136 ad
519 2096 758 2136 Heraclium
786 2097 1012 2151 patricium
1043 2102 1084 2137 et
1109 2103 1354 2151 praetorem
1381 2096 1496 2136 Afri-

24 2163 110 2198 cae,
145 2164 229 2204 quo
260 2151 500 2192 Heraclium
528 2152 660 2192 filium
687 2167 806 2193 suum
833 2160 876 2194 et
901 2155 1088 2194 Nicetam
1117 2153 1247 2193 filium
1279 2155 1499 2207 Gregorae

23 2206 207 2259 patricii,
235 2207 555 2261 subpraetorem
574 2223 709 2261 suum,
741 2210 940 2261 mitteret,
971 2211 1165 2265 quatinus
1203 2215 1351 2250 contra
1378 2209 1497 2250 Pho..

25 2276 117 2301 cam
145 2263 340 2303 venirent
378 2270 617 2319 tyrannum.
689 2265 885 2306 audiebat
926 2267 1036 2307 enim
1075 2267 1118 2306 in
1148 2267 1288 2307 Africa
1329 2267 1372 2305 in
1402 2279 1497 2305 eum

24 2317 220 2359 meditari
248 2319 531 2377 rebellionem,
560 2321 671 2363 unde
699 2336 778 2363 nec
804 2322 967 2378 navigia
999 2323 1083 2364 hoc
1111 2337 1222 2363 anno
1254 2321 1496 2363 Constanti-

71 2470 103 2515 *)
130 2479 191 2503 ore
227 2470 455 2517 machaerae]
490 2477 530 2506 ut
559 2474 678 2507 Lucae
700 2474 745 2510 21
772 2472 835 2509 24:
862 2473 1071 2510 πεσοῦνται
1095 2473 1255 2521 στόματι
1289 2473 1496 2520 μαχαίρας·

122 2523 226 2552 vetus
250 2519 389 2553 versio:
419 2519 551 2554 cadent
575 2522 614 2555 in
638 2533 697 2555 ore
723 2522 848 2565 gladii.
874 2523 1022 2567 Gregor.
1038 2523 1124 2556 Tur.
1150 2521 1234 2555 hist.
1263 2521 1310 2553 2:
1336 2530 1384 2552 ne
1411 2519 1497 2552 uni-

119 2575 221 2598 versa
245 2567 443 2601 multitudo
468 2568 507 2602 in
536 2579 597 2603 ore
625 2569 738 2615 gladii
764 2575 896 2605 rueret.
932 2576 970 2605 et
1005 2571 1028 2605 2
1053 2571 1093 2605 7:
1122 2570 1160 2603 in
1189 2580 1250 2603 ore
1279 2566 1392 2613 gladii
1416 2572 1495 2601 tru-

122 2612 296 2648 cidantes.
346 2615 452 2648 FABR.

52 2675 103 2723 *ἢ
127 2676 368 2726 subadiuvae]
395 2679 587 2713 concilium
614 2679 914 2716 Chalcedonense
946 2686 1015 2715 act.
1044 2681 1083 2714 3:
1114 2675 1177 2715 διὰ
1203 2679 1268 2714 τοῦ
1292 2682 1494 2714 καθωσιω-

121 2727 241 2772 μένου
272 2727 555 2773 μαγίστριανοῦ
585 2730 751 2775 Σεβήρου
787 2730 853 2764 τοῦ
894 2730 1102 2777 γενομένου
1143 2726 1400 2773 σουβαδιουβᾶ
1432 2728 1494 2772 τῆς

123 2772 252 2817 σχολῆς
276 2775 352 2811 τῶν
374 2778 685 2823 καθωσιωμένων
718 2778 1020 2825 μαγιστριανών.
1078 2776 1283 2817 Breviculus
1318 2775 1493 2810 historiae

121 2819 480 2864 Eutychianistarum:
517 2825 796 2871 superveniente
821 2826 955 2859 Uranio
981 2823 1195 2859 subadiuva.
1248 2825 1352 2858 Fur..
