1728 3184
686 177 887 221 NOTAE.
1433 169 1533 222 463

58 299 224 342 stiniani
244 297 299 340 39
320 299 556 342 recensenti
584 299 695 340 haud
723 298 947 340 convenit=
979 313 1029 340 ae
1043 299 1191 342 Iustini
1206 300 1535 344 imbecillitatem

71 373 94 398 a
140 356 399 412 Septembris
441 356 510 398 die
559 356 738 412 septimo
789 357 1036 412 prorupisse
1064 363 1225 398 narrat.

170 446 364 499 380,13.
431 445 490 504 τῷ
515 447 556 489 δ’
585 441 703 504 adrui
742 443 883 502 χρόνῳ
912 446 1066 512 γέγονε
1080 444 1279 501 πόλεμος]
1296 449 1537 519 Theopha-

62 518 131 544 nes
159 505 380 560 Byzantius
409 488 523 570 ap‘ud
550 492 762 546 Photium.
835 500 1095 557 Μαρκιανὸς
1135 502 1159 544 ὅ
1196 506 1275 546 τοῦ
1296 503 1535 575 'Iovofftffiov

58 560 138 601 τοῦ
163 551 375 613 βῖισιλὲως
403 557 662 627 ἐξάδελφος,
692 560 767 614 τῆς
747 556 851 607 ςὲω
879 557 1194 626 χειροτονηθεις
1220 559 1452 614 στρατηγὸς
1474 561 1536 610 εἰς

57 613 131 656 τὸν
158 614 267 671 πρὸς
294 614 494 671 Χοσρόην
534 615 719 670 πόλεμον
747 614 880 673 ὀγδόῳ
918 612 1004 657 ἔτει
1036 615 1111 667 τῆς
1140 616 1376 658 Ἰὀυστινου
1404 619 1535 670 βασι-

56 669 174 721 λείας
223 673 580 724 ἐξαποστέλλεται.
655 673 895 714 stlat-cianus
930 672 1081 713 Iustina·
1115 673 1304 729 imperat.
1338 675 1537 729 patruelis

62 729 243 770 Orientis
266 730 359 770 dux
384 744 473 770 iam
497 731 765 779 renunciatus,
795 731 840 769 in
867 729 1168 785 expeditionem
1201 731 1396 771 adversus
1410 730 1535 772 Clzos-

52 800 170 827 roem
197 795 343 828 octavo
372 787 539 842 imperii
557 787 705 828 luscini
728 801 837 827 anno
867 788 1006 826 missus
1033 795 1100 827 est.

169 869 278 912 lbid.
311 868 378 912 16.
454 863 588 923 ἦλθον
622 866 660 910 οἱ
690 866 904 925 Ἀβάοεις]
949 876 1146 926 excerpta
1178 869 1231 912 de
1259 870 1534 926 legationibus

55 940 104 966 ex
133 926 368 967 Menandro
414 927 578 968 cladem
607 941 629 966 a
658 927 833 968 Tiberio
874 934 1092 983 acceptam
1120 927 1313 969 referunt
1341 927 1533 970 editionis

54 983 206 1040 Regiae
227 997 322 1039 pag.
350 982 444 1024 115.

167 1067 276 1108 Ibid.
309 1066 375 1109 20.
427 1064 660 1118 Ὀομίσδας
689 1066 738 1108 δὲ
768 1063 790 1107 ὅ
827 1062 1033 1119 βασιλεὺς
1062 1066 1270 1122 Περσῶν]
1299 1068 1408 1110 leves
1436 1068 1533 1110 istos

52 1127 345 1167 Romanorum
391 1128 434 1164 et
462 1124 687 1165 Persarum
718 1122 965 1173 conflictus,
1005 1126 1067 1176 (ex
1117 1124 1268 1179 quibus
1307 1125 1534 1166 Persarum

52 1182 176 1223 rebus
207 1180 299 1222 talis
326 1180 505 1221 accessio
535 1182 658 1231 facta)
692 1181 778 1221 fuse
812 1154 1012 1221 describit
1039 1180 1245 1236 Euagrius
1277 1180 1303 1221 l.
1332 1180 1358 1221 5
1387 1196 1422 1222 c.
1450 1181 1478 1222 8
1507 1180 1533 1222 9

55 1244 99 1280 et
131 1237 200 1279 10.
258 1243 423 1292 tempus
450 1252 499 1278 ex
526 1237 719 1292 Theoph.
759 1239 930 1294 Byzant.
961 1212 1195 1292 colligitur.
1226 1237 1299 1293 qui
1328 1239 1533 1279 Marciani

53 1296 96 1337 in
127 1294 278 1336 ducem
309 1293 572 1335 institutione
602 1309 712 1335 anno
744 1295 887 1335 lustini
922 1300 1073 1334 octavo
1108 1294 1324 1349 assignata,
1355 1308 1453 1335 mox
1478 1294 1533 1335 li..

48 1352 239 1394 beratam
255 1350 441 1401 Nisibim,
462 1353 649 1395 etDaras
679 1351 829 1392 urbem
853 1350 1023 1391 aPersis
1053 1355 1218 1405 captam
1249 1357 1407 1401 narrat,
1423 1365 1531 1407 quae

52 1424 100 1450 ex
126 1407 395 1462 Theophanis
426 1408 560 1448 nostii
582 1407 741 1448 calculo
774 1408 815 1448 in
837 1423 994 1448 annum
1020 1407 1312 1448 succedentem
1342 1422 1534 1464 congrue

52 1470 228 1520 possunt
260 1463 458 1504 incidere.
522 1479 660 1518 pomo
702 1464 776 1519 qui
805 1466 981 1505 Martius
1019 1463 1268 1518 Theophani
1305 1470 1466 1515 nostro,
1500 1464 1532 1504 is

52 1521 257 1587 Byzantio
306 1526 349 1561 et
373 1521 559 1576 Euagrio
600 1522 858 1562 Maicianus:
910 1521 983 1576 qui
1024 1521 1254 1561 Artabanes
1301 1521 1461 1568 eidem3
1502 1521 1534 1561 is

52 1578 239 1634 Euagrio
271 1577 580 1626 Aduarmanes3
619 1578 822 1634 Byzantio
848 1579 1123 1618 Baramaanes
1154 1577 1290 1628 audit,
1321 1578 1364 1618 in
1395 1592 1536 1619 exem-

53 1636 165 1692 plari
191 1648 295 1676 vero
337 1635 571 1675 Barberino
610 1634 877 1686 Ardabanes,
906 1634 949 1675 in
974 1634 1168 1675 Palatino
1198 1633 1449 1675 Adarmanes
1477 1634 1537 1676 18.

54 1693 182 1748 gitur.
259 1690 485 1732 Archelaus
536 1705 674 1746 porro
724 1691 837 1746 apud
875 1691 1106 1746 Euagrium
1132 1690 1351 1732 Theodori
1381 1705 1536 1733 nomen

54 1750 178 1805 gerit.
235 1748 403 1789 auctori
432 1748 597 1789 demum
619 1762 779 1789 summe
807 1748 1083 1790 adversantur
1102 1747 1338 1803 Byzantius,
1367 1748 1539 1789 etEua..

56 1806 169 1861 grius
201 1805 400 1846 victorias
431 1805 500 1845 hic
529 1811 781 1846 memoratas
812 1805 993 1845 Chosroi
1024 1811 1301 1856 accensentes,
1334 1819 1435 1860 quas
1467 1805 1535 1845 ille

55 1863 144 1902 filio
173 1861 397 1903 Ormisdae
440 1863 572 1904 refert
618 1868 833 1916 acceptas:
874 1862 989 1902 cuius
1022 1860 1270 1901 discriminis
1297 1860 1454 1902 iudicio
1483 1861 1535 1901 ad

53 1918 371 1960 Menandrum
361 1933 402 1959 in
431 1919 635 1975 excerptis
664 1919 817 1970 delato,
836 1918 1114 1974 Theophanes
1143 1924 1288 1960 noster
1317 1916 1534 1959 damnatus

55 1975 275 2017 abscedet.
315 1975 556 2017 Ormisdam
595 1976 754 2042 quippe
785 1976 952 2017 nonnisi
979 1975 1155 2016 Tiberio
1201 1974 1344 2015 lustini
1372 1989 1534 2015 succes..

53 2046 151 2074 sore
188 2031 304 2072 annis
342 2033 425 2072 iam
471 2033 637 2088 aliquot
681 2033 918 2088 imperante
958 2033 1071 2087 regia
1117 2031 1251 2073 cidari
1291 2030 1535 2072 redimitum

52 2089 307 2145 pronuntiat
338 2103 434 2144 pag.
465 2088 559 2141 168,
601 2090 807 2145 Euagrius
855 2103 1027 2154 quoque
1068 2088 1140 2132 lib.
1168 2088 1193 2128 5
1237 2102 1327 2143 cap.
1362 2088 1426 2128 15.
1483 2103 1533 2129 ea

54 2146 224 2188 demum
252 2145 371 2186 clade
397 2152 568 2201 accepta
599 2122 821 2201 φοενιτίδα
853 2161 900 2187 ex
942 2146 1069 2187 animi
1099 2159 1299 2187 moerore
1327 2144 1531 2185 Iustinum

14 2205 23 2214 ⁵
53 2203 246 2244 invasisse
274 2202 422 2243 scribit
459 2204 666 2259 Euagrius
698 2218 793 2268 cap.
828 2203 901 2253 11,
946 2218 1030 2259 qua
1074 2202 1267 2243 laborans
1313 2200 1532 2242 Tiberium

54 2259 313 2301 renuntiavit
342 2259 574 2311 Caesarem,
603 2267 647 2301 et
676 2260 782 2315 reip.
813 2260 1218 2301 administrationem
1248 2258 1286 2300 ei
1315 2257 1533 2298 commisit:

53 2318 170 2357 cuius
199 2316 262 2358 rei
292 2322 431 2371 gestae
459 2317 501 2357 in
533 2332 687 2357 annum
728 2324 971 2372 sequentem
1002 2323 1155 2358 auctor
1182 2314 1400 2356 historiam
1428 2313 1533 2354 reii-

54 2373 127 2422 cit,
170 2373 431 2429 eandemque
469 2373 702 2414 chronicon
746 2373 1071 2415 Alexandrinum
1111 2377 1263 2413 octavo
1303 2385 1533 2435 perperam

53 2430 284 2472 exhibuisse
313 2430 436 2482 dices,
472 2431 548 2470 nisi
566 2437 669 2471 tunc
687 2445 779 2472 eam
796 2430 927 2472 levius
954 2431 1109 2483 tulisse,
1132 2429 1199 2470 hic
1227 2427 1365 2470 eidem
1394 2426 1533 2469 omni-

54 2501 112 2529 no
140 2487 405 2528 succubuisse
435 2486 738 2543 imperatorem
768 2487 1055 2529 affirmaveris.

164 2565 265 2618 381,
299 2568 364 2611 16.
418 2565 647 2615 ’lovon-voc
676 2561 698 2606 ὅ
729 2565 949 2621 βασιλεύς]
983 2572 1179 2621 excerpta
1210 2564 1260 2604 de
1290 2564 1409 2619 legat.
1438 2565 1532 2606 Me-

55 2622 203 2664 nandri
234 2624 305 2665 lib.
334 2625 375 2677 2,
405 2624 613 2680 Euagrius
641 2624 806 2677 citatus,
834 2624 1113 2679 Fredegarius
1141 2621 1422 2663 scholasticus.

165 2702 264 2752 382,
295 2702 336 2744 3.
393 2701 472 2757 τήν
500 2701 751 2758 συναγωγὴν
779 2703 865 2746 τῶν
900 2698 1123 2758 Ἑβραίων]
1155 2700 1336 2756 origines
1366 2698 1449 2740 GP.

164 2782 271 2825 ibid.
306 2785 372 2827 10.
429 2779 640 2837 Εὖτύχιος
686 2781 891 2838 ἀπέλαβε]
936 2782 1143 2837 Euagrius
1183 2780 1253 2821 lib.
1286 2779 1312 2820 5
1342 2792 1434 2835 cap.
1466 2779 1530 2830 16,
