1728 3184
234 158 331 208 546
742 172 797 213 IN
817 169 1195 218 THEOPHANEM

346 283 446 334 090,
481 285 544 324 12.
600 283 836 340 Ἀλφαδάλ
866 282 1080 339 Βαρινὰρ]
1111 283 1344 324 Anastasius
1361 297 1446 324 uno
1474 283 1607 325 verbo
1622 286 1704 326 Al-

226 339 577 395 plmdalbadt‘nar.

343 411 439 460 601,
474 412 539 454 16.
595 414 652 453 τῶ
681 414 727 454 δὲ
752 412 985 469 Ὀκτωβρίῳ
1005 413 1110 466 μηνί
1138 410 1193 452 ια’
1212 411 1485 464 ἰνδικτιῶνος]
1514 427 1562 454 ex
1591 427 1701 453 anno

228 470 448 524 superiore
475 470 551 510 sub
584 470 664 510 hoc
693 471 941 510 litei-culum
972 471 1236 524 sequentium
1279 474 1491 523 gestorum
1517 467 1702 520 μετάθε-

228 540 296 565 σιν
327 527 475 566 factam
507 526 687 567 rationes
719 533 801 567 ties
831 528 923 567 luce
965 527 1050 580 ipsa
1086 541 1167 566 non
1202 525 1335 565 minus
1363 525 1572 566 dilucidae
1603 542 1701 566 sua-

228 582 341 623 dent.
403 582 438 622 1.
471 582 708 623 indictionis
748 584 1020 623 duodecimae
1064 584 1174 622 facta
1207 584 1287 622 iam
1317 582 1535 633 memoria,
1568 583 1700 623 unde-

230 638 379 679 cimam
412 653 488 678 mss
522 641 562 679 in
593 640 784 679 omnibus
816 646 1025 680 extantem
1055 640 1169 694 sequi
1200 654 1283 679 non
1315 639 1502 693 patitur:
1532 639 1603 679 sed
1637 640 1700 680 vei

228 696 400 736 eandem
432 696 723 736 duodecimam
761 696 908 750 repeti,
941 696 1004 736 vel
1033 696 1152 735 aliam
1185 710 1494 750 quamcumque
1521 710 1704 751 sequen-

226 757 314 791 tum
359 752 564 792 recenseri
590 753 829 806 expostelat.
891 753 928 792 2.
962 753 1020 792 nit
1051 751 1166 807 quod
1196 752 1364 806 imperii
1395 752 1575 792 Romani
1606 766 1703 806 spe-

226 814 311 848 etet
350 808 752 849 administrationem
788 823 917 848 annus
955 809 1208 863 praeteritus
1247 809 1288 849 in
1330 809 1514 849 medium
1554 809 1702 849 affert:

227 880 359 921 quare
391 866 591 919 temporis
631 865 911 915 successione,
942 881 965 904 a
1009 865 1088 904 iam
1135 866 1337 906 enarratis
1384 864 1487 905 haec
1530 864 1705 917 diversa,

226 922 353 986 ipsam
386 922 586 986 temporis
619 928 758 961 notam
792 937 876 961 non
900 921 1070 960 eandem
1093 929 1299 976 axguunt3
1332 929 1460 977 atque
1492 921 1546 962 ita
1578 922 1699 962 unius

226 979 321 1018 anni
352 979 486 1033 spatio
521 978 675 1018 includi
706 993 970 1034 nequaquam
998 985 1188 1032 possunt.
1248 977 1288 1017 3.
1326 993 1434 1034 quae
1462 986 1702 1033 sequuntur

225 1035 302 1075 alia
330 1041 604 1085 antevertere,
635 1042 677 1075 et
705 1034 755 1074 ad
790 1036 976 1089 piioiem
1010 1050 1165 1074 annum
1203 1035 1396 1075 1··evoca1i
1424 1036 1596 1074 omnino
1627 1036 1701 1075 de-

223 1092 340 1132 bent:
366 1091 437 1131 icti
456 1091 660 1145 siquidem
682 1091 859 1131 foederis
877 1092 1063 1144 violatio,
1076 1091 1244 1145 Bulgz'ni
1265 1091 1421 1131 facinus
1439 1092 1489 1131 ad
1502 1092 1704 1132 Constan-

223 1149 358 1187 tinum
404 1148 581 1188 latenter
621 1148 941 1200 denuntiatum,
985 1148 1026 1187 in
1065 1148 1266 1202 Bulgaros
1299 1150 1465 1200 tacitae,
1510 1149 1700 1201 latentes,

222 1204 404 1244 furtivae
423 1206 679 1258 eruptiones,
695 1206 934 1260 Butgariam
952 1205 1141 1245 nondum
1160 1203 1284 1244 armis
1303 1205 1537 1246 infestatam
1561 1212 1703 1246 osten-

224 1262 358 1312 dunt3
394 1261 548 1301 bellum
580 1260 765 1301 nondum
795 1267 1032 1317 susceptum
1072 1261 1352 1302 convincunt:
1383 1263 1453 1302 sed
1485 1269 1576 1302 tum
1605 1261 1704 1315 pri-

221 1333 336 1357 mum
373 1318 601 1358 indictione
631 1318 849 1358 undecima
883 1326 1066 1370 enatum,
1098 1318 1294 1374 idemque
1329 1319 1446 1358 annis
1475 1333 1569 1361 mox
1602 1333 1703 1359 ven-

223 1374 327 1415 turis
359 1380 628 1428 protractum
658 1380 852 1429 tempore
882 1375 1067 1430 plurimo
1096 1375 1306 1415 Romanos
1338 1377 1449 1416 inter
1479 1381 1522 1416 et.
1549 1374 1703 1430 Bulga-

223 1446 292 1471 ros
324 1446 624 1485 perseverasse.

334 1503 429 1556 699,
463 1506 502 1546 5.
573 1503 623 1545 τά
675 1501 927 1560 φλάμουοα]
978 1504 1073 1544 ali-1⁵
1114 1499 1357 1559 φλάμουλα.
1417 1505 1545 1545 facilis
1573 1502 1650 1544 τοῦ
1683 1504 1707 1542 λ

223 1562 263 1601 in
296 1577 320 1614 ρ
353 1562 465 1616 apud
493 1562 749 1603 1ecentiores
792 1563 975 1602 Graecos
1031 1562 1230 1601 mutatio·
1261 1561 1319 1601 sic
1346 1555 1494 1614 ἧρθεν,
1520 1560 1599 1601 τοῦ
1626 1553 1707 1613 ἦλ-

221 1619 297 1658 θεν
324 1620 413 1658 viee
439 1620 677 1672 proferunt.
709 1614 958 1672 φλάμουλον
998 1618 1200 1658 Meursius
1249 1624 1291 1658 et
1330 1618 1532 1671 Rigaltius
1574 1630 1705 1670 expo-

228 1682 344 1718 nunt.
371 1676 603 1715 Anastasius
632 1676 833 1729 exponit:
870 1683 1224 1715 transmeaverunt
1249 1685 1336 1715 tam
1366 1675 1549 1726 velela,
1579 1687 1706 1730 quam

224 1733 494 1786 supellectiles
522 1733 740 1772 ministerii
769 1733 874 1784 regii
903 1741 941 1771 ec
970 1740 1213 1786 apparatus.

336 1802 851 1855 Ιὸίι1.9.ὅητιμα’τους]
883 1803 1250 1870 Olynipiodoxus'
1240 1818 1280 1842 in
1306 1803 1516 1857 exceiptis
1544 1800 1701 1841 Photii.

226 1860 310 1900 τῶν
337 1858 616 1913 ‘Podoya‘i'oov
650 1857 827 1900 Γότθων
856 1857 895 1900 οὶ
926 1860 1172 1924 κεφαλῶται
1202 1856 1432 1909 ὄπτιματοι
1459 1857 1703 1909 ἐκαλοῦντο,

225 1914 286 1963 εἰς
315 1914 479 1956 amoena
511 1917 794 1964 συντειίοντες
820 1911 1036 1968 χιλιάδας.
1101 1916 1361 1967 Gottlzorum,
1401 1917 1471 1970 (sui
1504 1929 1594 1955 cum
1624 1915 1707 1954 Ro..

224 1974 402 2025 dogaiso
431 1982 549 2013 erant
578 1975 736 2027 capita,
767 1973 956 2027 optimati
984 1973 1255 2022 vocabantur,
1273 1972 1331 2010 ad
1347 1971 1567 2012 duodecim
1599 1971 1700 2010 mil.

225 2030 287 2068 lia
316 2032 532 2069 numerati.
593 2030 716 2083 plura
745 2029 960 2082 Rigaltius.
990 2029 1161 2082 exponit
1181 2030 1427 2068 sententiam
1459 2028 1704 2067 Anastasius.

226 2087 350 2125 unius
375 2086 586 2127 ordinibus
626 2086 894 2141 optimatibus
916 2086 1028 2136 fecit
1067 2087 1137 2125 lios
1179 2086 1379 2139 octoginta
1409 2085 1554 2124 missllaea
1618 2085 1703 2138 ipse

229 2143 408 2210 qnippe,
444 2147 491 2181 ut
518 2143 682 2196 pariter
720 2141 876 2181 habent
918 2142 1072 2182 caeteri
1122 2140 1284 2181 codices
1330 2157 1352 2181 a
1387 2142 1518 2196 Regio
1551 2139 1705 2181 diversi

227 2197 327 2253 legit
347 2196 603 2251 ὀγδοήκοντα
630 2196 846 2251 χιλιάδας.

341 2271 447 2311 Ibid.
482 2269 546 2314 13
581 2267 833 2322 ἐμποάκτως
861 2266 1086 2324 εισελθών]
1122 2269 1244 2310 idem.
1261 2271 1475 2335 obsequiis
1501 2271 1708 2325 constipa-

229 2337 290 2368 tus
318 2327 523 2376 incedens,
553 2328 682 2367 totius
713 2326 838 2366 nimir
842 2341 910 2366 um
929 2326 1131 2367 exercitus
1161 2325 1377 2367 comitatu.

343 2397 438 2449 693,
463 2399 506 2439 4.
572 2398 786 2453 Τζέριγος]
818 2399 1065 2450 Anastasius,
1101 2400 1320 2452 Telerigus.

341 2472 450 2513 Ibid.
484 2470 549 2512 10.
607 2466 848 2526 ἑκούρασεν]
880 2471 1005 2513 idem.
1026 2487 1108 2528 per
1137 2471 1317 2512 medium
1344 2486 1408 2511 eos
1441 2470 1601 2511 recidit.

344 2549 551 2590 Ilnd.12.
609 2548 742 2605 τούτῳ
779 2550 839 2605 τῷ
869 2545 953 2589 ἔτει
979 2550 1030 2606 τῇ
1070 2545 1120 2603 ιγ’
1154 2549 1398 2598 ινδικτιωνι]
1429 2549 1587 2590 isthaec
1627 2562 1709 2587 una

233 2607 527 2662 constantique
556 2589 748 2646 codicum
779 2589 982 2658 oiunium,
1013 2607 1226 2657 Anastasii‚
1256 2614 1299 2647 et
1327 2606 1530 2646 miscellae
1558 2612 1709 2645 aucto..

233 2663 288 2701 lis
317 2662 497 2702 lectione
526 2662 577 2702 ad
606 2662 877 2703 indictionem
920 2662 1123 2703 decimam
1166 2663 1331 2703 tertiam
1361 2663 1632 2717 peitinentia,
1668 2661 1708 2700 in

234 2733 385 2758 annum
419 2725 690 2773 praeeuntem
720 2718 949 2759 indictione
977 2719 1180 2760 eiusmodi
1213 2720 1458 2772 signandum
1489 2718 1603 2759 ieiiei
1637 2717 1710 2758 de-

233 2774 360 2815 hent:
389 2775 627 2816 indictionis
658 2776 767 2816 enim
799 2775 1162 2831 decimaequartae
1210 2790 1390 2817 mensem
1420 2767 1708 2830 Septembrem
