1728 3184
661 204 862 245 NOTAE.
1385 205 1447 249 50
1456 207 1476 248 1

18 315 291 371 Heptapolim
311 312 561 357 ‘Emanozw
598 315 781 357 dictam.
819 316 1039 358 secundam
1068 318 1361 373 Pentapolim.
1394 325 1485 360 ter.

17 375 119 414 tiam
141 372 383 427 Hexapoiim
406 367 646 420 Ἑξάπολινε
666 380 860 428 quartam
878 373 1154 427 'lzophaiem‚
1173 381 1216 415 et
1230 375 1486 416 Baibitenam

17 436 223 470 vocatam.
258 427 520 483 Sphadalam,
548 428 614 470 vel
645 436 692 468 ut
714 429 780 468 alii
800 429 963 469 codices
981 429 1221 482 Phadaiem,
1256 431 1488 472 velPhaia..

19 486 113 526 dam
133 486 346 540 regionem
364 485 402 524 ei
417 485 721 526 conterminam
749 486 1027 526 existimarem
1050 501 1145 526 cum
1162 489 1384 538 Anastasio,
1412 489 1488 528 nisi

17 541 276 582 succedentis
295 541 395 581 anni
420 548 531 594 gesta
556 543 716 582 Maviae
740 542 888 582 ducem
907 543 1127 582 Armeniae
1157 543 1253 582 fines
1281 544 1390 583 bello
1421 545 1490 584 in-

19 602 268 648 cursantem,
287 602 331 638 et
358 597 506 638 rebelli
522 597 705 639 Saborio
727 599 935 652 suppetias
958 599 1160 638 ferentem
1191 598 1488 641 describerent.

131 668 231 719 533,
264 669 330 709 11.
387 670 466 709 rofi
503 667 703 724 Κώνστα]
751 667 1028 718 Κώνσιαντος
1068 677 1110 711 et
1152 667 1397 712 Κώνσταν-τι
1429 673 1493 712 ἰη-

21 726 210 768 flexionis
256 725 436 781 vulgaris
479 740 595 778 usus,
637 742 762 783 quem
810 726 1086 782 Theophanes
1125 727 1337 782 sequitur,
1379 728 1495 782 igna-

22 797 94 824 rus
122 789 198 824 est.

134 853 232 907 535
262 853 301 896 9.
361 854 591 908 κατέλαβεν
629 871 706 909 την
740 852 1014 908 Ἀραβισσόν]
1049 856 1284 897 Arabissum
1316 862 1497 897 castrum

25 918 198 968 angusta
230 911 452 962 montium,
482 913 633 967 quibus
655 913 735 952 iter
763 913 851 953 fit
841 929 881 952 ιιι
904 914 1142 954 Armeniam
1165 928 1391 978 occupare,
1419 927 1497 966 pa-

23 975 118 1010 tet·
151 968 385 1009 limitaneus
417 982 606 1022 praeses,
641 968 727 1008 eius
766 967 1114 1022 κλειρουσάρχης.
1165 963 1400 1023 'Apu-'qoem'
1432 983 1496 1009 re-

25 1025 192 1080 gionem
227 1024 400 1065 Amniae
450 1023 579 1064 fluvio
613 1025 801 1065 Galatiae
840 1025 1020 1065 vicinam
1070 1040 1196 1075 reor,
1233 1032 1274 1066 et
1299 1027 1499 1066 Anastasii

20 1081 314 1151 miscellaeque
350 1080 511 1131 verba,
548 1082 633 1137 ipse
671 1096 768 1121 vero
808 1082 1006 1136 pergebat
1040 1097 1119 1122 ηοη
1158 1083 1387 1134 immemor,
1427 1081 1501 1133 τῆς

20 1135 254 1192 ’Λμνησΐας
282 1111 511 1178 adver'sum
529 1151 692 1178 sensum
724 1138 949 1177 referentia
978 1137 1142 1192 penitus
1174 1153 1365 1179 avelsor·

139 1210 240 1262 536,
262 1211 303 1251 2.
362 1205 613 1265 θηλύδριον]
647 1207 966 1263 cubicularium,
995 1217 1051 1251 et
1067 1225 1114 1251 ea
1131 1210 1183 1252 de
1213 1226 1334 1252 causa
1363 1214 1503 1253 ωἰη-

31 1273 134 1308 tum.
163 1267 260 1307 vide
290 1266 502 1307 lectiones.

143 1338 255 1381 Ibid.
289 1338 355 1381 12.
427 1336 605 1392 πλησίον
643 1338 718 1393 τῆς
748 1336 925 1388 πόλεως]
961 1339 1048 1380 Pal.
1092 1339 1224 1380 codex
1266 1341 1505 1381 emendatus

30 1395 207 1449 πλησίον
234 1395 310 1448 τῆς
338 1389 488 1447 πυλης.

143 1466 341 1518 537,13.
400 1463 695 1522 ἐδολοφονήθη
724 1465 746 1507 ὅ
776 1465 1218 1520 βασιλεύςΚώνστας]
1247 1467 1505 1537 Nic-ephorus

31 1523 226 1565 editionis
254 1523 411 1588 Regiae
440 1538 530 1588 pag.
565 1524 631 1564 21.
694 1525 1014 1571 Κωνσταντῖνος
1041 1523 1088 1565 ἐν
1116 1525 1285 1564 Σικελία
1314 1521 1396 1564 ὑπὸ
1424 1525 1508 1564 τῶν

31 1580 153 1622 ἰδίων
176 1575 403 1644 ὖπηρετῶν
431 1577 541 1635 δυ’λω
572 1580 801 1646 φονευθεις
829 1580 874 1620 ἐν
891 1581 950 1621 τῶ
979 1581 1154 1637 λουτρῷ,
1178 1566 1275 1634 ἤδη
1288 1578 1332 1621 ἐν
1357 1580 1409 1635 τῇ
1426 1582 1505 1631 βα-

31 1637 170 1692 otiati}
199 1633 386 1676 εικοσῐὸν
416 1619 582 1682 ἀνύσας
613 1631 705 1682 ἔτος
740 1622 951 1677 ἑτελευτα.
1025 1638 1305 1677 Constantinus
1334 1639 1375 1676 ιἰι
1403 1636 1507 1675 Saci-

33 1694 94 1732 lia
121 1706 148 1732 a
175 1693 308 1733 servis
332 1705 416 1730 suls
445 1693 540 1732 dolo
572 1693 615 1731 in
646 1693 800 1732 balneis
829 1694 1067 1747 waterstetm,
1098 1707 1206 1733 anno
1235 1693 1398 1750 expleto
1427 1694 1508 1732 ἰηι-

27 1750 139 1804 perii
166 1749 230 1788 sui
253 1749 440 1788 viceszmo
455 1749 625 1788 sentimo
651 1750 834 1789 moritur.

147 1829 245 1886 538,
276 1829 317 1872 6.
378 1827 603 1882 Θεόδωρος
642 1828 666 1869 ὅ
707 1832 952 1886 κολωνειάς]
983 1832 1242 1885 Anastasius,
1272 1831 1511 1872 171eod0rus

34 1888 226 1942 coloniae.
284 1886 478 1928 miscella.
517 1888 748 1928 Theodorus
769 1891 969 1943 patricius
1007 1890 1205 1929 coloniae.
1265 1903 1365 1927 num
1391 1887 1513 1928 coio-

39 1944 132 1985 niae
160 1943 330 1998 praesul
376 1943 630 1984 auctoritate
677 1945 857 1998 plurima
900 1945 1012 1986 inter
1041 1945 1197 1985 aulicos
1219 1944 1387 1985 valens?
1444 1944 1512 1984 in-

39 2007 219 2042 certum.
274 1999 372 2040 vide
402 2000 500 2039 anni
529 2002 735 2055 sequentis
769 2007 942 2041 textum.

149 2073 270 2116 Ibid.
291 2072 355 2114 10.
412 2075 596 2130 γαλλίκω
624 2073 889 2127 σμήχεσθαι]
921 2076 1030 2116 lotos
1061 2076 1100 2115 in
1131 2075 1296 2128 balneo,
1326 2088 1513 2128 unguen-

39 2137 86 2172 to
114 2137 260 2185 postea
294 2135 444 2170 unctos
477 2114 602 2171 docet
630 2131 812 2171 Thomas
842 2134 1065 2185 Dempste1
1069 2146 1112 2170 us
1134 2132 1262 2186 antiq.
1294 2132 1413 2170 Rom.
1443 2130 1511 2168 lib.

43 2187 80 2227 1.
111 2193 329 2241 unguento
375 2185 539 2237 relicto,
576 2202 726 2243 sapone
756 2189 918 2229 Gallico
947 2188 1019 2238 (sic
1049 2189 1158 2228 enim
1190 2187 1419 2228 Anastasius
1451 2186 1514 2224 in-

41 2245 318 2298 terpretatur)
350 2243 625 2283 Constantem
653 2243 871 2284 delinitum
899 2244 1066 2285 exhibet
1095 2243 1383 2297 Theophanes
1439 2255 1514 2281 ve-

6 2344 9 2346 ,
42 2315 139 2395 {um
171 2299 272 2384 ⁹quis
299 2298 484 2339 Gallicus
529 2298 597 2340 ille
631 2313 734 2355 sapo
770 2301 847 2342 nisi
874 2302 1097 2352 odoratus,
1138 2307 1179 2340 et
1210 2298 1381 2340 moscho
1414 2312 1514 2351 per-

62 2371 182 2397 usus.

155 2426 343 2471 Ibid.14.
403 2427 631 2479 Μιζιζιον]
658 2428 908 2480 Anastasius,
932 2430 1121 2469 blesium.
1145 2427 1337 2477 miscella,
1350 2425 1517 2465 Mezen-

42 2487 144 2526 tium
173 2485 371 2526 reddunt.

159 2553 259 2605 540,
294 2558 331 2597 1.
415 2554 647 2608 ἀντίπεραν
683 2556 728 2597 ἐν
757 2557 930 2613 Buzurg]
964 2559 1080 2607 loeo,
1113 2557 1183 2612 qui
1216 2569 1324 2598 nunc
1347 2554 1518 2607 Galata,

49 2620 163 2655 trans
192 2621 369 2668 portum
399 2613 450 2653 ad
480 2613 594 2653 urbis
627 2614 845 2654 Borealem
880 2621 1056 2669 partem.

162 2687 270 2728 Ibid.
305 2685 368 2726 19.
427 2682 852 2740 κακαζοπορφύρους]
882 2688 959 2726 aiia
989 2687 1132 2726 lectio:
1162 2681 1520 2736 κακκαροπορφύ-

51 2756 168 2792 ρους.
226 2757 325 2783 vera
360 2742 538 2783 Palatini
569 2748 611 2782 et
640 2743 814 2783 Barber.
859 2743 1050 2782 codicum
1079 2737 1518 2794 κακκοβοπυρφόρους,

52 2799 158 2840 adeo
188 2804 234 2839 ut
260 2799 482 2840 oueraxiae
523 2814 647 2840 naves
677 2799 812 2854 ignem
852 2802 1058 2840 Graecum
1093 2797 1321 2837 maioribus
1362 2796 1519 2835 insu-u-
