<?xml version="1.0" encoding="UTF-8"?>
<!DOCTYPE html PUBLIC "-//W3C//DTD XHTML 1.0 Transitional//EN"
    "http://www.w3.org/TR/xhtml1/DTD/xhtml1-transitional.dtd">
<html xmlns="http://www.w3.org/1999/xhtml" xml:lang="en" lang="en">
 <head>
  <title>
</title>
<meta http-equiv="Content-Type" content="text/html;charset=utf-8" />
  <meta name='ocr-system' content='tesseract 3.04.00' />
  <meta name='ocr-capabilities' content='ocr_page ocr_carea ocr_par ocr_line ocrx_word'/>
</head>
<body>
  <div class='ocr_page' id='page_1' title='image "./corpusscriptorum47niebuoft_0321.png"; bbox 0 0 1794 3250; ppageno 0'>
   <div class='ocr_carea' id='block_1_1' title="bbox 717 198 1528 242">
    <p class='ocr_par' dir='ltr' id='par_1_1' title="bbox 717 198 1528 242">
     <span class='ocr_line' id='line_1_1' title="bbox 717 198 1528 242; baseline 0.005 -4"><span class='ocrx_word' id='word_1_1' title='bbox 717 198 916 239; x_wconf 76' lang='lat' dir='ltr'><strong>NOTAE.</strong></span> <span class='ocrx_word' id='word_1_2' title='bbox 1435 198 1464 242; x_wconf 85' lang='lat'><strong>3</strong></span> <span class='ocrx_word' id='word_1_3' title='bbox 1473 200 1493 241; x_wconf 87' lang='lat'>1</span> <span class='ocrx_word' id='word_1_4' title='bbox 1506 201 1528 242; x_wconf 85' lang='lat'>1</span> 
     </span>
    </p>
   </div>
   <div class='ocr_carea' id='block_1_2' title="bbox 71 310 1535 420">
    <p class='ocr_par' dir='ltr' id='par_1_2' title="bbox 71 310 1535 420">
     <span class='ocr_line' id='line_1_2' title="bbox 73 310 1535 364; baseline 0.001 -11"><span class='ocrx_word' id='word_1_5' title='bbox 73 313 202 364; x_wconf 80' lang='lat' dir='ltr'>lensis,</span> <span class='ocrx_word' id='word_1_6' title='bbox 227 317 271 353; x_wconf 84' lang='lat' dir='ltr'>et</span> <span class='ocrx_word' id='word_1_7' title='bbox 302 310 445 358; x_wconf 82' lang='lat' dir='ltr'>diebus</span> <span class='ocrx_word' id='word_1_8' title='bbox 459 311 539 352; x_wconf 84' lang='grc'>200</span> <span class='ocrx_word' id='word_1_9' title='bbox 568 311 662 352; x_wconf 83' lang='lat' dir='ltr'>solis</span> <span class='ocrx_word' id='word_1_10' title='bbox 691 311 828 352; x_wconf 85' lang='lat' dir='ltr'>sedem</span> <span class='ocrx_word' id='word_1_11' title='bbox 858 311 1036 352; x_wconf 89' lang='lat' dir='ltr'>tenuisse</span> <span class='ocrx_word' id='word_1_12' title='bbox 1065 316 1253 353; x_wconf 82' lang='lat' dir='ltr'>testatur.</span> <span class='ocrx_word' id='word_1_13' title='bbox 1310 315 1535 354; x_wconf 74' lang='lat' dir='ltr'><strong>successori</strong></span> 
     </span>
     <span class='ocr_line' id='line_1_3' title="bbox 71 367 1002 420; baseline -0.001 -9"><span class='ocrx_word' id='word_1_14' title='bbox 71 368 306 411; x_wconf 84' lang='lat' dir='ltr'>Alexandro</span> <span class='ocrx_word' id='word_1_15' title='bbox 337 383 466 408; x_wconf 81' lang='lat' dir='ltr'>annos</span> <span class='ocrx_word' id='word_1_16' title='bbox 488 369 554 420; x_wconf 85' lang='grc'>22,</span> <span class='ocrx_word' id='word_1_17' title='bbox 590 369 675 410; x_wconf 85' lang='lat' dir='ltr'>dies</span> <span class='ocrx_word' id='word_1_18' title='bbox 706 367 789 408; x_wconf 85' lang='lat'>303</span> <span class='ocrx_word' id='word_1_19' title='bbox 817 369 1002 410; x_wconf 80' lang='lat' dir='ltr'>ascribit.</span> 
     </span>
    </p>
   </div>
   <div class='ocr_carea' id='block_1_3' title="bbox 71 437 1546 948">
    <p class='ocr_par' dir='ltr' id='par_1_3' title="bbox 71 437 1546 948">
     <span class='ocr_line' id='line_1_4' title="bbox 187 437 1536 497; baseline 0.001 -15"><span class='ocrx_word' id='word_1_20' title='bbox 187 440 251 493; x_wconf 83' lang='lat'>19,</span> <span class='ocrx_word' id='word_1_21' title='bbox 280 438 309 482; x_wconf 84' lang='grc'>4</span> <span class='ocrx_word' id='word_1_22' title='bbox 377 438 510 497; x_wconf 79' lang='grc' dir='ltr'><em>τούτῳ</em></span> <span class='ocrx_word' id='word_1_23' title='bbox 537 441 594 497; x_wconf 75' lang='grc' dir='ltr'>τῷ</span> <span class='ocrx_word' id='word_1_24' title='bbox 625 437 705 481; x_wconf 78' lang='grc' dir='ltr'><em>ἔτει</em></span> <span class='ocrx_word' id='word_1_25' title='bbox 743 442 1082 492; x_wconf 83' lang='grc' dir='ltr'><strong><em>Κωνσταντῖνος]</em></strong></span> <span class='ocrx_word' id='word_1_26' title='bbox 1123 441 1375 482; x_wconf 81' lang='lat' dir='ltr'>Barberinus</span> <span class='ocrx_word' id='word_1_27' title='bbox 1408 442 1536 484; x_wconf 84' lang='lat' dir='ltr'>codex</span> 
     </span>
     <span class='ocr_line' id='line_1_5' title="bbox 72 494 1538 554; baseline 0.001 -16"><span class='ocrx_word' id='word_1_28' title='bbox 72 499 114 540; x_wconf 91' lang='lat' dir='ltr'>in</span> <span class='ocrx_word' id='word_1_29' title='bbox 145 497 334 554; x_wconf 77' lang='lat' dir='ltr'><strong>margine</strong></span> <span class='ocrx_word' id='word_1_30' title='bbox 362 499 556 552; x_wconf 80' lang='lat' dir='ltr'>opposita</span> <span class='ocrx_word' id='word_1_31' title='bbox 585 498 746 538; x_wconf 89' lang='lat' dir='ltr'>scribit.</span> <span class='ocrx_word' id='word_1_32' title='bbox 775 495 904 538; x_wconf 83' lang='grc' dir='ltr'><em>τούτω</em></span> <span class='ocrx_word' id='word_1_33' title='bbox 936 497 994 554; x_wconf 71' lang='grc' dir='ltr'>τῷ</span> <span class='ocrx_word' id='word_1_34' title='bbox 1025 494 1105 537; x_wconf 80' lang='grc' dir='ltr'><em>ἔτει</em></span> <span class='ocrx_word' id='word_1_35' title='bbox 1128 498 1418 552; x_wconf 65' lang='grc' dir='ltr'>ΙΙΙητροφάνης</span> <span class='ocrx_word' id='word_1_36' title='bbox 1448 495 1538 540; x_wconf 73' lang='lat' dir='ltr'>s&#39;m&#39;-</span> 
     </span>
     <span class='ocr_line' id='line_1_6' title="bbox 71 537 1536 609; baseline 0.001 -14"><span class='ocrx_word' id='word_1_37' title='bbox 71 551 227 602; x_wconf 84' lang='grc' dir='ltr'><strong><em>σκοπός</em></strong></span> <span class='ocrx_word' id='word_1_38' title='bbox 263 554 341 594; x_wconf 80' lang='grc' dir='ltr'>τοῦ</span> <span class='ocrx_word' id='word_1_39' title='bbox 367 552 605 605; x_wconf 70' lang='grc' dir='ltr'><strong><em>Βυζαντίου</em></strong></span> <span class='ocrx_word' id='word_1_40' title='bbox 651 537 968 607; x_wconf 66' lang='grc' dir='ltr'>ἑχειροτονῆθη.</span> <span class='ocrx_word' id='word_1_41' title='bbox 1028 554 1171 593; x_wconf 80' lang='lat' dir='ltr'>eadem</span> <span class='ocrx_word' id='word_1_42' title='bbox 1211 555 1248 593; x_wconf 91' lang='lat' dir='ltr'>in</span> <span class='ocrx_word' id='word_1_43' title='bbox 1281 570 1407 609; x_wconf 78' lang='lat' dir='ltr'>marg.</span> <span class='ocrx_word' id='word_1_44' title='bbox 1440 555 1536 596; x_wconf 87' lang='lat' dir='ltr'>cod.</span> 
     </span>
     <span class='ocr_line' id='line_1_7' title="bbox 74 609 1539 667; baseline -0.002 -16"><span class='ocrx_word' id='word_1_45' title='bbox 74 610 168 662; x_wconf 78' lang='lat'>154,</span> <span class='ocrx_word' id='word_1_46' title='bbox 199 625 324 667; x_wconf 89' lang='lat' dir='ltr'>quem</span> <span class='ocrx_word' id='word_1_47' title='bbox 353 625 427 651; x_wconf 88' lang='lat' dir='ltr'>nos</span> <span class='ocrx_word' id='word_1_48' title='bbox 459 611 708 651; x_wconf 78' lang='lat' dir='ltr'><strong>Vaticanum</strong></span> <span class='ocrx_word' id='word_1_49' title='bbox 735 611 918 665; x_wconf 89' lang='lat' dir='ltr'>primum</span> <span class='ocrx_word' id='word_1_50' title='bbox 949 609 1138 650; x_wconf 84' lang='lat' dir='ltr'>dicimus.</span> <span class='ocrx_word' id='word_1_51' title='bbox 1212 611 1400 663; x_wconf 85' lang='lat' dir='ltr'>optime:</span> <span class='ocrx_word' id='word_1_52' title='bbox 1432 611 1539 652; x_wconf 87' lang='lat' dir='ltr'>infe-</span> 
     </span>
     <span class='ocr_line' id='line_1_8' title="bbox 72 665 1542 723; baseline 0.001 -16"><span class='ocrx_word' id='word_1_53' title='bbox 72 668 158 708; x_wconf 88' lang='lat' dir='ltr'>rius</span> <span class='ocrx_word' id='word_1_54' title='bbox 189 668 348 723; x_wconf 82' lang='lat' dir='ltr'><strong>quippe</strong></span> <span class='ocrx_word' id='word_1_55' title='bbox 368 668 419 707; x_wconf 86' lang='lat' dir='ltr'>ad</span> <span class='ocrx_word' id='word_1_56' title='bbox 439 668 661 708; x_wconf 87' lang='lat' dir='ltr'>canonium</span> <span class='ocrx_word' id='word_1_57' title='bbox 682 667 818 706; x_wconf 80' lang='lat' dir='ltr'>annia</span> <span class='ocrx_word' id='word_1_58' title='bbox 851 667 996 706; x_wconf 80' lang='lat' dir='ltr'>mundi</span> <span class='ocrx_word' id='word_1_59' title='bbox 1028 666 1202 707; x_wconf 85' lang='lat' dir='ltr'>conditu</span> <span class='ocrx_word' id='word_1_60' title='bbox 1233 665 1357 718; x_wconf 78' lang='grc'><strong>5809,</strong></span> <span class='ocrx_word' id='word_1_61' title='bbox 1388 682 1542 708; x_wconf 85' lang='lat' dir='ltr'>annum</span> 
     </span>
     <span class='ocr_line' id='line_1_9' title="bbox 71 723 1542 779; baseline -0.001 -14"><span class='ocrx_word' id='word_1_62' title='bbox 71 723 360 779; x_wconf 85' lang='lat' dir='ltr'>Metrophanis</span> <span class='ocrx_word' id='word_1_63' title='bbox 392 729 586 764; x_wconf 88' lang='lat' dir='ltr'>octavum</span> <span class='ocrx_word' id='word_1_64' title='bbox 626 738 674 763; x_wconf 88' lang='lat' dir='ltr'>ac</span> <span class='ocrx_word' id='word_1_65' title='bbox 702 723 876 764; x_wconf 79' lang='lat' dir='ltr'><strong>subinde</strong></span> <span class='ocrx_word' id='word_1_66' title='bbox 903 738 1061 764; x_wconf 88' lang='lat' dir='ltr'>nonum</span> <span class='ocrx_word' id='word_1_67' title='bbox 1098 729 1263 763; x_wconf 87' lang='lat' dir='ltr'>notatos</span> <span class='ocrx_word' id='word_1_68' title='bbox 1297 724 1471 763; x_wconf 83' lang='lat' dir='ltr'>observo</span> <span class='ocrx_word' id='word_1_69' title='bbox 1501 725 1542 764; x_wconf 90' lang='lat' dir='ltr'>in</span> 
     </span>
     <span class='ocr_line' id='line_1_10' title="bbox 75 778 1544 836; baseline 0 -16"><span class='ocrx_word' id='word_1_70' title='bbox 75 780 212 836; x_wconf 73' lang='lat' dir='ltr'>regioz</span> <span class='ocrx_word' id='word_1_71' title='bbox 260 795 391 836; x_wconf 90' lang='lat' dir='ltr'>quare</span> <span class='ocrx_word' id='word_1_72' title='bbox 427 780 586 834; x_wconf 89' lang='lat' dir='ltr'>primus</span> <span class='ocrx_word' id='word_1_73' title='bbox 628 780 752 820; x_wconf 86' lang='lat' dir='ltr'>debet</span> <span class='ocrx_word' id='word_1_74' title='bbox 790 795 874 820; x_wconf 90' lang='lat' dir='ltr'>esse</span> <span class='ocrx_word' id='word_1_75' title='bbox 911 779 981 820; x_wconf 92' lang='lat' dir='ltr'>hic</span> <span class='ocrx_word' id='word_1_76' title='bbox 1020 778 1129 820; x_wconf 78' lang='lat'>5802</span> <span class='ocrx_word' id='word_1_77' title='bbox 1159 780 1209 820; x_wconf 89' lang='lat' dir='ltr'>ab</span> <span class='ocrx_word' id='word_1_78' title='bbox 1241 786 1415 820; x_wconf 86' lang='lat' dir='ltr'>auctore</span> <span class='ocrx_word' id='word_1_79' title='bbox 1450 795 1544 820; x_wconf 86' lang='lat' dir='ltr'>cum</span> 
     </span>
     <span class='ocr_line' id='line_1_11' title="bbox 72 837 1546 892; baseline 0.001 -16"><span class='ocrx_word' id='word_1_80' title='bbox 72 838 338 892; x_wconf 87' lang='lat' dir='ltr'>sequentibus</span> <span class='ocrx_word' id='word_1_81' title='bbox 364 851 430 876; x_wconf 82' lang='lat' dir='ltr'>sex</span> <span class='ocrx_word' id='word_1_82' title='bbox 452 838 782 890; x_wconf 82' lang='lat' dir='ltr'>praetermissus:</span> <span class='ocrx_word' id='word_1_83' title='bbox 806 851 910 892; x_wconf 91' lang='lat' dir='ltr'>quos</span> <span class='ocrx_word' id='word_1_84' title='bbox 931 843 1070 877; x_wconf 89' lang='lat' dir='ltr'>tamen</span> <span class='ocrx_word' id='word_1_85' title='bbox 1094 850 1234 876; x_wconf 87' lang='lat' dir='ltr'>omnes</span> <span class='ocrx_word' id='word_1_86' title='bbox 1266 837 1546 878; x_wconf 88' lang='lat' dir='ltr'>inconfectum</span> 
     </span>
     <span class='ocr_line' id='line_1_12' title="bbox 74 892 1434 948; baseline -0.002 -13"><span class='ocrx_word' id='word_1_87' title='bbox 74 910 98 935; x_wconf 85' lang='lat' dir='ltr'>a</span> <span class='ocrx_word' id='word_1_88' title='bbox 128 893 246 934; x_wconf 88' lang='lat' dir='ltr'>nobis</span> <span class='ocrx_word' id='word_1_89' title='bbox 278 893 503 934; x_wconf 85' lang='lat' dir='ltr'>canonium</span> <span class='ocrx_word' id='word_1_90' title='bbox 536 893 804 948; x_wconf 85' lang='lat' dir='ltr'>reponendos</span> <span class='ocrx_word' id='word_1_91' title='bbox 834 908 990 948; x_wconf 80' lang='lat' dir='ltr'>operae</span> <span class='ocrx_word' id='word_1_92' title='bbox 1016 892 1203 948; x_wconf 80' lang='lat' dir='ltr'>pretium</span> <span class='ocrx_word' id='word_1_93' title='bbox 1233 892 1434 936; x_wconf 84' lang='lat' dir='ltr'>duximus.</span> 
     </span>
    </p>
   </div>
   <div class='ocr_carea' id='block_1_4' title="bbox 73 962 1558 1697">
    <p class='ocr_par' dir='ltr' id='par_1_4' title="bbox 73 962 1558 1697">
     <span class='ocr_line' id='line_1_13' title="bbox 184 962 1548 1022; baseline -0.002 -16"><span class='ocrx_word' id='word_1_94' title='bbox 184 966 292 1006; x_wconf 88' lang='lat' dir='ltr'>Ibid.</span> <span class='ocrx_word' id='word_1_95' title='bbox 351 966 672 1013; x_wconf 83' lang='grc' dir='ltr'><strong><em>Κωνσταντῖνος</em></strong></span> <span class='ocrx_word' id='word_1_96' title='bbox 700 962 722 1005; x_wconf 80' lang='grc' dir='ltr'><em>ὅ</em></span> <span class='ocrx_word' id='word_1_97' title='bbox 751 962 994 1022; x_wconf 73' lang='grc' dir='ltr'><strong><em>θειότατος]</em></strong></span> <span class='ocrx_word' id='word_1_98' title='bbox 1016 965 1271 1007; x_wconf 74' lang='lat' dir='ltr'><strong>Maxentium</strong></span> <span class='ocrx_word' id='word_1_99' title='bbox 1300 980 1322 1005; x_wconf 88' lang='lat' dir='ltr'>a</span> <span class='ocrx_word' id='word_1_100' title='bbox 1341 967 1548 1007; x_wconf 81' lang='lat' dir='ltr'>Constan-</span> 
     </span>
     <span class='ocr_line' id='line_1_14' title="bbox 73 1021 1548 1078; baseline -0.003 -15"><span class='ocrx_word' id='word_1_101' title='bbox 73 1022 150 1063; x_wconf 90' lang='lat' dir='ltr'>tini</span> <span class='ocrx_word' id='word_1_102' title='bbox 181 1021 224 1062; x_wconf 87' lang='lat' dir='ltr'>in</span> <span class='ocrx_word' id='word_1_103' title='bbox 256 1023 560 1078; x_wconf 77' lang='lat' dir='ltr'><strong>imperatorem</strong></span> <span class='ocrx_word' id='word_1_104' title='bbox 591 1023 874 1076; x_wconf 77' lang='lat' dir='ltr'>designatione</span> <span class='ocrx_word' id='word_1_105' title='bbox 916 1037 1000 1062; x_wconf 91' lang='lat' dir='ltr'>non</span> <span class='ocrx_word' id='word_1_106' title='bbox 1029 1022 1153 1078; x_wconf 80' lang='lat' dir='ltr'>longe</span> <span class='ocrx_word' id='word_1_107' title='bbox 1180 1022 1444 1078; x_wconf 80' lang='lat' dir='ltr'>tyrannidem</span> <span class='ocrx_word' id='word_1_108' title='bbox 1475 1037 1548 1062; x_wconf 88' lang='lat' dir='ltr'>ar.</span> 
     </span>
     <span class='ocr_line' id='line_1_15' title="bbox 76 1077 1547 1133; baseline 0 -15"><span class='ocrx_word' id='word_1_109' title='bbox 76 1078 251 1133; x_wconf 86' lang='lat' dir='ltr'>ripuisse</span> <span class='ocrx_word' id='word_1_110' title='bbox 288 1077 553 1119; x_wconf 82' lang='lat' dir='ltr'>subindicant</span> <span class='ocrx_word' id='word_1_111' title='bbox 596 1080 796 1119; x_wconf 84' lang='lat' dir='ltr'>Eusebius</span> <span class='ocrx_word' id='word_1_112' title='bbox 836 1079 876 1119; x_wconf 90' lang='lat' dir='ltr'>in</span> <span class='ocrx_word' id='word_1_113' title='bbox 909 1079 1127 1127; x_wconf 84' lang='lat' dir='ltr'>chronico,</span> <span class='ocrx_word' id='word_1_114' title='bbox 1160 1080 1348 1119; x_wconf 82' lang='lat' dir='ltr'>Aurelius</span> <span class='ocrx_word' id='word_1_115' title='bbox 1381 1079 1547 1130; x_wconf 81' lang='lat' dir='ltr'>Victor,</span> 
     </span>
     <span class='ocr_line' id='line_1_16' title="bbox 74 1133 1552 1190; baseline 0.001 -16"><span class='ocrx_word' id='word_1_116' title='bbox 74 1135 322 1190; x_wconf 87' lang='lat' dir='ltr'>Eutropius,</span> <span class='ocrx_word' id='word_1_117' title='bbox 352 1142 395 1176; x_wconf 87' lang='lat' dir='ltr'>et</span> <span class='ocrx_word' id='word_1_118' title='bbox 424 1150 518 1175; x_wconf 89' lang='lat' dir='ltr'>cum</span> <span class='ocrx_word' id='word_1_119' title='bbox 553 1135 613 1175; x_wconf 92' lang='lat' dir='ltr'>his</span> <span class='ocrx_word' id='word_1_120' title='bbox 641 1136 836 1176; x_wconf 86' lang='lat' dir='ltr'>Petavius</span> <span class='ocrx_word' id='word_1_121' title='bbox 868 1135 938 1176; x_wconf 88' lang='lat' dir='ltr'>lib.</span> <span class='ocrx_word' id='word_1_122' title='bbox 957 1136 1005 1175; x_wconf 91' lang='lat'>11</span> <span class='ocrx_word' id='word_1_123' title='bbox 1040 1135 1091 1175; x_wconf 88' lang='lat' dir='ltr'>de</span> <span class='ocrx_word' id='word_1_124' title='bbox 1121 1135 1232 1176; x_wconf 89' lang='lat' dir='ltr'>doct.</span> <span class='ocrx_word' id='word_1_125' title='bbox 1268 1149 1356 1189; x_wconf 80' lang='lat' dir='ltr'>cap.</span> <span class='ocrx_word' id='word_1_126' title='bbox 1378 1133 1447 1175; x_wconf 82' lang='lat'>37.</span> <span class='ocrx_word' id='word_1_127' title='bbox 1479 1150 1552 1175; x_wconf 82' lang='lat' dir='ltr'>ve·-</span> 
     </span>
     <span class='ocr_line' id='line_1_17' title="bbox 77 1191 1552 1247; baseline 0 -15"><span class='ocrx_word' id='word_1_128' title='bbox 77 1207 171 1232; x_wconf 87' lang='lat' dir='ltr'>rum</span> <span class='ocrx_word' id='word_1_129' title='bbox 203 1206 250 1232; x_wconf 87' lang='lat' dir='ltr'>ex</span> <span class='ocrx_word' id='word_1_130' title='bbox 280 1191 540 1247; x_wconf 78' lang='lat' dir='ltr'>panegyricis</span> <span class='ocrx_word' id='word_1_131' title='bbox 574 1192 705 1232; x_wconf 86' lang='lat' dir='ltr'>verba</span> <span class='ocrx_word' id='word_1_132' title='bbox 746 1192 820 1232; x_wconf 89' lang='lat' dir='ltr'>ista</span> <span class='ocrx_word' id='word_1_133' title='bbox 858 1191 909 1232; x_wconf 88' lang='lat' dir='ltr'>de</span> <span class='ocrx_word' id='word_1_134' title='bbox 938 1192 1147 1232; x_wconf 82' lang='lat' dir='ltr'>Maxentio</span> <span class='ocrx_word' id='word_1_135' title='bbox 1176 1192 1307 1231; x_wconf 86' lang='lat' dir='ltr'>refert</span> <span class='ocrx_word' id='word_1_136' title='bbox 1337 1191 1430 1231; x_wconf 92' lang='lat' dir='ltr'>loco</span> <span class='ocrx_word' id='word_1_137' title='bbox 1463 1206 1552 1232; x_wconf 86' lang='lat' dir='ltr'>rne-</span> 
     </span>
     <span class='ocr_line' id='line_1_18' title="bbox 75 1247 1553 1304; baseline -0.003 -16"><span class='ocrx_word' id='word_1_138' title='bbox 75 1255 259 1288; x_wconf 81' lang='lat' dir='ltr'>morato.</span> <span class='ocrx_word' id='word_1_139' title='bbox 317 1248 571 1299; x_wconf 85' lang='lat' dir='ltr'>Maxentius,</span> <span class='ocrx_word' id='word_1_140' title='bbox 602 1257 832 1303; x_wconf 79' lang='lat' dir='ltr'>consumpto</span> <span class='ocrx_word' id='word_1_141' title='bbox 856 1262 938 1304; x_wconf 81' lang='lat' dir='ltr'>per</span> <span class='ocrx_word' id='word_1_142' title='bbox 962 1248 1144 1288; x_wconf 77' lang='lat' dir='ltr'>desidias</span> <span class='ocrx_word' id='word_1_143' title='bbox 1158 1249 1372 1298; x_wconf 76' lang='lat' dir='ltr'>sexennio,</span> <span class='ocrx_word' id='word_1_144' title='bbox 1403 1247 1553 1299; x_wconf 82' lang='lat' dir='ltr'>(itale-</span> 
     </span>
     <span class='ocr_line' id='line_1_19' title="bbox 76 1304 1555 1361; baseline -0.001 -17"><span class='ocrx_word' id='word_1_145' title='bbox 76 1304 258 1359; x_wconf 81' lang='lat' dir='ltr'>gendum</span> <span class='ocrx_word' id='word_1_146' title='bbox 284 1304 457 1359; x_wconf 88' lang='lat' dir='ltr'>probat)</span> <span class='ocrx_word' id='word_1_147' title='bbox 481 1319 531 1344; x_wconf 85' lang='lat' dir='ltr'>ne</span> <span class='ocrx_word' id='word_1_148' title='bbox 550 1307 821 1361; x_wconf 80' lang='lat' dir='ltr'>septenarium</span> <span class='ocrx_word' id='word_1_149' title='bbox 839 1305 954 1344; x_wconf 82' lang='lat' dir='ltr'>illum</span> <span class='ocrx_word' id='word_1_150' title='bbox 977 1319 1186 1344; x_wconf 78' lang='lat' dir='ltr'>numerum</span> <span class='ocrx_word' id='word_1_151' title='bbox 1210 1319 1371 1345; x_wconf 84' lang='lat' dir='ltr'>sacrum</span> <span class='ocrx_word' id='word_1_152' title='bbox 1403 1313 1441 1344; x_wconf 81' lang='lat' dir='ltr'>et</span> <span class='ocrx_word' id='word_1_153' title='bbox 1458 1305 1555 1344; x_wconf 79' lang='lat' dir='ltr'>reli.</span> 
     </span>
     <span class='ocr_line' id='line_1_20' title="bbox 74 1359 1556 1416; baseline -0.001 -15"><span class='ocrx_word' id='word_1_154' title='bbox 74 1362 230 1416; x_wconf 81' lang='lat' dir='ltr'>giosum</span> <span class='ocrx_word' id='word_1_155' title='bbox 252 1361 430 1402; x_wconf 78' lang='lat' dir='ltr'>violae-et</span> <span class='ocrx_word' id='word_1_156' title='bbox 458 1366 536 1402; x_wconf 89' lang='lat' dir='ltr'>etc.</span> <span class='ocrx_word' id='word_1_157' title='bbox 570 1375 702 1416; x_wconf 82' lang='lat' dir='ltr'>quare</span> <span class='ocrx_word' id='word_1_158' title='bbox 723 1361 875 1401; x_wconf 87' lang='lat' dir='ltr'>merito</span> <span class='ocrx_word' id='word_1_159' title='bbox 902 1359 1117 1400; x_wconf 89' lang='lat' dir='ltr'>concludit</span> <span class='ocrx_word' id='word_1_160' title='bbox 1138 1361 1339 1400; x_wconf 87' lang='lat' dir='ltr'>Eusebius</span> <span class='ocrx_word' id='word_1_161' title='bbox 1369 1360 1408 1400; x_wconf 90' lang='lat' dir='ltr'>in</span> <span class='ocrx_word' id='word_1_162' title='bbox 1427 1360 1556 1400; x_wconf 88' lang='lat' dir='ltr'>chro-</span> 
     </span>
     <span class='ocr_line' id='line_1_21' title="bbox 78 1417 1556 1474; baseline -0.001 -17"><span class='ocrx_word' id='word_1_163' title='bbox 78 1417 174 1458; x_wconf 90' lang='lat' dir='ltr'>nico</span> <span class='ocrx_word' id='word_1_164' title='bbox 194 1432 208 1457; x_wconf 69' lang='grc' dir='ltr'><strong><em>ε</em></strong></span> <span class='ocrx_word' id='word_1_165' title='bbox 238 1417 476 1457; x_wconf 72' lang='lat' dir='ltr'>Maxentius</span> <span class='ocrx_word' id='word_1_166' title='bbox 505 1419 625 1458; x_wconf 80' lang='lat' dir='ltr'>iuxta</span> <span class='ocrx_word' id='word_1_167' title='bbox 645 1427 807 1474; x_wconf 84' lang='lat' dir='ltr'>pontem</span> <span class='ocrx_word' id='word_1_168' title='bbox 829 1418 1022 1457; x_wconf 81' lang='lat' dir='ltr'>Milvium</span> <span class='ocrx_word' id='word_1_169' title='bbox 1051 1433 1078 1457; x_wconf 93' lang='lat' dir='ltr'>a</span> <span class='ocrx_word' id='word_1_170' title='bbox 1110 1418 1365 1457; x_wconf 80' lang='lat' dir='ltr'>Constantino</span> <span class='ocrx_word' id='word_1_171' title='bbox 1390 1431 1434 1456; x_wconf 84' lang='lat' dir='ltr'>su</span> <span class='ocrx_word' id='word_1_172' title='bbox 1465 1431 1556 1456; x_wconf 86' lang='lat' dir='ltr'>era-</span> 
     </span>
     <span class='ocr_line' id='line_1_22' title="bbox 75 1431 1553 1530; baseline -0.001 -16"><span class='ocrx_word' id='word_1_173' title='bbox 75 1483 136 1514; x_wconf 78' lang='lat' dir='ltr'>tus</span> <span class='ocrx_word' id='word_1_174' title='bbox 161 1474 368 1525; x_wconf 76' lang='lat' dir='ltr'>occiditur,</span> <span class='ocrx_word' id='word_1_175' title='bbox 401 1487 509 1514; x_wconf 86' lang='lat' dir='ltr'>anno</span> <span class='ocrx_word' id='word_1_176' title='bbox 538 1475 704 1529; x_wconf 83' lang='lat' dir='ltr'>imperii</span> <span class='ocrx_word' id='word_1_177' title='bbox 728 1476 790 1513; x_wconf 82' lang='lat' dir='ltr'>sui</span> <span class='ocrx_word' id='word_1_178' title='bbox 816 1483 954 1514; x_wconf 75' lang='lat' dir='ltr'>sexto.-</span> <span class='ocrx_word' id='word_1_179' title='bbox 984 1489 1108 1530; x_wconf 87' lang='lat' dir='ltr'>quem</span> <span class='ocrx_word' id='word_1_180' title='bbox 1142 1473 1319 1513; x_wconf 90' lang='lat' dir='ltr'>eundem</span> <span class='ocrx_word' id='word_1_181' title='bbox 1353 1431 1477 1513; x_wconf 61' lang='lat' dir='ltr'>classis</span> <span class='ocrx_word' id='word_1_182' title='bbox 1510 1478 1553 1513; x_wconf 84' lang='lat' dir='ltr'>et</span> 
     </span>
     <span class='ocr_line' id='line_1_23' title="bbox 78 1528 1558 1585; baseline -0.003 -15"><span class='ocrx_word' id='word_1_183' title='bbox 78 1530 227 1570; x_wconf 89' lang='lat' dir='ltr'>mortis</span> <span class='ocrx_word' id='word_1_184' title='bbox 259 1529 396 1570; x_wconf 86' lang='lat' dir='ltr'>illatae</span> <span class='ocrx_word' id='word_1_185' title='bbox 414 1536 541 1585; x_wconf 89' lang='lat' dir='ltr'>putat</span> <span class='ocrx_word' id='word_1_186' title='bbox 570 1530 759 1573; x_wconf 81' lang='lat' dir='ltr'>chronic.</span> <span class='ocrx_word' id='word_1_187' title='bbox 793 1529 988 1570; x_wconf 77' lang='lat' dir='ltr'>Alexand.</span> <span class='ocrx_word' id='word_1_188' title='bbox 1047 1529 1159 1570; x_wconf 87' lang='lat' dir='ltr'>haud</span> <span class='ocrx_word' id='word_1_189' title='bbox 1191 1530 1247 1570; x_wconf 84' lang='lat' dir='ltr'>ita</span> <span class='ocrx_word' id='word_1_190' title='bbox 1275 1530 1444 1584; x_wconf 82' lang='lat' dir='ltr'>planum</span> <span class='ocrx_word' id='word_1_191' title='bbox 1476 1528 1558 1584; x_wconf 78' lang='lat' dir='ltr'>igi-</span> 
     </span>
     <span class='ocr_line' id='line_1_24' title="bbox 80 1586 1558 1640; baseline -0.002 -12"><span class='ocrx_word' id='word_1_192' title='bbox 80 1594 151 1628; x_wconf 83' lang='lat' dir='ltr'>tur</span> <span class='ocrx_word' id='word_1_193' title='bbox 178 1587 374 1627; x_wconf 78' lang='lat' dir='ltr'>Maxentii</span> <span class='ocrx_word' id='word_1_194' title='bbox 407 1586 577 1626; x_wconf 83' lang='lat' dir='ltr'>caedem</span> <span class='ocrx_word' id='word_1_195' title='bbox 614 1601 723 1626; x_wconf 85' lang='lat' dir='ltr'>anno</span> <span class='ocrx_word' id='word_1_196' title='bbox 757 1587 1018 1627; x_wconf 80' lang='lat' dir='ltr'>Constantini</span> <span class='ocrx_word' id='word_1_197' title='bbox 1053 1586 1231 1640; x_wconf 87' lang='lat' dir='ltr'>septimo</span> <span class='ocrx_word' id='word_1_198' title='bbox 1265 1586 1448 1627; x_wconf 90' lang='lat' dir='ltr'>obeunte</span> <span class='ocrx_word' id='word_1_199' title='bbox 1480 1599 1558 1625; x_wconf 84' lang='lat' dir='ltr'>nu-</span> 
     </span>
     <span class='ocr_line' id='line_1_25' title="bbox 78 1642 1137 1697; baseline -0.002 -13"><span class='ocrx_word' id='word_1_200' title='bbox 78 1642 336 1692; x_wconf 82' lang='lat' dir='ltr'>merandam,</span> <span class='ocrx_word' id='word_1_201' title='bbox 370 1649 502 1697; x_wconf 89' lang='lat' dir='ltr'>prout</span> <span class='ocrx_word' id='word_1_202' title='bbox 531 1643 756 1684; x_wconf 87' lang='lat' dir='ltr'>Eusebiani</span> <span class='ocrx_word' id='word_1_203' title='bbox 789 1643 954 1684; x_wconf 86' lang='lat' dir='ltr'>codices</span> <span class='ocrx_word' id='word_1_204' title='bbox 984 1645 1137 1683; x_wconf 83' lang='lat' dir='ltr'>ferunt.</span> 
     </span>
    </p>
   </div>
   <div class='ocr_carea' id='block_1_5' title="bbox 80 1714 1557 1827">
    <p class='ocr_par' dir='ltr' id='par_1_5' title="bbox 80 1714 1557 1827">
     <span class='ocr_line' id='line_1_26' title="bbox 189 1714 1557 1771; baseline -0.002 -15"><span class='ocrx_word' id='word_1_205' title='bbox 189 1716 296 1756; x_wconf 86' lang='lat' dir='ltr'>Ihid.</span> <span class='ocrx_word' id='word_1_206' title='bbox 326 1715 369 1756; x_wconf 79' lang='lat'>8.</span> <span class='ocrx_word' id='word_1_207' title='bbox 430 1714 582 1756; x_wconf 72' lang='grc' dir='ltr'><em>ἐδεδίει</em></span> <span class='ocrx_word' id='word_1_208' title='bbox 621 1714 697 1764; x_wconf 78' lang='grc' dir='ltr'>τὰς</span> <span class='ocrx_word' id='word_1_209' title='bbox 733 1714 981 1764; x_wconf 81' lang='grc' dir='ltr'><strong><em>Μαξεντιόυ</em></strong></span> <span class='ocrx_word' id='word_1_210' title='bbox 1020 1714 1239 1771; x_wconf 77' lang='grc' dir='ltr'><strong><em>γοητείας]</em></strong></span> <span class='ocrx_word' id='word_1_211' title='bbox 1286 1714 1338 1756; x_wconf 84' lang='lat' dir='ltr'>ab</span> <span class='ocrx_word' id='word_1_212' title='bbox 1374 1714 1557 1755; x_wconf 86' lang='lat' dir='ltr'>Eusebio</span> 
     </span>
     <span class='ocr_line' id='line_1_27' title="bbox 80 1771 989 1827; baseline -0.001 -13"><span class='ocrx_word' id='word_1_213' title='bbox 80 1773 149 1814; x_wconf 89' lang='lat' dir='ltr'>lib.</span> <span class='ocrx_word' id='word_1_214' title='bbox 183 1773 204 1813; x_wconf 86' lang='lat'>1</span> <span class='ocrx_word' id='word_1_215' title='bbox 235 1773 286 1813; x_wconf 85' lang='lat' dir='ltr'>de</span> <span class='ocrx_word' id='word_1_216' title='bbox 323 1773 404 1812; x_wconf 87' lang='lat' dir='ltr'>vita</span> <span class='ocrx_word' id='word_1_217' title='bbox 437 1773 579 1813; x_wconf 86' lang='lat' dir='ltr'>Const.</span> <span class='ocrx_word' id='word_1_218' title='bbox 615 1787 706 1827; x_wconf 82' lang='lat' dir='ltr'>cap.</span> <span class='ocrx_word' id='word_1_219' title='bbox 738 1771 792 1813; x_wconf 89' lang='lat'>30</span> <span class='ocrx_word' id='word_1_220' title='bbox 827 1771 989 1813; x_wconf 79' lang='lat' dir='ltr'>relatas.</span> 
     </span>
    </p>
   </div>
   <div class='ocr_carea' id='block_1_6' title="bbox 83 1838 1559 1957">
    <p class='ocr_par' dir='ltr' id='par_1_6' title="bbox 83 1838 1559 1957">
     <span class='ocr_line' id='line_1_28' title="bbox 190 1838 1559 1903; baseline -0.001 -17"><span class='ocrx_word' id='word_1_221' title='bbox 190 1846 300 1886; x_wconf 80' lang='lat' dir='ltr'><em>Ibid.</em></span> <span class='ocrx_word' id='word_1_222' title='bbox 333 1845 396 1886; x_wconf 86' lang='lat'>10.</span> <span class='ocrx_word' id='word_1_223' title='bbox 455 1838 585 1900; x_wconf 74' lang='grc' dir='ltr'>ὤφθη</span> <span class='ocrx_word' id='word_1_224' title='bbox 615 1845 749 1903; x_wconf 66' lang='grc' dir='ltr'><strong><em>αὐτῷ]</em></strong></span> <span class='ocrx_word' id='word_1_225' title='bbox 793 1846 900 1886; x_wconf 89' lang='lat' dir='ltr'>idem</span> <span class='ocrx_word' id='word_1_226' title='bbox 928 1845 1129 1887; x_wconf 86' lang='lat' dir='ltr'>Eusebius</span> <span class='ocrx_word' id='word_1_227' title='bbox 1173 1861 1263 1901; x_wconf 84' lang='lat' dir='ltr'>cap.</span> <span class='ocrx_word' id='word_1_228' title='bbox 1294 1845 1348 1886; x_wconf 83' lang='grc'>22</span> <span class='ocrx_word' id='word_1_229' title='bbox 1378 1843 1559 1886; x_wconf 89' lang='lat' dir='ltr'>eiusdem</span> 
     </span>
     <span class='ocr_line' id='line_1_29' title="bbox 83 1901 1076 1957; baseline -0.001 -14"><span class='ocrx_word' id='word_1_230' title='bbox 83 1903 151 1943; x_wconf 90' lang='lat' dir='ltr'>lib.</span> <span class='ocrx_word' id='word_1_231' title='bbox 185 1917 263 1944; x_wconf 86' lang='lat' dir='ltr'>nec</span> <span class='ocrx_word' id='word_1_232' title='bbox 293 1916 377 1942; x_wconf 90' lang='lat' dir='ltr'>non</span> <span class='ocrx_word' id='word_1_233' title='bbox 401 1917 523 1957; x_wconf 83' lang='lat' dir='ltr'>capp.</span> <span class='ocrx_word' id='word_1_234' title='bbox 546 1902 598 1944; x_wconf 81' lang='grc'>23</span> <span class='ocrx_word' id='word_1_235' title='bbox 630 1901 684 1943; x_wconf 78' lang='lat'>24</span> <span class='ocrx_word' id='word_1_236' title='bbox 712 1902 764 1943; x_wconf 81' lang='lat'>31</span> <span class='ocrx_word' id='word_1_237' title='bbox 794 1902 849 1944; x_wconf 83' lang='grc'>32</span> <span class='ocrx_word' id='word_1_238' title='bbox 878 1909 919 1943; x_wconf 90' lang='lat' dir='ltr'>et</span> <span class='ocrx_word' id='word_1_239' title='bbox 947 1901 1014 1943; x_wconf 85' lang='lat'>33.</span> <span class='ocrx_word' id='word_1_240' title='bbox 1070 1911 1076 1914; x_wconf 83' lang='grc'>’“</span> 
     </span>
    </p>
   </div>
   <div class='ocr_carea' id='block_1_7' title="bbox 192 1970 1557 2031">
    <p class='ocr_par' dir='ltr' id='par_1_7' title="bbox 192 1970 1557 2031">
     <span class='ocr_line' id='line_1_30' title="bbox 192 1970 1557 2031; baseline -0.003 -15"><span class='ocrx_word' id='word_1_241' title='bbox 192 1975 259 2028; x_wconf 87' lang='grc'>20,</span> <span class='ocrx_word' id='word_1_242' title='bbox 290 1976 327 2017; x_wconf 87' lang='grc'>2.</span> <span class='ocrx_word' id='word_1_243' title='bbox 387 1970 508 2016; x_wconf 82' lang='grc' dir='ltr'><strong><em>πόλιν</em></strong></span> <span class='ocrx_word' id='word_1_244' title='bbox 555 1974 920 2031; x_wconf 80' lang='grc' dir='ltr'><strong><em>στεφανώσαντες]</em></strong></span> <span class='ocrx_word' id='word_1_245' title='bbox 960 1975 1070 2018; x_wconf 86' lang='lat' dir='ltr'>festis</span> <span class='ocrx_word' id='word_1_246' title='bbox 1100 1989 1150 2015; x_wconf 88' lang='lat' dir='ltr'>ac</span> <span class='ocrx_word' id='word_1_247' title='bbox 1180 1973 1383 2029; x_wconf 79' lang='lat' dir='ltr'>triumphi</span> <span class='ocrx_word' id='word_1_248' title='bbox 1416 1974 1557 2015; x_wconf 87' lang='lat' dir='ltr'>diebus</span> 
     </span>
    </p>
   </div>
   <div class='ocr_carea' id='block_1_8' title="bbox 79 2046 1560 2556">
    <p class='ocr_par' dir='ltr' id='par_1_8' title="bbox 79 2046 1560 2556">
     <span class='ocr_line' id='line_1_31' title="bbox 79 2046 1558 2102; baseline -0.002 -13"><span class='ocrx_word' id='word_1_249' title='bbox 79 2050 290 2090; x_wconf 82' lang='lat' dir='ltr'>Romanos</span> <span class='ocrx_word' id='word_1_250' title='bbox 320 2049 470 2091; x_wconf 87' lang='lat' dir='ltr'>urbem</span> <span class='ocrx_word' id='word_1_251' title='bbox 501 2063 736 2101; x_wconf 85' lang='lat' dir='ltr'>coronasse,</span> <span class='ocrx_word' id='word_1_252' title='bbox 765 2049 849 2089; x_wconf 91' lang='lat' dir='ltr'>hoc</span> <span class='ocrx_word' id='word_1_253' title='bbox 879 2054 951 2098; x_wconf 84' lang='lat' dir='ltr'>est,</span> <span class='ocrx_word' id='word_1_254' title='bbox 983 2048 1129 2089; x_wconf 88' lang='lat' dir='ltr'>domos</span> <span class='ocrx_word' id='word_1_255' title='bbox 1155 2055 1198 2089; x_wconf 86' lang='lat' dir='ltr'>et</span> <span class='ocrx_word' id='word_1_256' title='bbox 1225 2048 1380 2102; x_wconf 85' lang='lat' dir='ltr'>templa</span> <span class='ocrx_word' id='word_1_257' title='bbox 1411 2046 1558 2087; x_wconf 83' lang='lat' dir='ltr'>laureis</span> 
     </span>
     <span class='ocr_line' id='line_1_32' title="bbox 82 2101 1555 2160; baseline -0.002 -14"><span class='ocrx_word' id='word_1_258' title='bbox 82 2105 251 2146; x_wconf 89' lang='lat' dir='ltr'>corollis</span> <span class='ocrx_word' id='word_1_259' title='bbox 283 2120 450 2147; x_wconf 88' lang='lat' dir='ltr'>ornasse</span> <span class='ocrx_word' id='word_1_260' title='bbox 468 2106 637 2160; x_wconf 82' lang='lat' dir='ltr'>legimus</span> <span class='ocrx_word' id='word_1_261' title='bbox 667 2106 778 2160; x_wconf 91' lang='lat' dir='ltr'>apud</span> <span class='ocrx_word' id='word_1_262' title='bbox 795 2106 1103 2146; x_wconf 83' lang='lat' dir='ltr'>Tertullianum</span> <span class='ocrx_word' id='word_1_263' title='bbox 1127 2106 1165 2145; x_wconf 92' lang='lat' dir='ltr'>in</span> <span class='ocrx_word' id='word_1_264' title='bbox 1186 2104 1349 2159; x_wconf 78' lang='lat' dir='ltr'>apolog.</span> <span class='ocrx_word' id='word_1_265' title='bbox 1375 2118 1468 2158; x_wconf 86' lang='lat' dir='ltr'>cap.</span> <span class='ocrx_word' id='word_1_266' title='bbox 1485 2101 1555 2143; x_wconf 85' lang='lat'>35.</span> 
     </span>
     <span class='ocr_line' id='line_1_33' title="bbox 80 2159 1558 2216; baseline -0.003 -14"><span class='ocrx_word' id='word_1_267' title='bbox 80 2176 156 2202; x_wconf 82' lang='lat' dir='ltr'>cur</span> <span class='ocrx_word' id='word_1_268' title='bbox 181 2163 250 2202; x_wconf 79' lang='lat' dir='ltr'>die</span> <span class='ocrx_word' id='word_1_269' title='bbox 280 2163 390 2202; x_wconf 86' lang='lat' dir='ltr'>laeto</span> <span class='ocrx_word' id='word_1_270' title='bbox 422 2163 569 2202; x_wconf 81' lang='lat' dir='ltr'>laureis</span> <span class='ocrx_word' id='word_1_271' title='bbox 591 2172 722 2216; x_wconf 84' lang='lat' dir='ltr'>postes</span> <span class='ocrx_word' id='word_1_272' title='bbox 753 2177 832 2202; x_wconf 88' lang='lat' dir='ltr'>non</span> <span class='ocrx_word' id='word_1_273' title='bbox 851 2163 1163 2203; x_wconf 77' lang='lat' dir='ltr'>obumbramus?</span> <span class='ocrx_word' id='word_1_274' title='bbox 1192 2162 1242 2200; x_wconf 84' lang='lat' dir='ltr'>ad</span> <span class='ocrx_word' id='word_1_275' title='bbox 1274 2175 1449 2200; x_wconf 80' lang='lat' dir='ltr'>uxorem</span> <span class='ocrx_word' id='word_1_276' title='bbox 1482 2159 1558 2199; x_wconf 87' lang='lat' dir='ltr'>lib.</span> 
     </span>
     <span class='ocr_line' id='line_1_34' title="bbox 83 2216 1558 2274; baseline -0.003 -15"><span class='ocrx_word' id='word_1_277' title='bbox 83 2220 107 2259; x_wconf 85' lang='grc'>2</span> <span class='ocrx_word' id='word_1_278' title='bbox 138 2233 230 2273; x_wconf 76' lang='lat' dir='ltr'>cap.</span> <span class='ocrx_word' id='word_1_279' title='bbox 247 2216 286 2259; x_wconf 84' lang='grc'><strong>6.</strong></span> <span class='ocrx_word' id='word_1_280' title='bbox 339 2218 525 2274; x_wconf 76' lang='lat' dir='ltr'>procedit</span> <span class='ocrx_word' id='word_1_281' title='bbox 554 2218 606 2257; x_wconf 86' lang='lat' dir='ltr'>de</span> <span class='ocrx_word' id='word_1_282' title='bbox 636 2221 760 2258; x_wconf 80' lang='lat' dir='ltr'>ianua</span> <span class='ocrx_word' id='word_1_283' title='bbox 791 2221 976 2259; x_wconf 79' lang='lat' dir='ltr'>laureata</span> <span class='ocrx_word' id='word_1_284' title='bbox 1006 2229 1045 2258; x_wconf 84' lang='lat' dir='ltr'>ec</span> <span class='ocrx_word' id='word_1_285' title='bbox 1072 2219 1290 2267; x_wconf 75' lang='lat' dir='ltr'>lucernata,</span> <span class='ocrx_word' id='word_1_286' title='bbox 1320 2227 1362 2257; x_wconf 84' lang='lat' dir='ltr'>ut</span> <span class='ocrx_word' id='word_1_287' title='bbox 1386 2218 1437 2256; x_wconf 83' lang='lat' dir='ltr'>de</span> <span class='ocrx_word' id='word_1_288' title='bbox 1454 2229 1558 2255; x_wconf 87' lang='lat' dir='ltr'>novo</span> 
     </span>
     <span class='ocr_line' id='line_1_35' title="bbox 81 2271 1557 2331; baseline -0.003 -16"><span class='ocrx_word' id='word_1_289' title='bbox 81 2276 315 2316; x_wconf 85' lang='lat' dir='ltr'>consistorio</span> <span class='ocrx_word' id='word_1_290' title='bbox 339 2275 598 2331; x_wconf 79' lang='lat' dir='ltr'>publicarum</span> <span class='ocrx_word' id='word_1_291' title='bbox 629 2276 854 2315; x_wconf 75' lang='lat' dir='ltr'>lihidinmn.</span> <span class='ocrx_word' id='word_1_292' title='bbox 885 2275 936 2316; x_wconf 92' lang='lat' dir='ltr'>de</span> <span class='ocrx_word' id='word_1_293' title='bbox 968 2289 1126 2314; x_wconf 83' lang='lat' dir='ltr'>corona</span> <span class='ocrx_word' id='word_1_294' title='bbox 1158 2275 1298 2314; x_wconf 85' lang='lat' dir='ltr'>militis</span> <span class='ocrx_word' id='word_1_295' title='bbox 1332 2289 1366 2312; x_wconf 91' lang='lat' dir='ltr'>c.</span> <span class='ocrx_word' id='word_1_296' title='bbox 1402 2271 1463 2312; x_wconf 84' lang='lat'>13.</span> <span class='ocrx_word' id='word_1_297' title='bbox 1492 2280 1557 2310; x_wconf 80' lang='lat' dir='ltr'>at-</span> 
     </span>
     <span class='ocr_line' id='line_1_36' title="bbox 81 2326 1557 2384; baseline -0.004 -13"><span class='ocrx_word' id='word_1_298' title='bbox 81 2333 188 2372; x_wconf 83' lang='lat' dir='ltr'>enim</span> <span class='ocrx_word' id='word_1_299' title='bbox 209 2331 460 2371; x_wconf 78' lang='lat' dir='ltr'>Christianus</span> <span class='ocrx_word' id='word_1_300' title='bbox 489 2345 562 2371; x_wconf 82' lang='lat' dir='ltr'>nec</span> <span class='ocrx_word' id='word_1_301' title='bbox 580 2330 745 2371; x_wconf 82' lang='lat' dir='ltr'>domum</span> <span class='ocrx_word' id='word_1_302' title='bbox 774 2347 898 2372; x_wconf 83' lang='lat' dir='ltr'>suam</span> <span class='ocrx_word' id='word_1_303' title='bbox 925 2333 1081 2372; x_wconf 79' lang='lat' dir='ltr'>laureis</span> <span class='ocrx_word' id='word_1_304' title='bbox 1111 2331 1341 2384; x_wconf 71' lang='lat' dir='ltr'>infamabit.</span> <span class='ocrx_word' id='word_1_305' title='bbox 1373 2328 1423 2368; x_wconf 86' lang='lat' dir='ltr'>de</span> <span class='ocrx_word' id='word_1_306' title='bbox 1454 2326 1557 2367; x_wconf 86' lang='lat' dir='ltr'>idol.</span> 
     </span>
     <span class='ocr_line' id='line_1_37' title="bbox 83 2387 1558 2442; baseline -0.003 -15"><span class='ocrx_word' id='word_1_307' title='bbox 83 2402 179 2442; x_wconf 87' lang='lat' dir='ltr'>cap.</span> <span class='ocrx_word' id='word_1_308' title='bbox 213 2387 276 2428; x_wconf 85' lang='lat'>15.</span> <span class='ocrx_word' id='word_1_309' title='bbox 309 2389 393 2427; x_wconf 82' lang='lat' dir='ltr'>scio</span> <span class='ocrx_word' id='word_1_310' title='bbox 405 2389 589 2437; x_wconf 84' lang='lat' dir='ltr'>fratrem</span> <span class='ocrx_word' id='word_1_311' title='bbox 633 2402 712 2442; x_wconf 82' lang='lat' dir='ltr'>per</span> <span class='ocrx_word' id='word_1_312' title='bbox 751 2390 951 2428; x_wconf 82' lang='lat' dir='ltr'>visionem</span> <span class='ocrx_word' id='word_1_313' title='bbox 987 2388 1131 2427; x_wconf 79' lang='lat' dir='ltr'>eadem</span> <span class='ocrx_word' id='word_1_314' title='bbox 1173 2396 1288 2427; x_wconf 81' lang='lat' dir='ltr'>nocte</span> <span class='ocrx_word' id='word_1_315' title='bbox 1322 2387 1558 2438; x_wconf 80' lang='lat' dir='ltr'>castigatum</span> 
     </span>
     <span class='ocr_line' id='line_1_38' title="bbox 79 2440 1560 2500; baseline -0.005 -16"><span class='ocrx_word' id='word_1_316' title='bbox 79 2446 272 2498; x_wconf 78' lang='lat' dir='ltr'>graviter,</span> <span class='ocrx_word' id='word_1_317' title='bbox 303 2444 413 2500; x_wconf 81' lang='lat' dir='ltr'>qaod</span> <span class='ocrx_word' id='word_1_318' title='bbox 438 2445 608 2483; x_wconf 83' lang='lat' dir='ltr'>ianuam</span> <span class='ocrx_word' id='word_1_319' title='bbox 639 2445 722 2483; x_wconf 73' lang='lat' dir='ltr'>eius</span> <span class='ocrx_word' id='word_1_320' title='bbox 744 2445 870 2483; x_wconf 76' lang='lat' dir='ltr'>subito</span> <span class='ocrx_word' id='word_1_321' title='bbox 908 2444 1158 2484; x_wconf 77' lang='lat' dir='ltr'>annuntiatis</span> <span class='ocrx_word' id='word_1_322' title='bbox 1186 2442 1346 2496; x_wconf 79' lang='lat' dir='ltr'>gaudiis</span> <span class='ocrx_word' id='word_1_323' title='bbox 1383 2440 1560 2495; x_wconf 82' lang='lat' dir='ltr'>publicis</span> 
     </span>
     <span class='ocr_line' id='line_1_39' title="bbox 81 2501 1310 2556; baseline -0.002 -16"><span class='ocrx_word' id='word_1_324' title='bbox 81 2501 198 2541; x_wconf 78' lang='lat' dir='ltr'>servi</span> <span class='ocrx_word' id='word_1_325' title='bbox 236 2508 493 2541; x_wconf 77' lang='lat' dir='ltr'>coronassent</span> <span class='ocrx_word' id='word_1_326' title='bbox 507 2518 519 2539; x_wconf 87' lang='grc'><strong>.-</strong></span> <span class='ocrx_word' id='word_1_327' title='bbox 563 2509 602 2539; x_wconf 80' lang='lat' dir='ltr'>ec</span> <span class='ocrx_word' id='word_1_328' title='bbox 638 2508 772 2540; x_wconf 85' lang='lat' dir='ltr'>tamen</span> <span class='ocrx_word' id='word_1_329' title='bbox 810 2502 896 2556; x_wconf 83' lang='lat' dir='ltr'>ipse</span> <span class='ocrx_word' id='word_1_330' title='bbox 924 2516 1005 2541; x_wconf 89' lang='lat' dir='ltr'>non</span> <span class='ocrx_word' id='word_1_331' title='bbox 1033 2507 1310 2540; x_wconf 83' lang='lat' dir='ltr'>coronaverat.</span> 
     </span>
    </p>
   </div>
   <div class='ocr_carea' id='block_1_9' title="bbox 82 2558 1560 2855">
    <p class='ocr_par' dir='ltr' id='par_1_9' title="bbox 82 2558 1560 2855">
     <span class='ocr_line' id='line_1_40' title="bbox 194 2558 1558 2628; baseline -0.005 -15"><span class='ocrx_word' id='word_1_332' title='bbox 194 2573 302 2613; x_wconf 82' lang='lat' dir='ltr'>Ibid.</span> <span class='ocrx_word' id='word_1_333' title='bbox 334 2571 372 2612; x_wconf 91' lang='lat'>7.</span> <span class='ocrx_word' id='word_1_334' title='bbox 445 2567 540 2626; x_wconf 73' lang='grc' dir='ltr'><em>ὃσίᾳ</em></span> <span class='ocrx_word' id='word_1_335' title='bbox 586 2571 704 2627; x_wconf 81' lang='grc' dir='ltr'><strong><em>ταφῇ</em></strong></span> <span class='ocrx_word' id='word_1_336' title='bbox 731 2571 1054 2628; x_wconf 76' lang='grc' dir='ltr'><strong><em>παραδοθῆναι]</em></strong></span> <span class='ocrx_word' id='word_1_337' title='bbox 1105 2572 1159 2611; x_wconf 76' lang='lat' dir='ltr'>ol)</span> <span class='ocrx_word' id='word_1_338' title='bbox 1191 2558 1355 2624; x_wconf 69' lang='lat' dir='ltr'>partam</span> <span class='ocrx_word' id='word_1_339' title='bbox 1385 2567 1437 2607; x_wconf 88' lang='lat' dir='ltr'>de</span> <span class='ocrx_word' id='word_1_340' title='bbox 1465 2568 1558 2609; x_wconf 86' lang='lat' dir='ltr'>Ma-</span> 
     </span>
     <span class='ocr_line' id='line_1_41' title="bbox 82 2622 1560 2671; baseline -0.005 -2"><span class='ocrx_word' id='word_1_341' title='bbox 82 2629 223 2670; x_wconf 84' lang='lat' dir='ltr'>xentio</span> <span class='ocrx_word' id='word_1_342' title='bbox 252 2629 476 2669; x_wconf 87' lang='lat' dir='ltr'>victoriam</span> <span class='ocrx_word' id='word_1_343' title='bbox 505 2628 709 2669; x_wconf 84' lang='lat' dir='ltr'>Baronius</span> <span class='ocrx_word' id='word_1_344' title='bbox 740 2629 1058 2671; x_wconf 82' lang='lat' dir='ltr'>Constantinum</span> <span class='ocrx_word' id='word_1_345' title='bbox 1089 2629 1374 2668; x_wconf 78' lang='lat' dir='ltr'>celebraturus</span> <span class='ocrx_word' id='word_1_346' title='bbox 1404 2622 1455 2663; x_wconf 87' lang='lat' dir='ltr'>ad</span> <span class='ocrx_word' id='word_1_347' title='bbox 1483 2637 1560 2663; x_wconf 87' lang='lat' dir='ltr'>an-</span> 
     </span>
     <span class='ocr_line' id='line_1_42' title="bbox 85 2679 1560 2742; baseline -0.005 -18"><span class='ocrx_word' id='word_1_348' title='bbox 85 2699 183 2725; x_wconf 87' lang='lat' dir='ltr'>num</span> <span class='ocrx_word' id='word_1_349' title='bbox 219 2685 372 2725; x_wconf 84' lang='lat' dir='ltr'>Christi</span> <span class='ocrx_word' id='word_1_350' title='bbox 403 2684 486 2726; x_wconf 85' lang='grc'>312</span> <span class='ocrx_word' id='word_1_351' title='bbox 517 2699 628 2724; x_wconf 86' lang='lat' dir='ltr'>num.</span> <span class='ocrx_word' id='word_1_352' title='bbox 658 2684 724 2725; x_wconf 86' lang='lat'>79.</span> <span class='ocrx_word' id='word_1_353' title='bbox 795 2700 871 2726; x_wconf 89' lang='lat' dir='ltr'>nec</span> <span class='ocrx_word' id='word_1_354' title='bbox 910 2684 1299 2742; x_wconf 75' lang='lat' dir='ltr'>praeterunittimuS‚</span> <span class='ocrx_word' id='word_1_355' title='bbox 1334 2680 1482 2735; x_wconf 85' lang='lat' dir='ltr'>inquit,</span> <span class='ocrx_word' id='word_1_356' title='bbox 1509 2679 1560 2719; x_wconf 90' lang='lat' dir='ltr'>de</span> 
     </span>
     <span class='ocr_line' id='line_1_43' title="bbox 85 2739 1559 2795; baseline -0.006 -14"><span class='ocrx_word' id='word_1_357' title='bbox 85 2741 207 2782; x_wconf 85' lang='lat' dir='ltr'>rebus</span> <span class='ocrx_word' id='word_1_358' title='bbox 235 2749 326 2782; x_wconf 88' lang='lat' dir='ltr'>tum</span> <span class='ocrx_word' id='word_1_359' title='bbox 358 2757 380 2781; x_wconf 88' lang='lat' dir='ltr'>a</span> <span class='ocrx_word' id='word_1_360' title='bbox 422 2741 698 2782; x_wconf 79' lang='lat' dir='ltr'>Constantine</span> <span class='ocrx_word' id='word_1_361' title='bbox 729 2743 889 2783; x_wconf 83' lang='lat' dir='ltr'>Romae</span> <span class='ocrx_word' id='word_1_362' title='bbox 934 2742 1056 2795; x_wconf 75' lang='lat' dir='ltr'>gestis</span> <span class='ocrx_word' id='word_1_363' title='bbox 1089 2739 1188 2779; x_wconf 88' lang='lat' dir='ltr'>illud</span> <span class='ocrx_word' id='word_1_364' title='bbox 1219 2751 1449 2792; x_wconf 82' lang='lat' dir='ltr'>apponere,</span> <span class='ocrx_word' id='word_1_365' title='bbox 1483 2751 1559 2776; x_wconf 83' lang='lat' dir='ltr'>cu-</span> 
     </span>
     <span class='ocr_line' id='line_1_44' title="bbox 85 2794 1560 2855; baseline -0.003 -19"><span class='ocrx_word' id='word_1_366' title='bbox 85 2811 192 2839; x_wconf 84' lang='lat' dir='ltr'>rasse</span> <span class='ocrx_word' id='word_1_367' title='bbox 220 2798 438 2852; x_wconf 88' lang='lat' dir='ltr'>nimirum,</span> <span class='ocrx_word' id='word_1_368' title='bbox 469 2804 516 2838; x_wconf 86' lang='lat' dir='ltr'>ut</span> <span class='ocrx_word' id='word_1_369' title='bbox 547 2798 619 2838; x_wconf 88' lang='lat' dir='ltr'>SS.</span> <span class='ocrx_word' id='word_1_370' title='bbox 648 2806 884 2855; x_wconf 83' lang='lat' dir='ltr'>martyrum</span> <span class='ocrx_word' id='word_1_371' title='bbox 909 2794 1093 2853; x_wconf 83' lang='lat' dir='ltr'>corpora</span> <span class='ocrx_word' id='word_1_372' title='bbox 1121 2794 1424 2852; x_wconf 83' lang='lat' dir='ltr'>persecutionis</span> <span class='ocrx_word' id='word_1_373' title='bbox 1455 2797 1560 2833; x_wconf 87' lang='lat' dir='ltr'>tem-</span> 
     </span>
    </p>
   </div>
  </div>
 </body>
</html>
