1728 3184
248 167 344 215 526
745 173 802 215 ΙΝ
842 174 1215 216 THEOPHANEM

244 287 466 330 subiuncta
494 297 595 328 vero
630 289 820 330 narratio
850 289 1024 331 totidem
1046 281 1183 331 verbis
1213 291 1324 345 apud
1337 289 1617 346 Nicephorum
1649 293 1709 333 le-

245 346 361 402 gitur
389 359 482 400 pag,
510 343 578 389 37.

353 422 449 474 622,
483 422 548 463 14.
620 423 725 465 κατὰ
760 425 846 465 τῶν
884 423 1015 479 ἁγίων
1051 426 1127 466 καί
1154 426 1318 466 cantab:
1356 424 1528 467 εἰκόνων
1560 420 1711 480 ,ἤγειρε

242 477 440 532 πόλεμον]
470 480 692 521 validiores
721 481 927 522 machinas
957 482 998 521 in
1025 488 1261 523 sanctarum
1294 483 1516 538 imaginum
1552 484 1708 524 cultum

241 551 352 578 auno
393 538 560 591 imperii
600 537 762 578 decimo
803 540 985 580 Leonem
1031 539 1218 590 movisse,
1267 546 1308 580 et
1337 540 1375 579 in
1407 554 1471 580 eas
1499 541 1708 580 crudelius

242 594 412 649 rugiisse
441 596 483 638 S.
527 595 728 649 Stephani
760 595 932 637 iunioris
972 596 1056 636 vita
1097 596 1304 637 observat.
1373 600 1498 637 “cum
1543 597 1624 637 iam
1656 596 1708 637 ad

242 651 412 706 imperii
457 650 662 692 decimum
706 667 859 692 annum
899 653 1179 706 pervenisset,
1220 667 1296 693 nec
1340 653 1422 694 iam
1452 653 1709 709 impietatem

241 709 379 749 animo
409 722 615 762 premere,
647 722 695 748 ac
725 709 944 750 continere
973 716 1124 764 posset,
1156 711 1260 752 etc.''

350 779 530 832 623,15.
589 781 668 821 τοῦ
693 779 944 834 Ὀκτωβρίου
971 779 1119 836 μηνός]
1147 781 1233 825 Pal.
1256 781 1384 822 codex
1417 781 1516 836 legit
1533 780 1709 835 Ἀπριλ-

238 836 357 878 λίου·
391 838 558 885 merito.
614 837 671 877 ita
701 837 860 892 legerat
890 840 1149 893 Anastasius,
1185 839 1256 894 qui
1286 839 1439 878 vertit:
1469 839 1610 893 regiae
1636 854 1711 894 ap-

232 895 549 951 propinquantes
576 894 670 935 urbi
691 893 851 935 decimo
881 905 1026 950 quarto
1054 893 1252 936 kalendas
1282 896 1408 935 Maii.

365 973 476 1014 Ibid.
520 971 583 1013 18.
654 971 908 1024 βυθίζονται
948 970 1049 1026 περὶ
1094 970 1168 1014 τὸν
1214 973 1395 1022 λάκκον]
1437 973 1709 1029 Nicephoms,

236 1025 524 1082 Ἀγαλλιανιὶς
553 1025 635 1069 σὺν
662 1029 714 1085 τῇ
739 1029 948 1087 πανοπλίᾳ
968 1025 1117 1071 ἑαυτὸν
1142 1030 1200 1084 τῷ
1223 1030 1350 1085 βυθῷ
1372 1029 1625 1084 παρέδωκεν.

347 1103 444 1160 624,
475 1107 514 1147 7.
573 1103 842 1158 μονοζώνων]
870 1108 1083 1165 expeditos
1114 1109 1259 1148 milites
1288 1107 1417 1148 vertit
1447 1109 1704 1150 Anastasius:

234 1164 426 1220 sequitur
458 1163 658 1205 miscella:
709 1163 853 1205 Suidas
897 1165 1091 1218 exponit,
1119 1161 1351 1216 μονόζωνοι
1386 1159 1424 1204 οἱ
1466 1166 1598 1216 τιζιιιοι
1628 1165 1709 1206 τῶν

233 1221 528 1274 στρατιωτῶν·
586 1217 625 1260 οἱ
654 1217 713 1273 μὴ
744 1217 818 1261 τόν
846 1218 976 1261 αὐτὸν
1005 1225 1090 1268 τοῖς
1119 1215 1263 1269 ἄλλοις
1293 1220 1488 1274 ζωστῆρα
1518 1221 1705 1276 φοροῦν-

233 1291 328 1325 τες”
389 1274 428 1318 οἱ
460 1272 728 1329 ἀσύντακτοι,
759 1274 833 1319 καί
861 1275 1020 1317 ὡσανεί
1035 1276 1209 1333 λῃσταί·
1269 1279 1498 1329 ηιοηοΖοηὶ,
1531 1279 1703 1318 militum

233 1335 508 1374 honoratiores
534 1343 624 1374 sunt
637 1351 650 1374 .-
690 1334 760 1390 qui
803 1334 942 1374 eodem
973 1348 1063 1374 cum
1105 1335 1203 1374 aliis
1230 1334 1388 1388 cingulo
1416 1348 1494 1374 non
1520 1344 1704 1375 utzmtur:

232 1392 303 1447 qui
329 1390 513 1431 ordinem
540 1405 620 1431 non
646 1400 819 1441 servant,
852 1391 924 1431 sed
946 1391 1202 1446 praedonum
1233 1405 1341 1431 more
1369 1392 1412 1430 in
1442 1391 1705 1432 adversarios

232 1458 488 1502 grassantur.

346 1538 460 1579 Ibid.
495 1536 533 1579 9.
588 1532 840 1592 μυριάὸαις]
882 1534 1078 1588 μυριάδα
1111 1551 1188 1576 vox
1223 1535 1454 1579 inflexionis
1483 1537 1704 1591 secundae,

234 1595 540 1635 recentioribus
572 1610 698 1650 quam
743 1595 844 1636 haec
871 1590 1031 1646 μυριὰς
1059 1593 1319 1637 familiarior.

344 1675 450 1715 Ibid.
485 1673 549 1716 10.
618 1673 701 1715 τῶν
725 1673 975 1726 τιμωμένων
1012 1671 1206 1724 πατέρων
1245 1670 1420 1723 αὐτόθι]
1462 1678 1701 1713 sanctorum

233 1737 401 1787 patrum
445 1730 498 1771 ad
540 1730 827 1771 oecumenicas
869 1729 1047 1785 synodos
1088 1729 1424 1770 convenientium
1458 1730 1702 1769 memoriam

234 1803 318 1828 non
351 1788 469 1842 pictis
501 1788 629 1828 modo
671 1802 819 1828 eorum
863 1787 986 1827 sacris
1028 1786 1234 1835 vultibus,
1273 1787 1338 1826 vel
1380 1787 1524 1827 dicatis
1555 1801 1704 1827 eorum

235 1845 394 1885 nomini
427 1845 619 1899 templis,
659 1844 730 1885 sed
776 1850 819 1884 et
863 1842 1063 1884 colendae
1093 1842 1284 1896 religioni
1316 1842 1526 1884 destinatis
1558 1843 1702 1883 diebus

235 1902 403 1942 ecclesia
419 1902 577 1941 Graeca
610 1901 807 1941 celebrat.
864 1901 988 1940 festos
1005 1913 1196 1953 quosque
1225 1913 1363 1941 sacros
1392 1901 1485 1942 illos
1512 1898 1595 1941 dies
1626 1914 1704 1954 per

233 1958 333 1999 anni
363 1959 497 1998 varias
523 1964 787 2012 tempestates
819 1956 977 1997 indicat
1004 1956 1240 1996 Menaeum.

344 2035 440 2087 625,
469 2036 510 2076 4.
583 2035 631 2076 ἐκ
660 2037 735 2076 τοῦ
762 2033 1039 2088 μαγγανικοῦ]
1080 2034 1272 2084 miscella,
1301 2049 1356 2074 ex
1383 2049 1593 2090 mangone.
1652 2034 1705 2076 cle

232 2093 389 2136 bellicis
420 2093 529 2134 hisce
555 2093 776 2134 tormentis
806 2092 966 2147 Lipsius
989 2092 1030 2131 in
1059 2091 1364 2146 poliorceticis.

344 2176 440 2229 626,
468 2177 507 2217 4.
563 2174 612 2218 τὸ
641 2173 824 2229 udat-pov
853 2175 1041 2225 Ἀτεοῦς]
1073 2175 1277 2216 Thraciae
1296 2176 1470 2217 coniicit
1501 2176 1701 2227 ortelius,

235 2235 347 2292 quod
382 2235 510 2287 Asiae,
538 2234 570 2274 si
600 2241 740 2275 tamen
770 2233 872 2273 haec
899 2233 1194 2288 praecedentia
1225 2240 1552 2288 consequantur.

348 2315 448 2356 Ibid
487 2313 528 2356 8.
586 2310 803 2367 Γᾰραχον]
851 2313 882 2353 is
923 2312 1159 2365 Anastasio,
1195 2311 1463 2353 Gardaehus:
1487 2311 1702 2363 miscellae,

238 2372 476 2416 Gradacm.

343 2450 438 2504 627,
473 2453 508 2494 1.
565 2449 674 2496 τίνος
702 2442 947 2500 βασιλειάς;
976 2442 1079 2501 ἔφη·
1101 2443 1316 2497 Κόνωνος]
1346 2446 1455 2488 unde
1486 2443 1702 2488 Gononem

234 2523 449 2551 sacrarum
490 2509 567 2548 ima
601 2507 712 2546 inum
755 2509 933 2544 noverat
978 2507 1210 2545 Germanus
1265 2503 1528 2545 eversorem?
1595 2518 1704 2558 puer

239 2582 336 2607 cum
366 2563 578 2606 nomine‘i
598 2563 636 2602 lo
657 2562 801 2602 vocari
829 2566 1049 2602 consuetus
1067 2561 1264 2602 Hebraeis
1297 2560 1396 2602 artis
1425 2559 1704 2602 divinatoriae

234 2623 371 2678 probe
400 2622 546 2677 peritis
576 2619 828 2661 occurrisset
858 2625 899 2659 et
930 2618 1077 2672 imper.
1108 2633 1149 2659 se
1187 2618 1378 2658 futurum
1409 2617 1461 2658 ab
1491 2617 1548 2659 eis
1580 2631 1698 2657 acce.

237 2679 358 2733 pisset
399 2678 644 2728 oraculum,
690 2675 805 2732 quod
848 2681 1073 2729 exegerunt
1116 2675 1301 2730 pretium
1344 2674 1526 2715 vaticinii
1557 2673 1699 2714 lubens

230 2736 439 2791 promisit,
468 2747 681 2776 sacrarum
715 2732 940 2788 imaginum
973 2731 1147 2773 cladem.
1179 2731 1275 2772 inde
1305 2746 1405 2773 reor
1421 2732 1567 2772 Conon
1599 2729 1702 2770 ima-

231 2793 377 2849 ginum
408 2804 580 2834 eversor
621 2788 784 2832 futurus
819 2788 1082 2843 divulgatur:
1117 2789 1170 2830 ad
1199 2788 1390 2830 militiam
1419 2802 1519 2829 vero
1552 2786 1696 2842 profe-
