1768 3268
546 192 617 235 Ex
654 191 1002 235 THEOPHANE.
1442 189 1503 237 55

153 303 301 348 Mundi
329 320 439 347 anno
465 304 591 358 5866,
618 305 784 347 divinae
808 306 1106 347 incarnationis
1138 322 1249 348 anno
1278 306 1376 359 366,
1403 309 1503 348 Am-
1517 322 1553 357 p·
1570 307 1618 345 94
1648 308 1690 343 10

42 362 205 404 brosius
249 368 345 419 post
382 364 632 404 Auxentium
678 363 874 405 ecclesiae
914 363 1286 405 Mediolanensium
1328 370 1506 420 praeest.

42 419 274 461 Occidente
314 433 419 461 vero
460 425 593 469 totam
643 420 878 462 trinitatem
926 420 1177 462 homousion
1221 421 1505 476 praedicante,
1519 428 1612 477 p.95
1642 428 1679 462 1¹

41 475 309 528 postulavere
350 474 521 532 quidam
559 476 919 528 Valentinianum,
969 484 1013 518 et
1048 478 1187 531 fecere
1227 478 1433 534 synodum
1464 479 1508 519 in

41 532 222 583 Illvrico,
251 539 295 575 et
322 533 448 574 tidem
487 534 803 574 roboraverunt
832 534 1069 576 Nicaenam.
1144 540 1244 575 tunc
1273 541 1315 575 et
1342 537 1509 590 Grego-

42 581 129 630 rius
172 589 390 646 deiloquus
431 590 922 643 Constantinopolitanae
969 590 1210 645 praesidere
1257 592 1511 632 noscebatur

43 645 254 698 ecclesiae,
298 661 382 702 pro
412 646 551 687 Basilii
599 653 642 688 et
673 646 828 687 Meletii
860 661 909 688 ae
940 647 1204 704 reliquorum
1236 648 1400 703 pietatis
1426 662 1511 702 pu..

44 717 173 758 gnans
202 702 479 758 dogmatibus.
507 708 550 744 et
590 703 666 743 nisi
698 709 795 744 ante
819 702 870 743 ad
901 704 1049 745 urbem
1079 705 1514 759 Constantinopolita-

46 773 141 799 nam
171 759 368 801 invitatus
394 764 517 810 esset,
547 765 637 800 tota
667 759 865 800 nimirum
904 761 994 801 Arii
1026 767 1068 802 et
1095 761 1293 802 Eunomii
1324 761 1514 815 replere-

44 820 118 856 tur
147 815 322 858 illuvie:
353 831 498 856 omnes
537 816 650 856 enim
687 817 874 858 ecclesias
916 817 992 870 ipsi
1023 817 1314 873 possidebant,
1343 824 1515 872 praeter

44 873 284 914 oratorium
313 873 549 914 Anastasiae
579 873 789 929 martyris.
849 880 1047 928 praeerat
1076 880 1215 915 autem
1246 874 1332 914 illie
1349 874 1514 914 Arianis

41 929 330 984 Demophilum
386 935 488 970 tunc
503 929 733 985 Gregorius
765 944 937 986 quoque
955 931 1153 986 Nyssenus
1180 938 1221 972 et
1235 931 1398 982 Petrus,
1433 931 1516 970 fra-

45 990 130 1027 tres
158 986 308 1038 Basilii,
334 987 628 1038 coruscabant,
658 986 938 1042 optimusque
968 987 1010 1027 in
1040 986 1191 1028 Pisidia
1221 993 1265 1028 et
1293 986 1515 1042 Amphilo-

43 1042 160 1083 chius
189 1042 232 1082 iu
274 1043 431 1084 Iconio.
502 1043 652 1084 Barsen
698 1050 837 1084 autem
885 1044 1129 1098 episcopum
1174 1044 1353 1085 Edessae
1387 1050 1514 1098 atque

42 1098 254 1152 Pelagium
285 1098 530 1150 Laodiceae,
558 1105 709 1153 utpote
738 1099 1002 1141 orthodoxae
1029 1100 1128 1141 fidei
1161 1107 1512 1154 propugnatores,

41 1155 267 1197 Valens'in
308 1155 476 1196 exilium
514 1156 643 1197 misit.
702 1156 1048 1196 Sauromatarum
1077 1161 1216 1196 autem
1254 1171 1375 1211 gem,
1405 1164 1621 1212 quaep.96
1656 1166 1698 1200 17

43 1211 190 1266 pusilla
218 1219 262 1254 et
294 1211 462 1252 infirma
488 1218 564 1264 est,
594 1218 745 1253 contra
774 1212 1115 1255 Valentinianum
1146 1213 1358 1268 insurgens
1387 1220 1430 1253 et
1458 1213 1515 1254 ab

44 1282 96 1309 eo
121 1275 343 1323 superata,
385 1267 526 1323 legatis
555 1269 698 1323 missis,
727 1283 873 1323 pacem
918 1269 1161 1324 expostulat.
1219 1284 1399 1324 cumque
1426 1269 1516 1311 Va-

43 1323 292 1366 lentinianns
318 1339 342 1364 a
371 1324 513 1380 legatis
539 1325 822 1366 sciscitaretur
853 1331 996 1365 utrum
1024 1326 1297 1366 Sauromatae
1329 1326 1430 1366 tales
1475 1332 1518 1367 et

44 1385 131 1421 tam
147 1380 293 1421 vilium
308 1394 542 1435 corporum
561 1395 702 1422 omnes
721 1382 965 1432 existerent,
999 1381 1305 1436 responderunt
1335 1382 1520 1423 dicentes

45 1436 143 1492 quin
175 1436 368 1478 meliores
409 1450 560 1478 eorum
600 1437 668 1477 hic
713 1436 839 1478 habes
877 1445 920 1478 et
961 1437 1086 1478 vides.
1142 1444 1245 1478 tunc
1275 1438 1519 1479 validissime

43 1492 112 1534 ille
140 1492 323 1534 clamans
347 1492 406 1534 ait
434 1493 623 1534 “atrocia
641 1494 879 1534 Romanum
912 1493 1134 1548 imperium
1159 1495 1333 1536 sustinet
1357 1494 1411 1535 ad
1429 1494 1519 1535 Va-

47 1549 322 1590 lentinianum
352 1549 606 1605 pertingens,
636 1550 670 1591 si
698 1551 975 1591 Sauromatae
991 1550 1091 1591 tales
1122 1551 1337 1592 existentes
1367 1556 1517 1591 contra

43 1607 254 1647 Romanos
281 1607 543 1661 insurgunt.”
574 1622 622 1647 ex
652 1607 916 1648 animositate
934 1613 1073 1648 autem
1097 1607 1221 1647 nimia
1251 1614 1294 1648 et
1320 1622 1518 1647 manuum

40 1662 189 1718 plausu
217 1677 320 1704 vena
350 1663 493 1715 recisa,
523 1668 566 1704 et
594 1663 779 1718 plurimo
809 1671 1058 1718 erumpente
1095 1663 1304 1718 sanguine,
1338 1665 1378 1704 in
1409 1679 1518 1719 quo—

45 1720 142 1760 dam
175 1719 408 1775 municipio
443 1719 605 1761 Galliae
644 1720 840 1760 moritur.
909 1734 1043 1775 porro
1090 1720 1242 1761 Valens
1285 1720 1517 1761 Traianum

44 1776 331 1832 magistratum
359 1783 506 1817 contra
536 1776 699 1818 Gothos
727 1776 849 1827 misit,
880 1777 953 1832 qui
982 1777 1116 1817 victus
1139 1777 1414 1831 ignominiose
1444 1791 1516 1818 re·-

40 1847 183 1874 versus
212 1839 286 1873 est.
344 1833 412 1873 cui
440 1847 535 1873 cum
554 1833 704 1874 Valens
733 1832 954 1874 mollitiem
973 1833 1264 1888 exprobraret,
1296 1833 1515 1888 respondit

41 1889 157 1929 “non
192 1903 269 1944 ego
296 1903 387 1929 sum
412 1890 570 1941 victus,
600 1889 859 1943 imperator,
887 1889 959 1930 sed
989 1895 1060 1940 tu,
1107 1890 1180 1945 qui
1209 1897 1358 1930 contra
1389 1889 1514 1931 deum

41 1959 200 2000 pugnas
240 1951 284 1986 et
326 1945 516 1986 barbaris
557 1953 707 1986 nutum
733 1945 818 1987 eius
844 1945 1077 1986 concilias.''
1144 1948 1345 1987 Damasus
1374 1952 1513 1986 antem
1526 1961 1560 1996 p.
1574 1948 1621 1984 98
1644 1948 1668 1984 9

39 2002 250 2042 Romanus
279 2008 324 2043 et
350 2003 501 2043 Petrus
529 2002 828 2043 Alexandrinus
867 2002 995 2058 primi
1036 2002 1311 2044 Sabbatianos
1354 2001 1513 2044 conde-

41 2064 312 2107 mnaverunt3
338 2063 381 2099 et
402 2058 552 2113 impius
568 2058 798 2099 Eunomius
816 2059 1098 2114 praesumpsit
1133 2058 1175 2099 in
1196 2074 1278 2099 una
1307 2060 1514 2099 mersione

41 2115 248 2169 baptisma
280 2115 520 2166 celebrare,
566 2130 653 2156 non
692 2115 734 2155 in
765 2115 956 2156 trinitate
993 2115 1065 2156 sed
1110 2115 1151 2155 in
1188 2122 1328 2156 morte
1358 2115 1513 2156 Christi

43 2178 245 2225 oportere
289 2171 504 2224 baptizare
543 2171 712 2221 dicens,
744 2178 786 2213 et
814 2187 884 2213 eos
915 2170 988 2228 qui
1017 2171 1060 2212 in
1091 2172 1283 2213 trinitate
1313 2172 1513 2227 baptizati

42 2233 164 2268 erant
188 2227 486 2282 rebaptizabat.

153 2313 238 2353 Per
267 2311 377 2352 idem
403 2319 566 2366 tempus
594 2318 636 2353 et
665 2327 834 2366 magnus
855 2311 1042 2367 Ephrem
1074 2312 1115 2352 in
1146 2312 1286 2354 studio
1315 2321 1357 2354 et
1374 2312 1509 2352 divina
1523 2317 1621 2364 p.99
1644 2321 1668 2355 2

47 2368 243 2411 doctrina
271 2368 474 2423 fulgebat,
505 2369 656 2408 multos
689 2369 859 2424 quidem
880 2383 1092 2410 sermones
1122 2370 1342 2420 asceticos,
1370 2369 1512 2423 plures

45 2433 185 2467 autem
202 2425 460 2480 dogmaticos
492 2439 538 2466 ex
567 2425 710 2466 divino
729 2426 879 2479 spiritu
907 2440 1112 2466 emanans.
1142 2427 1348 2481 quaedam
1375 2432 1514 2465 autem

43 2481 281 2523 studiorum
299 2481 385 2522 eius
415 2481 541 2521 etiam
569 2480 774 2521 cantanda
791 2481 907 2537 Syris
929 2481 1118 2531 tradidit,
1147 2498 1225 2536 per
1253 2482 1380 2522 melos
1409 2496 1514 2535 per..

43 2537 212 2580 trahens
253 2537 528 2592 antiquiore&
593 2538 712 2577 aiunt
743 2538 884 2592 itaque
922 2544 1133 2578 trecentas
1173 2555 1267 2579 eum
1309 2536 1514 2593 myriadas

45 2608 242 2635 versuum
272 2593 459 2644 edidisse,
490 2607 587 2634 vere
613 2593 750 2634 divina
780 2595 983 2648 sapientia
1014 2595 1312 2646 conditorum,
1341 2594 1383 2635 in
1415 2594 1515 2651 qui-

44 2650 122 2692 bus
150 2650 332 2692 invenies
358 2649 596 2691 discendam
623 2650 706 2691 viri
737 2650 950 2691 virtutem.
1404 2656 1407 2660 '

154 2733 304 2778 Mundi
331 2749 440 2775 anno
471 2733 595 2785 5868,
624 2733 788 2775 divinae
818 2735 1117 2775 incarnationis
1145 2749 1255 2774 anno
1276 2732 1375 2786 368,
1402 2735 1515 2774 Mes-

46 2789 299 2833 salianorum
331 2790 536 2841 haeresis,
578 2790 620 2831 id
659 2799 719 2834 est
759 2791 1044 2834 Euchetarum
1073 2798 1115 2832 et
1141 2790 1512 2840 Enthusiastarum,
