1768 3268
552 219 620 262 Ex
669 218 1014 263 THEOPHANE.
1411 218 1470 263 2¹
1483 219 1505 261 1

50 333 266 375 diluebant
292 332 568 388 baptismum,
611 339 654 375 et
679 332 943 375 comedentes
971 333 1101 374 sancti
1130 334 1313 375 muneris
1340 333 1515 389 partici-

51 392 275 444 pabantur,
306 396 348 430 et
368 390 710 431 contaminabant
737 390 873 431 fidem.
936 403 1072 445 porro
1100 391 1290 431 Montani
1320 391 1515 431 divinan⁴

52 453 112 486 tes
140 446 232 496 sibi,
260 453 304 487 et
333 446 580 487 diffinientes
607 442 758 498 diem,'
786 447 936 487 domos
985 446 1243 487 introierunt
1271 448 1411 488 errori
1438 459 1515 486 suo

52 503 286 556 deputatas,
315 509 358 543 et
387 502 666 543 incenderunt
697 510 828 544 semet
857 504 983 558 ipsos.

167 586 287 625 Anno
319 585 485 641 imperii
502 585 653 626 Leonis
682 586 860 640 septimo
895 585 1069 627 iudaeus
1098 584 1282 640 quidam,
1316 584 1519 625 oriundus

58 655 107 681 ex
123 641 329 682 Laodicea
350 642 582 683 maritimae
612 642 884 693 phoeniciae,
914 642 1134 691 maleficus,
1165 642 1331 681 veniens
1360 642 1412 680 ad
1442 641 1521 680 Hi-

53 695 120 736 zid
150 698 411 751 repromittit
439 713 533 739 eum
569 698 845 754 quadraginta
887 698 1005 738 annis
1043 704 1309 738 retenturum
1338 697 1521 736 Arabum

54 753 360 807 principatum,
388 754 422 795 si
451 754 729 806 venerabiles,
765 770 872 810 quae
906 755 946 795 in
979 754 1156 794 ecclesiis
1187 753 1522 794 Christianorum

54 809 96 848 in
125 815 220 849 toto
263 810 507 865 principatu
543 825 619 851 suo
648 811 842 865 imagines
884 811 1230 864 honorabantur,
1273 810 1520 864 deponeret.

57 864 155 905 hnic
184 867 325 921 itaque
365 866 539 906 stolidus
577 868 749 907 credens
779 867 900 907 Hizid
942 867 1127 908 edictum
1155 867 1348 920 generale
1375 869 1524 905 contra

54 928 212 961 sanctas
242 921 439 976 imagines
460 923 759 977 promulgavit.
818 922 888 963 sed
909 923 1045 977 gratia
1077 923 1236 962 domini
1270 921 1405 963 nostri
1438 922 1525 960 lesu
1539 927 1662 977 p.618

58 976 227 1029 Christi,
258 983 301 1018 et
330 978 695 1019 intercessionibus
726 978 1001 1033 incorruptae
1031 979 1174 1019 matris
1201 979 1286 1019 eins
1315 977 1527 1019 omnium-

54 1047 138 1088 que
165 1041 423 1086 sanctorum,
455 1034 604 1075 eodem
626 1050 735 1075 anno
765 1043 955 1075 mortuus
974 1042 1035 1074 est
1062 1033 1195 1085 Hizid,
1227 1035 1419 1089 pluribus
1451 1033 1529 1072 ad-

57 1089 140 1129 lmc
169 1104 247 1134 nec
277 1091 426 1131 audire
466 1091 694 1131 valentibus
734 1092 972 1131 Satanicum
1005 1090 1128 1145 ipsius
1171 1090 1369 1131 edictum.
1426 1103 1531 1144 per-

62 1153 186 1200 cepta
213 1161 319 1187 vero
349 1161 488 1186 amara
520 1147 594 1187 ista
640 1153 683 1188 et
711 1147 851 1187 illicita
889 1162 1069 1202 nequam
1112 1147 1307 1187 doctrina
1336 1148 1423 1187 Leo
1454 1146 1532 1185 im·

56 1208 236 1255 perator
267 1202 500 1243 multorum
532 1203 651 1243 nobis
675 1218 797 1243 causa
823 1203 1032 1243 malorum
1060 1203 1229 1244 effectus
1260 1208 1333 1244 cst.
1389 1215 1526 1257 porro

54 1272 151 1298 cum
178 1259 400 1300 invenisset
419 1258 808 1313 indisciplinationis
831 1259 952 1300 huius
973 1266 1300 1300 consentaneum
1319 1257 1527 1314 quendam

55 1314 164 1354 Bisir
192 1315 387 1365 nomine,
424 1315 498 1370 qni
538 1321 655 1355 natus
695 1315 866 1371 quidem
910 1330 957 1356 ex
990 1315 1231 1355 Christianis
1275 1316 1427 1364 fuerat,
1457 1313 1528 1354 sed

56 1371 247 1424 captivus
277 1371 319 1410 in
348 1371 514 1427 Syriam
540 1372 688 1412 ductus
721 1373 868 1426 refuga
899 1374 930 1421 ·)
966 1371 1077 1421 fidei,
1106 1385 1214 1427 qnae
1243 1378 1303 1411 est
1330 1371 1371 1410 in
1402 1370 1531 1410 Chri-

55 1432 193 1478 stum,
232 1433 423 1482 repertus
465 1434 551 1479 est,
591 1428 861 1483 Arabumque
901 1427 1095 1482 dogmata
1138 1428 1292 1468 sectari
1319 1426 1531 1480 apparuit.

57 1488 154 1524 ante
195 1489 359 1537 tempus
403 1497 506 1524 vero
550 1498 635 1524 non
676 1484 853 1524 multum
893 1484 944 1523 ab
985 1483 1154 1524 illorum
1189 1483 1393 1524 servitute
1423 1482 1532 1522 liber

58 1539 243 1590 effectus,
277 1553 374 1580 cum
404 1539 580 1580 venisset
609 1539 661 1580 ad
696 1555 784 1581 rem
805 1540 1015 1594 publicam
1030 1541 1334 1590 Romanorum,
1363 1538 1419 1579 ob
1452 1552 1530 1579 ro-

58 1595 144 1635 bur
173 1595 368 1651 corporis
408 1602 451 1636 et
486 1610 732 1637 consensum
761 1611 917 1651 pravae
964 1596 1173 1650 opinionis
1205 1595 1439 1635 honoratus
1468 1600 1529 1634 est

58 1651 110 1690 ab
138 1652 288 1692 eodem
321 1653 485 1700 Leone;
517 1653 590 1708 qui
620 1658 663 1693 et
680 1651 929 1708 imperatori
962 1654 1103 1692 fautor
1133 1653 1174 1692 in
1206 1664 1357 1706 magno
1386 1650 1529 1690 buius-

61 1707 175 1747 modi
208 1707 375 1762 piaculo
407 1709 538 1750 factus
569 1715 642 1750 est.
699 1708 990 1750 concordabat
1019 1716 1157 1749 autem
1188 1709 1225 1748 ei
1250 1715 1291 1748 ct
1312 1706 1530 1762 episcopus

58 1763 266 1816 Nacoliae,
298 1765 371 1821 qui
390 1764 760 1821 indisciplinationi
781 1765 867 1806 eins
887 1780 1063 1820 operam
1090 1765 1190 1805 dans
1213 1763 1416 1806 consimili
1445 1764 1529 1803 vita

58 1819 226 1862 vivebat
255 1835 350 1861 cum
382 1821 487 1876 ipso.

172 1904 318 1944 Mundi
349 1919 460 1945 anno
478 1903 602 1956 6216,
632 1905 799 1945 divinae
820 1904 1120 1945 incarnationis
1149 1918 1259 1945 anno
1291 1901 1387 1954 716,
1416 1916 1528 1942 anno
1543 1910 1658 1957 p.620
1694 1909 1738 1943 15

58 1973 161 1999 vero
189 1960 353 2014 imperii
385 1962 535 2001 Leonis
567 1967 718 2002 octavo
750 1967 942 2002 mortuus
979 1967 1041 2002 est
1069 1960 1190 2001 Hizid
1220 1960 1403 2001 Arabum
1435 1958 1530 2009 dux,

63 2017 131 2055 cni
160 2017 346 2057 succedit
378 2018 499 2056 Nisan
539 2016 659 2057 huius
690 2018 847 2067 frater,
877 2024 920 2057 et
946 2017 1088 2071 coepit
1112 2017 1331 2058 aedificare
1361 2031 1439 2070 per
1467 2016 1530 2055 ci-

0 2091 4 2093 ·
62 2073 207 2112 vitates
238 2079 281 2112 et
309 2073 499 2127 regiones
527 2073 697 2127 palatia,
730 2079 773 2113 et
804 2073 969 2114 novales
996 2074 1133 2113 facere
1164 2079 1205 2113 et
1233 2071 1462 2127 paradisos,
1489 2076 1533 2111 et

64 2143 191 2182 aquas
225 2128 439 2169 reducere.
471 2130 605 2170 movit
632 2130 759 2170 etiam
790 2129 920 2170 aciem
949 2137 1101 2170 contra
1127 2130 1388 2183 Romanunm,
1420 2126 1532 2168 mul-

60 2184 196 2239 tisque
226 2199 387 2236 eorum,
415 2186 487 2240 qui
517 2200 656 2226 secum
677 2193 812 2237 erant,
839 2186 990 2226 amissis
1019 2199 1207 2226 reversus
1235 2191 1308 2226 est.

172 2266 292 2303 Anno
333 2263 497 2318 imperii
540 2264 690 2305 Leonis
731 2279 844 2304 nono
896 2265 1127 2320 Gregorius
1172 2278 1281 2318 papa
1316 2264 1657 2310 Romanam-1321

58 2326 226 2374 praeest
254 2319 460 2360 ecclesiae.
518 2334 604 2375 quo
632 2320 824 2361 videlicet
854 2335 964 2360 anno
995 2320 1137 2375 coepit
1168 2320 1316 2374 impius
1345 2319 1530 2371 impera-

61 2381 135 2419 tor
166 2376 252 2416 Leo
295 2376 567 2430 depositionis
605 2382 754 2416 contra
790 2382 950 2417 sanctas
981 2382 1023 2417 et
1051 2377 1301 2417 universales
1331 2373 1530 2427 imagines

58 2432 199 2472 facere
228 2433 415 2472 verbum.
466 2433 582 2487 quod
612 2447 708 2472 cum
737 2433 946 2473 didicisset
973 2432 1204 2487 Gregorius
1236 2445 1340 2485 papa
1371 2431 1530 2468 Roma-

65 2501 140 2527 nus
168 2488 325 2528 tributa
356 2490 569 2529 Romanae
599 2489 713 2529 urhis
742 2489 964 2544 probibuit
1004 2495 1046 2529 et
1074 2489 1231 2536 ltaliae,
1267 2487 1448 2526 scribens
1477 2482 1530 2523 ad

59 2544 243 2585 Leonem
272 2545 491 2600 epistolam
529 2545 835 2600 dogmaticam,
878 2560 962 2585 non
1002 2550 1203 2600 oportere
1231 2544 1531 2597 imperatorem

108 2706 142 2751 ⁴)
169 2705 309 2755 refuga]
341 2706 588 2740 Glossarium:
619 2705 832 2749 ἀποστάτης
858 2707 994 2750 refuga.
1028 2703 1250 2737 Glossarium
1268 2700 1432 2735 Dositbei
1458 2711 1535 2733 ma-

164 2754 286 2797 gistri:
324 2760 490 2799 apostata
527 2755 663 2799 refuga.
724 2753 951 2788 Flodoardus
976 2754 1000 2786 3
1031 2751 1096 2785 18:
1123 2763 1187 2795 pro
1214 2749 1372 2796 quodam
1402 2748 1539 2789 refuga,

161 2801 225 2847 qui
254 2801 435 2847 quandam
464 2802 778 2836 sanctimonialem
804 2801 875 2836 sibi
901 2800 1145 2847 copulaverat.
1194 2798 1300 2832 Fun.
