1728 3184
651 178 852 220 ΝΟΤΑΕ.
1371 172 1471 224 473

117 287 214 343 419,
248 293 312 336 13.
368 288 442 331 τὸν
478 291 671 344 χειμῶνα
710 287 877 345 καιρόν]
914 293 1102 348 legerem
1143 294 1224 335 του
1262 273 1476 349 χειμῶνος

10 345 171 402 καιρόν.
229 347 307 389 nisi
333 346 508 388 Codices
538 347 689 403 reliqui
721 362 817 388 cum
848 324 987 403 Regio
1009 352 1297 392 convenirent.

121 421 224 472 420,
254 424 319 464 12.
396 420 456 468 εἷς
480 417 533 460 τὰ
580 419 660 460 τοῦ
693 419 937 471 Βυζαντίου
978 420 1226 474 προάστεια]
1267 424 1371 466 haec
1396 440 1480 466 una

11 491 108 517 cum
148 475 494 545 praecedentibus
532 490 663 517 annus
702 476 811 518 idem
840 477 952 531 apud
983 478 1254 520 Simocattam
1287 482 1478 547 comple-

13 535 145 573 ctitur
177 547 270 586 cap.
304 538 369 578 11.
437 532 484 573 ἐν
523 529 660 588 τούτω
702 530 754 586 δὴ
800 532 1003 589 ἐνιαυτῷ,
1032 535 1194 590 inquit,
1222 550 1283 583 εις
1311 534 1366 577 τὰ
1395 533 1478 588 πρὸ

11 589 87 629 τοῦ
116 583 265 636 ἄστεος
289 588 492 630 flanona:
521 573 741 642 noe9d⁶do¹5a
770 589 940 641 τέρατα.
996 592 1070 631 hoc
1097 593 1183 648 ipso
1212 607 1318 633 anno
1348 595 1480 634 mir-a..

13 645 118 686 bilia
138 655 322 701 portenta
350 647 396 686 in
418 646 656 687 subm-hams
679 654 868 699 generata
892 655 994 687 sunt.

128 717 337 819 422112.
375 716 594 759 ἐκέλευσεν
622 715 644 758 ὅ
673 715 877 771 βασιλεὺς
907 719 1078 777 Πέτρῳ]
1115 720 1344 762 simocatta
1367 720 1482 762 lib.7

21 790 141 830 eapp-
226 789 249 815 e

128 849 337 903 423,10.
414 849 604 908 ἧλιακόν]
644 857 839 895 solarium
886 854 988 894 illud
1024 856 1237 896 rotundum
1282 861 1490 896 memorat

19 910 272 951 Anastasius:
305 909 372 950 cui
401 924 506 950 voce
534 907 791 965 στρογγύλον
820 911 980 952 adiecta
1012 913 1199 953 nonnulli
1230 913 1355 953 codd.
1382 927 1488 952 con..

21 967 218 1007 sentiunt.
295 963 526 1017 μεσιάυλον
563 975 703 1008 autem
743 968 872 1007 basim
916 968 1120 1022 lapideam
1148 983 1270 1009 areae
1295 969 1362 1009 vel
1392 969 1490 1009 atrii

19 1023 159 1064 medio
192 1029 374 1063 erectam
408 1023 551 1063 lubens
583 1024 903 1080 interpretarer,
936 1039 1031 1064 cum
1054 1025 1098 1064 in
1130 1040 1180 1066 eo
1208 1032 1390 1067 statuam
1418 1040 1492 1066 su·-

21 1080 281 1135 perpositam
309 1079 486 1119 intuear.

133 1148 229 1209 423,
248 1160 311 1202 13.
346 1155 520 1209 Πέτρου
548 1156 626 1197 τοῦ
653 1158 893 1213 στρατηγοῦ
921 1157 1216 1214 κυνηγοῦντος]
1246 1166 1494 1214 excerptum

24 1229 48 1256 o
79 1228 203 1270 capp.
236 1215 262 1255 2
290 1212 317 1254 3
347 1209 377 1255 4
406 1220 448 1254 et
478 1213 518 1254 5.

134 1287 249 1330 Ihid.
283 1290 349 1332 18.
407 1280 575 1339 ΝοΒιίς]
608 1288 724 1327 Nova
752 1286 833 1327 alia
872 1287 915 1328 in
944 1288 1087 1330 Africa
1103 1303 1131 1329 τ’
1163 1288 1284 1329 alia
1272 1303 1316 1329 m
1339 1288 1495 1330 Moesia

23 1345 256 1399 superiore.

80 1407 93 1411 ⁹
141 1407 238 1461 424,
266 1410 294 1452 8
349 1409 392 1451 Γ
388 1409 533 1461 ενζων]
562 1410 792 1451 Simocatta
819 1410 861 1450 Γ
857 1410 1023 1461 εντζων

134 1483 245 1526 Ibid.
280 1486 347 1528 10.
407 1481 656 1550 σκριξΰῖωνα]
667 1484 734 1524 ine
768 1499 859 1538 cap.
891 1483 933 1524 3.
990 1482 1065 1524 ἕνα
1093 1480 1184 1524 twa*
1212 1483 1295 1524 τῶν
1322 1483 1403 1524 τοῦ
1419 1484 1500 1534 βα-

29 1539 180 1588 σιλέως
208 1538 598 1594 σωματοφυλάκων,
630 1536 679 1579 ὃν
704 1540 919 1592 σκρίβωνα
952 1537 1158 1591 Ῥωμαῖοι
1188 1537 1501 1589 κατονομᾰζου..

29 1609 87 1639 σι.
144 1612 263 1638 unum
300 1598 536 1654 quempiam
580 1598 844 1652 imperatoris
878 1597 1132 1648 satellitum,
1169 1611 1288 1652 quem
1327 1597 1500 1636 Romani

29 1654 255 1695 scribonem
297 1663 461 1693 vocant.
528 1653 695 1704 Suidas,
725 1654 924 1705 σκρίβων,
952 1649 976 1691 ὄ
1007 1652 1094 1692 τῶν
1122 1649 1503 1706 σωματοφυλάκων

29 1704 384 1764 ὖπερφερὸμενος,
412 1710 627 1750 satellitum
649 1711 922 1766 primicerius·
951 1708 1076 1764 plura
1092 1709 1295 1764 Rigaltius
1324 1709 1367 1747 in
1395 1708 1502 1763 glos—

32 1766 146 1807 sario
178 1766 346 1806 tactico.

142 1839 252 1882 Ibid.
288 1841 353 1883 16.
408 1834 688 1893 Βουλγαρεις]
719 1838 884 1879 incerto
905 1833 1149 1892 Βουλγαροι
1179 1843 1221 1878 et
1236 1834 1504 1890 Βουλγάρεις

34 1896 201 1938 auctori
228 1895 443 1937 scribitur.

143 1965 240 2018 425,
255 1972 320 2012 12.
354 1966 658 2023 Πηρεγάστου]
671 1967 915 2020 simocatta,
933 1963 1251 2022 Πειραγάστου,
1270 1967 1505 2021 Per-gasnan

32 2025 180 2067 scribit
210 2026 455 2066 Anastasius.

143 2099 254 2140 lbid.
287 2097 352 2138 14.
421 2098 529 2138 KH.
559 2096 783 2146 ἐπίσκοπος
811 2094 1052 2150 Κυριακός]
1097 2102 1193 2136 ante
1220 2110 1347 2135 annos
1377 2100 1506 2149 quat-

33 2160 135 2195 tuor
179 2157 379 2195 [oannem
429 2154 510 2195 CP.
561 2155 807 2209 episcopum
855 2154 1006 2195 obiisse
1056 2153 1237 2193 affirmat
1275 2152 1504 2192 simocatta

33 2225 127 2266 cap.
155 2210 198 2252 6.

146 2280 339 2338 426,10.
398 2283 591 2335 Πρίσκος
621 2280 854 2336 στρατηγὸς
883 2283 1073 2335 ἐξῆλθεν]
1103 2281 1274 2322 alterius
1303 2280 1400 2321 anni
1430 2294 1505 2333 ge..

33 2346 93 2382 sta
124 2340 337 2381 declarant
363 2339 467 2380 haec
492 2341 744 2380 Simocattae
771 2341 899 2380 verba
930 2341 1001 2380 iib.
1019 2339 1044 2380 7
1076 2353 1167 2392 cap.
1197 2337 1237 2377 7.
1294 2329 1397 2389 ἦρος
1423 2334 1505 2388 ἀρ-

32 2395 232 2449 χοιιὲνου,
261 2397 336 2437 καί
363 2411 384 2435 ο
417 2393 612 2447 Πρίσκος
639 2396 715 2436 τοῦ
740 2395 981 2446 Βυζαντίου
1012 2392 1235 2450 αποφοιτᾷ.
1293 2393 1409 2432 initio
1437 2406 1506 2431 oe-

33 2456 93 2493 ris
124 2454 287 2494 Priscus
314 2454 523 2505 Byzantio
564 2451 754 2492 discedit.
824 2453 1032 2493 decimum
1069 2459 1111 2492 et
1137 2449 1403 2491 undecimum
1433 2461 1508 2487 ca-

34 2509 125 2564 pita
156 2510 451 2564 compendiose
480 2509 548 2550 hic
578 2509 826 2549 recitantur.

148 2582 255 2623 Ibid.
291 2585 356 2627 13.
413 2580 473 2630 εἷς
500 2579 649 2632 νομάς]
680 2581 808 2636 magis
838 2580 998 2622 arridet
1024 2576 1175 2631 ι’όβας,
1219 2578 1286 2617 vel
1316 2571 1455 2628 νοβᾰς,
1483 2591 1508 2619 a

34 2637 163 2679 Barb.
192 2642 235 2679 et
264 2639 437 2695 Peyrez.
467 2638 572 2679 lecta
604 2638 758 2678 dictio.
788 2637 840 2678 de
870 2653 953 2692 qua
983 2636 1036 2676 ad
1065 2649 1158 2690 pag.
1188 2636 1284 2678 231-

147 2710 339 2762 427,11.
411 2710 697 2762 δουλομένας]
741 2711 923 2764 vulgaris
964 2709 1156 2763 loquelae
1195 2706 1378 2746 barbara
1414 2719 1505 2745 vox.

37 2769 276 2809 correctior
294 2768 463 2824 Peyrez.
482 2767 766 2819 ὁουλωμένας,
798 2767 860 2808 vel
875 2767 1000 2807 Ba1b
1035 2762 1335 2815 δουλουμένοις,
1365 2775 1510 2802 emen-
