1728 3242
206 178 302 226 v216
419 180 700 224 ANASTAsn
742 179 1002 223 HISTORIA
1043 174 1457 221 ECCLESlASTlCA

203 305 292 338 tota
323 296 436 336 ltalia
467 296 518 337 ab
548 295 653 337 illius
673 296 849 349 imperio
883 290 1079 334 recedere
1107 292 1268 333 faciens.
1330 289 1532 330 insaniens
1561 305 1662 343 ergo

204 363 403 408 tyrannus
433 360 581 392 contra
601 353 855 393 venerabiles
878 350 1069 404 imagines
1099 347 1433 402 persecutionem
1459 347 1660 387 extendit.

203 423 334 463 porro
378 409 496 448 multi
536 409 677 449 clerici
707 415 749 448 et
779 406 972 448 monachi
1004 413 1045 446 et
1093 403 1271 458 religiosi
1309 403 1401 443 laici
1431 417 1514 457 pro
1546 409 1664 443 recto

203 465 427 520 periclitati
457 470 553 504 suut
586 465 729 504 verbo.

309 537 455 578 Mundi
483 552 591 577 anno
620 535 741 586 6222,
767 536 932 576 divinae
952 531 1247 573 incarnationis
1278 545 1387 571 anno
1419 531 1514 580 722,
1550 545 1659 571 anno

198 609 301 635 vero
335 594 495 647 imperii
526 593 674 633 Leonis
709 589 758 632 14
788 590 1014 631 Anastasius
1029 588 1447 640 constantinopoleos
1488 588 1667 629 habetur

201 651 365 691 antistes
397 650 640 699 haereticus,
657 648 729 703 qui
750 647 802 688 24
818 647 930 686 annis
961 644 1143 699 praefuit
1174 644 1379 684 eeclesiae.
1436 643 1519 684 hoc
1554 659 1665 699 quo-

201 718 283 761 que
314 721 421 746 anino
462 706 592 745 movit
622 704 831 745 Masalmas
873 702 1098 742 exercitum
1137 706 1285 740 contra
1316 701 1559 740 Romaniam
1579 731 1590 751 ‚
1623 707 1666 740 et

201 778 297 802 cum
336 761 509 803 venisset
549 761 591 800 in
626 759 958 815 Cappadociam,
1001 757 1098 797 dolo
1139 757 1251 811 cepit
1290 756 1561 796 Charsianum
1591 771 1667 797 ca-

140 848 142 852 ·
200 826 345 859 strum.

313 899 430 936 Anno
462 895 626 949 imperii
667 895 816 934 Leonis
862 893 910 932 15
943 891 1156 932 Masalmas
1186 896 1318 930 castra
1348 891 1482 930 movit
1513 897 1665 932 contra

199 953 435 1002 Thraciam,
468 957 508 992 et
536 967 628 990 cum
657 950 911 1004 pervenisset
942 963 1072 1003 usque
1115 946 1166 987 ad
1196 947 1360 1003 Caspias
1391 955 1551 1002 portaS,
1578 963 1666 989 me-

201 1017 320 1051 tuens
349 1008 443 1049 inde
475 1021 661 1047 reversus
692 1013 767 1046 est.

63 1100 98 1135 p.
118 1088 186 1123 631
311 1089 429 1128 Anno
462 1085 624 1140 imperii
653 1084 715 1124 sui
748 1082 798 1124 16
829 1085 912 1123 Leo
942 1082 1176 1136 imperator
1202 1082 1328 1122 filiam
1361 1080 1531 1136 chagani
1563 1082 1666 1137 Scy-

201 1143 367 1183 tharum
397 1143 545 1182 arbitri
578 1141 663 1181 filio
702 1155 777 1181 suo
810 1139 1100 1189 Constantino,
1129 1153 1223 1179 cum
1252 1138 1359 1178 hanc
1390 1138 1666 1178 Christianam

198 1200 371 1249 fecisset,
400 1199 669 1239 matrimonio
701 1196 890 1246 sociavit,
923 1196 1138 1236 nominans
1168 1209 1259 1235 eam
1290 1195 1513 1235 Heirenen.
1557 1209 1666 1250 quae

199 1270 292 1295 cum
327 1270 459 1295 sacras
510 1255 667 1294 litteras
712 1253 943 1303 didicisset,
984 1252 1130 1306 pietati
1160 1251 1257 1291 dans
1289 1265 1462 1305 operam
1495 1251 1663 1300 claruit,

196 1311 272 1352 hos
302 1311 522 1366 impietatis
551 1309 815 1364 redarguens.
874 1308 1058 1349 Mauhias
1080 1322 1182 1348 vero
1215 1307 1320 1347 filius
1348 1307 1502 1347 Hisami
1533 1307 1666 1348 aciem

197 1372 348 1407 contra
372 1366 627 1415 Romaniam,
645 1366 807 1417 direxit,
840 1372 882 1407 et
912 1364 1079 1406 veniens
1101 1378 1234 1418 usque
1262 1364 1304 1403 in
1335 1363 1666 1419 Paphlagoniam

197 1423 352 1478 praeda
381 1438 474 1463 cum
506 1423 635 1463 multa
666 1422 806 1467 rediit.
879 1429 941 1462 ast
970 1422 1202 1476 imperator
1232 1426 1383 1461 contra
1415 1435 1569 1474 papam
1598 1425 1668 1459 at-

198 1495 281 1534 que
310 1494 512 1520 recessum
553 1481 710 1519 Romae
759 1493 807 1519 ac
835 1478 978 1520 ltaliae
1018 1476 1250 1527 saeviebat,
1292 1482 1667 1532 constructumque

196 1537 348 1576 stolum
375 1551 567 1590 magnum
598 1534 748 1576 direxit
775 1535 968 1576 adversus
1001 1549 1095 1584 eos,
1135 1534 1286 1574 Manen
1319 1538 1563 1587 praetorem
1594 1532 1669 1572 Ci-

199 1593 538 1647 byraeotensium
582 1599 710 1646 caput
751 1592 792 1632 in
834 1592 889 1632 eis
926 1591 1194 1632 constituens.
1266 1594 1369 1630 tunc
1396 1591 1669 1643 impugnator

202 1647 268 1687 dei
299 1647 550 1702 peramplius
571 1648 762 1697 saeviens,
792 1663 887 1688 cum
902 1647 1082 1688 Arabico
1109 1660 1228 1686 sensu
1249 1652 1479 1696 teneretur,
1508 1646 1669 1686 tributa

201 1704 396 1758 capitalia
424 1703 574 1744 tertiae
602 1704 713 1758 parti
742 1704 908 1746 Siciliae
938 1720 1010 1745 seu
1039 1703 1256 1744 Calabriae
1281 1702 1431 1756 populi
1461 1702 1668 1756 superim-

203 1760 355 1814 posuit.
414 1774 461 1799 ea
486 1774 588 1800 vero
618 1775 723 1815 quae
754 1761 953 1801 dicuntur
994 1758 1248 1815 patrimonia
1276 1765 1519 1799 sanctorum
1546 1759 1669 1813 prin-

203 1816 344 1869 cipum
377 1816 677 1870 apostolorum,
706 1832 811 1872 quae
841 1818 893 1858 ab
924 1817 1024 1857 olim
1054 1815 1230 1858 ecclesiis
1257 1814 1349 1854 auri
1380 1814 1596 1855 dimidium
1628 1820 1671 1853 et

203 1872 285 1912 tria
314 1872 584 1912 conferebant
613 1873 794 1920 talenta,
839 1874 1033 1928 publicae
1078 1871 1234 1914 rationi
1273 1871 1407 1912 exolvi
1436 1872 1668 1925 praecepit,

203 1928 468 1969 considerare
516 1929 638 1968 etiam
676 1935 802 1984 atque
843 1930 1080 1971 describere
1124 1934 1243 1968 natos
1271 1942 1405 1969 mares
1433 1929 1590 1980 iubens,
1624 1932 1669 1966 ut

200 1983 364 2024 Pharao
396 1984 604 2039 quondam
632 1999 700 2025 eos
731 1986 802 2040 qui
848 1992 969 2026 erant
1000 2001 1046 2026 ex
1071 1983 1292 2032 Hebraeis3
1335 1984 1450 2039 quod
1482 1999 1559 2024 nec
1590 1983 1668 2038 ipsi

202 2039 388 2093 magistri
426 2042 508 2080 eius
539 2042 690 2082 Arabes
729 2042 771 2082 in
808 2042 1086 2093 Christianos,
1130 2040 1204 2096 qui
1246 2039 1289 2080 in
1331 2041 1415 2082 eois
1447 2046 1543 2081 sunt
1571 2041 1668 2090 oris,

202 2096 340 2137 secisse
367 2101 606 2136 noscuntur.

21 2184 137 2231 p·632
165 2183 188 2218 3
315 2186 434 2225 Anno
479 2185 641 2239 imperii
680 2187 827 2228 Leonis
874 2187 922 2228 17
953 2188 1064 2228 facta
1102 2194 1163 2228 est
1198 2185 1431 2227 mortalitas
1461 2186 1501 2226 in
1531 2185 1670 2243 Syria,

199 2241 405 2297 multique
437 2241 669 2295 perierunt.

313 2317 432 2354 Anno
463 2313 627 2367 imperii
655 2315 803 2355 Leonis
835 2315 883 2356 18
917 2317 1137 2358 Zacharias
1162 2319 1320 2358 Romae
1340 2316 1504 2371 praesul
1534 2315 1670 2355 habe-

200 2375 291 2418 tur·,
336 2371 567 2425 eodemque
604 2385 711 2410 anno
751 2371 999 2413 Theodorus
1041 2376 1211 2414 Mansur
1258 2373 1299 2413 in
1331 2373 1497 2414 exilium
1527 2372 1668 2411 missus

198 2433 259 2465 est
288 2427 400 2480 apud
418 2426 581 2466 climata
603 2426 744 2477 eremi,
776 2434 816 2467 et
846 2429 1001 2469 factum
1021 2436 1080 2470 est
1107 2430 1269 2484 signum
1290 2430 1330 2469 in
1355 2430 1470 2471 caelo
1499 2428 1667 2484 igneum

200 2483 484 2536 resplendens,
515 2488 556 2522 et
584 2483 770 2522 Mauhias
805 2484 937 2525 Asiam
969 2486 1246 2541 depopulatus
1278 2493 1351 2530 est.

310 2567 429 2605 Anno
452 2565 616 2619 imperii
638 2566 785 2606 Leonis
813 2566 861 2607 19
892 2569 1024 2609 movit
1048 2571 1278 2610 exercitum
1301 2568 1537 2610 Sulehiman
1562 2567 1667 2607 filius

200 2620 340 2660 Hisam
371 2620 565 2663 adversus
593 2623 888 2662 Armeniorum
921 2627 1146 2680 regionem,
1178 2633 1220 2667 et
1250 2625 1352 2666 nihil
1382 2625 1581 2679 profecit.

310 2704 427 2743 Anno
461 2706 625 2760 imperii
663 2706 812 2746 Leonis
842 2707 890 2746 21
935 2709 1171 2750 Sulehiman
1202 2709 1340 2749 multis
1370 2709 1410 2748 in
1441 2707 1665 2762 captivita-

199 2764 283 2800 tem
313 2775 361 2800 cx
394 2762 484 2801 Asia
532 2762 680 2815 ductis,
722 2762 928 2818 quendam
965 2780 1134 2823 quoque
1165 2767 1471 2823 Pergamenum
1505 2765 1667 2823 pariter
