<?xml version="1.0" encoding="UTF-8"?>
<!DOCTYPE html PUBLIC "-//W3C//DTD XHTML 1.0 Transitional//EN"
    "http://www.w3.org/TR/xhtml1/DTD/xhtml1-transitional.dtd">
<html xmlns="http://www.w3.org/1999/xhtml" xml:lang="en" lang="en">
 <head>
  <title>
</title>
<meta http-equiv="Content-Type" content="text/html;charset=utf-8" />
  <meta name='ocr-system' content='tesseract 3.04.00' />
  <meta name='ocr-capabilities' content='ocr_page ocr_carea ocr_par ocr_line ocrx_word'/>
</head>
<body>
  <div class='ocr_page' id='page_1' title='image "./corpusscriptorum47niebuoft_0209.png"; bbox 0 0 1768 3268; ppageno 0'>
   <div class='ocr_carea' id='block_1_1' title="bbox 563 201 1519 250">
    <p class='ocr_par' dir='ltr' id='par_1_1' title="bbox 563 201 1519 250">
     <span class='ocr_line' id='line_1_1' title="bbox 563 201 1519 250; baseline -0.001 -2"><span class='ocrx_word' id='word_1_1' title='bbox 563 209 631 248; x_wconf 81' lang='lat' dir='ltr'><strong>Ex</strong></span> <span class='ocrx_word' id='word_1_2' title='bbox 682 209 1022 250; x_wconf 76' lang='lat' dir='ltr'><strong>THEOPHANE.</strong></span> <span class='ocrx_word' id='word_1_3' title='bbox 1429 201 1519 248; x_wconf 81' lang='lat'><strong>199</strong></span> 
     </span>
    </p>
   </div>
   <div class='ocr_carea' id='block_1_2' title="bbox 67 321 1526 546">
    <p class='ocr_par' dir='ltr' id='par_1_2' title="bbox 67 321 1526 546">
     <span class='ocr_line' id='line_1_2' title="bbox 69 321 1524 377; baseline -0.001 -15"><span class='ocrx_word' id='word_1_4' title='bbox 69 336 202 373; x_wconf 87' lang='lat' dir='ltr'><strong>renos,</strong></span> <span class='ocrx_word' id='word_1_5' title='bbox 238 322 380 363; x_wconf 81' lang='lat' dir='ltr'><strong>sistens</strong></span> <span class='ocrx_word' id='word_1_6' title='bbox 420 321 685 363; x_wconf 79' lang='lat' dir='ltr'>arcobalistas</span> <span class='ocrx_word' id='word_1_7' title='bbox 731 329 774 363; x_wconf 90' lang='lat' dir='ltr'><strong>et</strong></span> <span class='ocrx_word' id='word_1_8' title='bbox 813 337 1015 377; x_wconf 84' lang='lat' dir='ltr'><strong>mangana</strong></span> <span class='ocrx_word' id='word_1_9' title='bbox 1055 322 1096 362; x_wconf 90' lang='lat' dir='ltr'><strong>in</strong></span> <span class='ocrx_word' id='word_1_10' title='bbox 1124 323 1310 363; x_wconf 87' lang='lat' dir='ltr'><strong>turribus</strong></span> <span class='ocrx_word' id='word_1_11' title='bbox 1334 329 1374 363; x_wconf 85' lang='lat' dir='ltr'><strong>et</strong></span> <span class='ocrx_word' id='word_1_12' title='bbox 1400 335 1524 375; x_wconf 76' lang='lat' dir='ltr'><strong>argu-</strong></span> 
     </span>
     <span class='ocr_line' id='line_1_3' title="bbox 67 377 1526 433; baseline -0.002 -15"><span class='ocrx_word' id='word_1_13' title='bbox 67 385 270 419; x_wconf 86' lang='lat' dir='ltr'><strong>mentosas</strong></span> <span class='ocrx_word' id='word_1_14' title='bbox 307 378 403 418; x_wconf 87' lang='lat' dir='ltr'><strong>alias</strong></span> <span class='ocrx_word' id='word_1_15' title='bbox 442 377 675 426; x_wconf 82' lang='lat' dir='ltr'><strong>machinas;</strong></span> <span class='ocrx_word' id='word_1_16' title='bbox 722 384 763 419; x_wconf 86' lang='lat' dir='ltr'><strong>et</strong></span> <span class='ocrx_word' id='word_1_17' title='bbox 804 379 1033 419; x_wconf 86' lang='lat' dir='ltr'><strong>secundum</strong></span> <span class='ocrx_word' id='word_1_18' title='bbox 1071 379 1186 433; x_wconf 88' lang='lat' dir='ltr'><strong>quod</strong></span> <span class='ocrx_word' id='word_1_19' title='bbox 1223 379 1416 432; x_wconf 77' lang='lat' dir='ltr'><strong>possibile</strong></span> <span class='ocrx_word' id='word_1_20' title='bbox 1450 377 1526 416; x_wconf 86' lang='lat' dir='ltr'><strong>sibi</strong></span> 
     </span>
     <span class='ocr_line' id='line_1_4' title="bbox 67 433 1525 489; baseline -0.001 -15"><span class='ocrx_word' id='word_1_21' title='bbox 67 440 159 475; x_wconf 84' lang='lat' dir='ltr'><strong>erat</strong></span> <span class='ocrx_word' id='word_1_22' title='bbox 186 434 333 475; x_wconf 90' lang='lat' dir='ltr'><strong>urbem</strong></span> <span class='ocrx_word' id='word_1_23' title='bbox 359 434 547 484; x_wconf 84' lang='lat' dir='ltr'><strong>munivit,</strong></span> <span class='ocrx_word' id='word_1_24' title='bbox 578 434 800 489; x_wconf 78' lang='lat' dir='ltr'><strong>frugesque</strong></span> <span class='ocrx_word' id='word_1_25' title='bbox 829 434 1026 489; x_wconf 87' lang='lat' dir='ltr'><strong>plurimas</strong></span> <span class='ocrx_word' id='word_1_26' title='bbox 1058 436 1100 474; x_wconf 92' lang='lat' dir='ltr'><strong>in</strong></span> <span class='ocrx_word' id='word_1_27' title='bbox 1130 435 1333 489; x_wconf 83' lang='lat' dir='ltr'><strong>regalibus</strong></span> <span class='ocrx_word' id='word_1_28' title='bbox 1363 433 1525 474; x_wconf 81' lang='lat' dir='ltr'>horreis</span> 
     </span>
     <span class='ocr_line' id='line_1_5' title="bbox 67 490 1041 546; baseline 0.001 -17"><span class='ocrx_word' id='word_1_29' title='bbox 67 490 223 544; x_wconf 82' lang='lat' dir='ltr'><strong>posuit,</strong></span> <span class='ocrx_word' id='word_1_30' title='bbox 251 496 377 546; x_wconf 88' lang='lat' dir='ltr'><strong>atque</strong></span> <span class='ocrx_word' id='word_1_31' title='bbox 403 491 579 530; x_wconf 90' lang='lat' dir='ltr'><strong>munitas</strong></span> <span class='ocrx_word' id='word_1_32' title='bbox 607 490 771 531; x_wconf 88' lang='lat' dir='ltr'><strong>sibimet</strong></span> <span class='ocrx_word' id='word_1_33' title='bbox 799 490 1041 531; x_wconf 73' lang='lat' dir='ltr'><strong>reservavit.</strong></span> 
     </span>
    </p>
   </div>
   <div class='ocr_carea' id='block_1_3' title="bbox 62 556 1664 2860">
    <p class='ocr_par' dir='ltr' id='par_1_3' title="bbox 62 556 1664 2860">
     <span class='ocr_line' id='line_1_6' title="bbox 178 556 1530 612; baseline 0.002 -16"><span class='ocrx_word' id='word_1_34' title='bbox 178 559 297 598; x_wconf 92' lang='lat' dir='ltr'><strong>Anno</strong></span> <span class='ocrx_word' id='word_1_35' title='bbox 329 558 492 611; x_wconf 86' lang='lat' dir='ltr'><strong>imperii</strong></span> <span class='ocrx_word' id='word_1_36' title='bbox 522 557 709 608; x_wconf 86' lang='lat' dir='ltr'><strong>Artemii,</strong></span> <span class='ocrx_word' id='word_1_37' title='bbox 744 557 814 612; x_wconf 89' lang='lat' dir='ltr'><strong>qui</strong></span> <span class='ocrx_word' id='word_1_38' title='bbox 845 563 885 598; x_wconf 89' lang='lat' dir='ltr'><strong>et</strong></span> <span class='ocrx_word' id='word_1_39' title='bbox 915 557 1147 597; x_wconf 68' lang='lat' dir='ltr'><strong>Anastasius</strong></span> <span class='ocrx_word' id='word_1_40' title='bbox 1178 556 1310 597; x_wconf 82' lang='lat' dir='ltr'><strong>dictus</strong></span> <span class='ocrx_word' id='word_1_41' title='bbox 1340 565 1422 609; x_wconf 80' lang='lat' dir='ltr'><strong>est,</strong></span> <span class='ocrx_word' id='word_1_42' title='bbox 1463 571 1530 598; x_wconf 81' lang='lat' dir='ltr'><strong>sc-</strong></span> 
     </span>
     <span class='ocr_line' id='line_1_7' title="bbox 68 612 1527 668; baseline -0.002 -15"><span class='ocrx_word' id='word_1_43' title='bbox 68 613 207 653; x_wconf 89' lang='lat' dir='ltr'><strong>cundo</strong></span> <span class='ocrx_word' id='word_1_44' title='bbox 235 620 425 654; x_wconf 90' lang='lat' dir='ltr'><strong>mortuus</strong></span> <span class='ocrx_word' id='word_1_45' title='bbox 455 619 515 653; x_wconf 88' lang='lat' dir='ltr'><strong>est</strong></span> <span class='ocrx_word' id='word_1_46' title='bbox 540 612 694 654; x_wconf 88' lang='lat' dir='ltr'><strong>Vhalid</strong></span> <span class='ocrx_word' id='word_1_47' title='bbox 721 614 904 653; x_wconf 81' lang='lat' dir='ltr'><strong>Arabum</strong></span> <span class='ocrx_word' id='word_1_48' title='bbox 933 613 1027 664; x_wconf 88' lang='lat' dir='ltr'><strong>dux,</strong></span> <span class='ocrx_word' id='word_1_49' title='bbox 1061 619 1102 653; x_wconf 90' lang='lat' dir='ltr'><strong>et</strong></span> <span class='ocrx_word' id='word_1_50' title='bbox 1120 613 1303 653; x_wconf 88' lang='lat' dir='ltr'><strong>Suliman</strong></span> <span class='ocrx_word' id='word_1_51' title='bbox 1335 614 1374 653; x_wconf 90' lang='lat' dir='ltr'><strong>in</strong></span> <span class='ocrx_word' id='word_1_52' title='bbox 1407 614 1527 668; x_wconf 90' lang='lat' dir='ltr'><strong>prin-</strong></span> 
     </span>
     <span class='ocr_line' id='line_1_8' title="bbox 67 669 1530 725; baseline -0.001 -15"><span class='ocrx_word' id='word_1_53' title='bbox 67 669 210 723; x_wconf 79' lang='lat' dir='ltr'><strong>cipatu</strong></span> <span class='ocrx_word' id='word_1_54' title='bbox 236 669 432 720; x_wconf 85' lang='lat' dir='ltr'><strong>succedit,</strong></span> <span class='ocrx_word' id='word_1_55' title='bbox 464 669 537 725; x_wconf 87' lang='lat' dir='ltr'><strong>qui</strong></span> <span class='ocrx_word' id='word_1_56' title='bbox 575 669 709 710; x_wconf 82' lang='lat' dir='ltr'><strong>tribus</strong></span> <span class='ocrx_word' id='word_1_57' title='bbox 742 669 926 723; x_wconf 83' lang='lat' dir='ltr'><strong>praefuit</strong></span> <span class='ocrx_word' id='word_1_58' title='bbox 967 669 1096 709; x_wconf 90' lang='lat' dir='ltr'><strong>annis.</strong></span> <span class='ocrx_word' id='word_1_59' title='bbox 1155 670 1384 710; x_wconf 84' lang='lat' dir='ltr'><strong>Germanus</strong></span> <span class='ocrx_word' id='word_1_60' title='bbox 1419 686 1530 724; x_wconf 87' lang='lat' dir='ltr'><strong>qno—</strong></span> 
     </span>
     <span class='ocr_line' id='line_1_9' title="bbox 67 725 1529 781; baseline 0.001 -16"><span class='ocrx_word' id='word_1_61' title='bbox 67 740 150 781; x_wconf 90' lang='lat' dir='ltr'><strong>que</strong></span> <span class='ocrx_word' id='word_1_62' title='bbox 179 725 664 780; x_wconf 85' lang='lat' dir='ltr'><strong>Constantinopolitanus</strong></span> <span class='ocrx_word' id='word_1_63' title='bbox 691 725 873 766; x_wconf 85' lang='lat' dir='ltr'><strong>habetur</strong></span> <span class='ocrx_word' id='word_1_64' title='bbox 902 726 1082 776; x_wconf 87' lang='lat' dir='ltr'><strong>antistes,</strong></span> <span class='ocrx_word' id='word_1_65' title='bbox 1109 725 1181 780; x_wconf 90' lang='lat' dir='ltr'><strong>qui</strong></span> <span class='ocrx_word' id='word_1_66' title='bbox 1206 725 1339 765; x_wconf 88' lang='lat' dir='ltr'><strong>eidem</strong></span> <span class='ocrx_word' id='word_1_67' title='bbox 1371 725 1529 766; x_wconf 79' lang='lat' dir='ltr'>throno</span> 
     </span>
     <span class='ocr_line' id='line_1_10' title="bbox 67 781 1530 837; baseline 0.001 -17"><span class='ocrx_word' id='word_1_68' title='bbox 67 781 305 836; x_wconf 87' lang='lat' dir='ltr'><strong>quindecim</strong></span> <span class='ocrx_word' id='word_1_69' title='bbox 334 781 542 836; x_wconf 83' lang='lat' dir='ltr'><strong>praesedit</strong></span> <span class='ocrx_word' id='word_1_70' title='bbox 584 782 712 822; x_wconf 89' lang='lat' dir='ltr'><strong>annis.</strong></span> <span class='ocrx_word' id='word_1_71' title='bbox 784 781 932 822; x_wconf 90' lang='lat' dir='ltr'><strong>eodem</strong></span> <span class='ocrx_word' id='word_1_72' title='bbox 963 796 1134 837; x_wconf 85' lang='lat' dir='ltr'><strong>quoque</strong></span> <span class='ocrx_word' id='word_1_73' title='bbox 1171 796 1279 822; x_wconf 89' lang='lat' dir='ltr'><strong>anno</strong></span> <span class='ocrx_word' id='word_1_74' title='bbox 1312 782 1530 822; x_wconf 83' lang='lat' dir='ltr'><strong>translatus</strong></span> 
     </span>
     <span class='ocr_line' id='line_1_11' title="bbox 67 838 1531 893; baseline -0.001 -16"><span class='ocrx_word' id='word_1_75' title='bbox 67 843 128 877; x_wconf 83' lang='lat' dir='ltr'><strong>est</strong></span> <span class='ocrx_word' id='word_1_76' title='bbox 153 852 177 877; x_wconf 81' lang='lat' dir='ltr'><strong>a</strong></span> <span class='ocrx_word' id='word_1_77' title='bbox 204 838 356 893; x_wconf 81' lang='lat' dir='ltr'><strong>Cyzico</strong></span> <span class='ocrx_word' id='word_1_78' title='bbox 386 838 493 878; x_wconf 87' lang='lat' dir='ltr'><strong>urbe</strong></span> <span class='ocrx_word' id='word_1_79' title='bbox 537 838 763 892; x_wconf 87' lang='lat' dir='ltr'><strong>metropoli</strong></span> <span class='ocrx_word' id='word_1_80' title='bbox 805 838 1234 891; x_wconf 82' lang='lat' dir='ltr'><strong>Constantinopolim,</strong></span> <span class='ocrx_word' id='word_1_81' title='bbox 1279 838 1319 878; x_wconf 92' lang='lat' dir='ltr'><strong>in</strong></span> <span class='ocrx_word' id='word_1_82' title='bbox 1367 853 1452 892; x_wconf 86' lang='lat' dir='ltr'><strong>qno</strong></span> <span class='ocrx_word' id='word_1_83' title='bbox 1490 843 1531 877; x_wconf 91' lang='lat' dir='ltr'><strong>et</strong></span> 
     </span>
     <span class='ocr_line' id='line_1_12' title="bbox 67 893 1532 949; baseline -0.001 -16"><span class='ocrx_word' id='word_1_84' title='bbox 67 894 440 934; x_wconf 86' lang='lat' dir='ltr'><strong>commonitorium</strong></span> <span class='ocrx_word' id='word_1_85' title='bbox 486 893 790 945; x_wconf 85' lang='lat' dir='ltr'><strong>translationis,</strong></span> <span class='ocrx_word' id='word_1_86' title='bbox 823 894 939 949; x_wconf 91' lang='lat' dir='ltr'><strong>quod</strong></span> <span class='ocrx_word' id='word_1_87' title='bbox 974 894 1246 945; x_wconf 83' lang='lat' dir='ltr'><strong>subinfertur,</strong></span> <span class='ocrx_word' id='word_1_88' title='bbox 1276 894 1532 948; x_wconf 86' lang='lat' dir='ltr'><strong>pronuntia—</strong></span> 
     </span>
     <span class='ocr_line' id='line_1_13' title="bbox 67 950 1531 1015; baseline -0.003 -25"><span class='ocrx_word' id='word_1_89' title='bbox 67 956 158 990; x_wconf 92' lang='lat' dir='ltr'><strong>tum</strong></span> <span class='ocrx_word' id='word_1_90' title='bbox 187 956 248 991; x_wconf 88' lang='lat' dir='ltr'><strong>est</strong></span> <span class='ocrx_word' id='word_1_91' title='bbox 272 951 487 990; x_wconf 86' lang='lat' dir='ltr'><strong>continens</strong></span> <span class='ocrx_word' id='word_1_92' title='bbox 509 950 582 991; x_wconf 82' lang='lat' dir='ltr'><strong>ita.</strong></span> <span class='ocrx_word' id='word_1_93' title='bbox 651 950 882 991; x_wconf 81' lang='lat' dir='ltr'><strong>“electione</strong></span> <span class='ocrx_word' id='word_1_94' title='bbox 912 957 952 990; x_wconf 86' lang='lat' dir='ltr'><strong>et</strong></span> <span class='ocrx_word' id='word_1_95' title='bbox 971 950 1278 1015; x_wconf 86' lang='lat' dir='ltr'><strong>approbatione</strong></span> <span class='ocrx_word' id='word_1_96' title='bbox 1309 950 1531 1004; x_wconf 79' lang='lat' dir='ltr'><strong>religiosis-</strong></span> 
     </span>
     <span class='ocr_line' id='line_1_14' title="bbox 66 1006 1531 1070; baseline -0.001 -25"><span class='ocrx_word' id='word_1_97' title='bbox 66 1007 271 1046; x_wconf 90' lang='lat' dir='ltr'><strong>simorum</strong></span> <span class='ocrx_word' id='word_1_98' title='bbox 295 1007 644 1070; x_wconf 81' lang='lat' dir='ltr'><strong>presbyterorum</strong></span> <span class='ocrx_word' id='word_1_99' title='bbox 677 1012 718 1047; x_wconf 87' lang='lat' dir='ltr'><strong>et</strong></span> <span class='ocrx_word' id='word_1_100' title='bbox 749 1006 1024 1047; x_wconf 88' lang='lat' dir='ltr'><strong>diaconorum</strong></span> <span class='ocrx_word' id='word_1_101' title='bbox 1055 1012 1096 1046; x_wconf 88' lang='lat' dir='ltr'><strong>et</strong></span> <span class='ocrx_word' id='word_1_102' title='bbox 1125 1007 1253 1045; x_wconf 90' lang='lat' dir='ltr'><strong>totius</strong></span> <span class='ocrx_word' id='word_1_103' title='bbox 1283 1021 1425 1046; x_wconf 89' lang='lat' dir='ltr'><strong>vener</strong></span> <span class='ocrx_word' id='word_1_104' title='bbox 1427 1006 1510 1046; x_wconf 76' lang='lat' dir='ltr'><strong>ubi</strong></span> <span class='ocrx_word' id='word_1_105' title='bbox 1502 1021 1531 1045; x_wconf 79' lang='lat' dir='ltr'><strong>is</strong></span> 
     </span>
     <span class='ocr_line' id='line_1_15' title="bbox 67 1061 1532 1118; baseline 0.001 -17"><span class='ocrx_word' id='word_1_106' title='bbox 67 1061 167 1102; x_wconf 68' lang='lat' dir='ltr'><strong>cleri</strong></span> <span class='ocrx_word' id='word_1_107' title='bbox 208 1062 399 1118; x_wconf 83' lang='lat' dir='ltr'><strong>sacrique</strong></span> <span class='ocrx_word' id='word_1_108' title='bbox 437 1069 599 1103; x_wconf 88' lang='lat' dir='ltr'><strong>senatus</strong></span> <span class='ocrx_word' id='word_1_109' title='bbox 645 1069 687 1103; x_wconf 90' lang='lat' dir='ltr'><strong>et</strong></span> <span class='ocrx_word' id='word_1_110' title='bbox 727 1063 847 1102; x_wconf 89' lang='lat' dir='ltr'><strong>amici</strong></span> <span class='ocrx_word' id='word_1_111' title='bbox 880 1063 1032 1103; x_wconf 86' lang='lat' dir='ltr'><strong>Christi</strong></span> <span class='ocrx_word' id='word_1_112' title='bbox 1072 1062 1218 1116; x_wconf 90' lang='lat' dir='ltr'><strong>populi</strong></span> <span class='ocrx_word' id='word_1_113' title='bbox 1250 1061 1330 1102; x_wconf 86' lang='lat' dir='ltr'><strong>deo</strong></span> <span class='ocrx_word' id='word_1_114' title='bbox 1362 1076 1532 1102; x_wconf 76' lang='lat' dir='ltr'><strong>consel-</strong></span> 
     </span>
     <span class='ocr_line' id='line_1_16' title="bbox 66 1118 1664 1173; baseline 0.002 -16"><span class='ocrx_word' id='word_1_115' title='bbox 66 1118 227 1159; x_wconf 84' lang='lat' dir='ltr'><strong>vandae</strong></span> <span class='ocrx_word' id='word_1_116' title='bbox 245 1118 366 1159; x_wconf 88' lang='lat' dir='ltr'><strong>huius</strong></span> <span class='ocrx_word' id='word_1_117' title='bbox 396 1119 535 1172; x_wconf 82' lang='lat' dir='ltr'><strong>regiae</strong></span> <span class='ocrx_word' id='word_1_118' title='bbox 555 1119 683 1169; x_wconf 85' lang='lat' dir='ltr'><strong>urbis,</strong></span> <span class='ocrx_word' id='word_1_119' title='bbox 715 1119 852 1158; x_wconf 90' lang='lat' dir='ltr'><strong>divina</strong></span> <span class='ocrx_word' id='word_1_120' title='bbox 874 1119 1019 1173; x_wconf 76' lang='lat' dir='ltr'><strong>gratia,</strong></span> <span class='ocrx_word' id='word_1_121' title='bbox 1052 1133 1157 1173; x_wconf 58' lang='lat' dir='ltr'><strong>quae</strong></span> <span class='ocrx_word' id='word_1_122' title='bbox 1173 1132 1335 1172; x_wconf 84' lang='lat' dir='ltr'><strong>semper</strong></span> <span class='ocrx_word' id='word_1_123' title='bbox 1368 1119 1578 1172; x_wconf 79' lang='lat' dir='ltr'><strong>infirmap.</strong></span> <span class='ocrx_word' id='word_1_124' title='bbox 1595 1126 1664 1160; x_wconf 83' lang='lat'><strong>590</strong></span> 
     </span>
     <span class='ocr_line' id='line_1_17' title="bbox 67 1175 1533 1230; baseline 0.001 -17"><span class='ocrx_word' id='word_1_125' title='bbox 67 1180 188 1214; x_wconf 85' lang='lat' dir='ltr'><strong>curat</strong></span> <span class='ocrx_word' id='word_1_126' title='bbox 229 1180 271 1214; x_wconf 87' lang='lat' dir='ltr'><strong>et</strong></span> <span class='ocrx_word' id='word_1_127' title='bbox 308 1189 356 1215; x_wconf 88' lang='lat' dir='ltr'><strong>ea</strong></span> <span class='ocrx_word' id='word_1_128' title='bbox 396 1189 504 1230; x_wconf 85' lang='lat' dir='ltr'><strong>quae</strong></span> <span class='ocrx_word' id='word_1_129' title='bbox 544 1181 640 1215; x_wconf 91' lang='lat' dir='ltr'><strong>sunt</strong></span> <span class='ocrx_word' id='word_1_130' title='bbox 669 1175 880 1229; x_wconf 83' lang='lat' dir='ltr'><strong>adimplet,</strong></span> <span class='ocrx_word' id='word_1_131' title='bbox 910 1175 1124 1214; x_wconf 84' lang='lat' dir='ltr'><strong>transtulit</strong></span> <span class='ocrx_word' id='word_1_132' title='bbox 1152 1177 1408 1215; x_wconf 86' lang='lat' dir='ltr'><strong>Germanum</strong></span> <span class='ocrx_word' id='word_1_133' title='bbox 1436 1190 1533 1214; x_wconf 90' lang='lat' dir='ltr'><strong>san-</strong></span> 
     </span>
     <span class='ocr_line' id='line_1_18' title="bbox 67 1230 1533 1296; baseline 0.001 -27"><span class='ocrx_word' id='word_1_134' title='bbox 67 1230 291 1270; x_wconf 89' lang='lat' dir='ltr'><strong>ctissimum</strong></span> <span class='ocrx_word' id='word_1_135' title='bbox 324 1230 555 1284; x_wconf 84' lang='lat' dir='ltr'><strong>praesulem</strong></span> <span class='ocrx_word' id='word_1_136' title='bbox 583 1231 864 1286; x_wconf 89' lang='lat' dir='ltr'><strong>Cyzicensium</strong></span> <span class='ocrx_word' id='word_1_137' title='bbox 905 1230 1230 1296; x_wconf 79' lang='lat' dir='ltr'><strong>metropoleos&#39;</strong></span> <span class='ocrx_word' id='word_1_138' title='bbox 1219 1246 1260 1270; x_wconf 79' lang='lat' dir='ltr'><strong>in</strong></span> <span class='ocrx_word' id='word_1_139' title='bbox 1291 1230 1533 1285; x_wconf 87' lang='lat' dir='ltr'><strong>episcopum</strong></span> 
     </span>
     <span class='ocr_line' id='line_1_19' title="bbox 67 1284 1531 1342; baseline 0.001 -18"><span class='ocrx_word' id='word_1_140' title='bbox 67 1286 187 1326; x_wconf 88' lang='lat' dir='ltr'><strong>huius</strong></span> <span class='ocrx_word' id='word_1_141' title='bbox 217 1287 296 1327; x_wconf 90' lang='lat' dir='ltr'><strong>deo</strong></span> <span class='ocrx_word' id='word_1_142' title='bbox 327 1286 635 1327; x_wconf 85' lang='lat' dir='ltr'><strong>conservandae</strong></span> <span class='ocrx_word' id='word_1_143' title='bbox 665 1302 713 1327; x_wconf 88' lang='lat' dir='ltr'><strong>ac</strong></span> <span class='ocrx_word' id='word_1_144' title='bbox 742 1288 1040 1342; x_wconf 86' lang='lat' dir='ltr'><strong>imperatoriae</strong></span> <span class='ocrx_word' id='word_1_145' title='bbox 1070 1284 1259 1327; x_wconf 86' lang='lat' dir='ltr'><strong>civitatis.</strong></span> <span class='ocrx_word' id='word_1_146' title='bbox 1318 1288 1423 1327; x_wconf 85' lang='lat' dir='ltr'><strong>facta</strong></span> <span class='ocrx_word' id='word_1_147' title='bbox 1455 1302 1531 1326; x_wconf 89' lang='lat' dir='ltr'><strong>au-</strong></span> 
     </span>
     <span class='ocr_line' id='line_1_20' title="bbox 69 1342 1532 1397; baseline 0 -15"><span class='ocrx_word' id='word_1_148' title='bbox 69 1349 152 1382; x_wconf 82' lang='lat' dir='ltr'><strong>tem</strong></span> <span class='ocrx_word' id='word_1_149' title='bbox 179 1349 239 1383; x_wconf 90' lang='lat' dir='ltr'><strong>est</strong></span> <span class='ocrx_word' id='word_1_150' title='bbox 273 1357 463 1396; x_wconf 87' lang='lat' dir='ltr'><strong>praesens</strong></span> <span class='ocrx_word' id='word_1_151' title='bbox 494 1344 709 1383; x_wconf 87' lang='lat' dir='ltr'><strong>translatio</strong></span> <span class='ocrx_word' id='word_1_152' title='bbox 746 1344 786 1382; x_wconf 93' lang='lat' dir='ltr'><strong>in</strong></span> <span class='ocrx_word' id='word_1_153' title='bbox 825 1343 1059 1397; x_wconf 87' lang='lat' dir='ltr'><strong>praesentia</strong></span> <span class='ocrx_word' id='word_1_154' title='bbox 1091 1342 1300 1383; x_wconf 87' lang='lat' dir='ltr'><strong>Michaelis</strong></span> <span class='ocrx_word' id='word_1_155' title='bbox 1328 1343 1532 1383; x_wconf 84' lang='lat' dir='ltr'><strong>sanctissi-</strong></span> 
     </span>
     <span class='ocr_line' id='line_1_21' title="bbox 67 1399 1534 1454; baseline 0 -16"><span class='ocrx_word' id='word_1_156' title='bbox 67 1399 124 1438; x_wconf 90' lang='lat' dir='ltr'><strong>mi</strong></span> <span class='ocrx_word' id='word_1_157' title='bbox 153 1399 388 1453; x_wconf 86' lang='lat' dir='ltr'><strong>presbyteri</strong></span> <span class='ocrx_word' id='word_1_158' title='bbox 427 1404 469 1439; x_wconf 87' lang='lat' dir='ltr'><strong>et</strong></span> <span class='ocrx_word' id='word_1_159' title='bbox 511 1399 772 1453; x_wconf 86' lang='lat' dir='ltr'><strong>apocrisiarii</strong></span> <span class='ocrx_word' id='word_1_160' title='bbox 814 1399 1069 1454; x_wconf 89' lang='lat' dir='ltr'><strong>apostolicae</strong></span> <span class='ocrx_word' id='word_1_161' title='bbox 1114 1399 1238 1452; x_wconf 82' lang='lat' dir='ltr'><strong>sedis,</strong></span> <span class='ocrx_word' id='word_1_162' title='bbox 1272 1406 1312 1440; x_wconf 88' lang='lat' dir='ltr'><strong>et</strong></span> <span class='ocrx_word' id='word_1_163' title='bbox 1343 1399 1534 1454; x_wconf 89' lang='lat' dir='ltr'><strong>reliquo-</strong></span> 
     </span>
     <span class='ocr_line' id='line_1_22' title="bbox 68 1454 1533 1509; baseline 0.001 -14"><span class='ocrx_word' id='word_1_164' title='bbox 68 1469 162 1495; x_wconf 88' lang='lat' dir='ltr'><strong>rum</strong></span> <span class='ocrx_word' id='word_1_165' title='bbox 202 1454 468 1495; x_wconf 86' lang='lat' dir='ltr'><strong>sacerdotum</strong></span> <span class='ocrx_word' id='word_1_166' title='bbox 507 1470 555 1494; x_wconf 87' lang='lat' dir='ltr'><strong>ac</strong></span> <span class='ocrx_word' id='word_1_167' title='bbox 596 1455 833 1509; x_wconf 86' lang='lat' dir='ltr'><strong>praesulum</strong></span> <span class='ocrx_word' id='word_1_168' title='bbox 887 1456 963 1496; x_wconf 91' lang='lat' dir='ltr'><strong>sub</strong></span> <span class='ocrx_word' id='word_1_169' title='bbox 1007 1455 1194 1495; x_wconf 88' lang='lat' dir='ltr'><strong>Artemio</strong></span> <span class='ocrx_word' id='word_1_170' title='bbox 1238 1455 1533 1509; x_wconf 83' lang='lat' dir='ltr'><strong>imperatore.&#39;’</strong></span> 
     </span>
     <span class='ocr_line' id='line_1_23' title="bbox 65 1511 1533 1566; baseline 0.001 -16"><span class='ocrx_word' id='word_1_171' title='bbox 65 1524 201 1565; x_wconf 88' lang='lat' dir='ltr'><strong>porro</strong></span> <span class='ocrx_word' id='word_1_172' title='bbox 231 1524 326 1550; x_wconf 89' lang='lat' dir='ltr'><strong>cum</strong></span> <span class='ocrx_word' id='word_1_173' title='bbox 352 1511 560 1551; x_wconf 86' lang='lat' dir='ltr'><strong>Artemius</strong></span> <span class='ocrx_word' id='word_1_174' title='bbox 585 1511 791 1552; x_wconf 81' lang='lat' dir='ltr'><strong>didicisset</strong></span> <span class='ocrx_word' id='word_1_175' title='bbox 834 1511 948 1566; x_wconf 89' lang='lat' dir='ltr'><strong>quod</strong></span> <span class='ocrx_word' id='word_1_176' title='bbox 980 1511 1112 1551; x_wconf 89' lang='lat' dir='ltr'><strong>classis</strong></span> <span class='ocrx_word' id='word_1_177' title='bbox 1145 1512 1450 1552; x_wconf 86' lang='lat' dir='ltr'><strong>Saracenorum</strong></span> <span class='ocrx_word' id='word_1_178' title='bbox 1482 1512 1533 1552; x_wconf 86' lang='lat' dir='ltr'><strong>ab</strong></span> 
     </span>
     <span class='ocr_line' id='line_1_24' title="bbox 65 1566 1535 1622; baseline -0.002 -15"><span class='ocrx_word' id='word_1_179' title='bbox 65 1567 311 1608; x_wconf 83' lang='lat' dir='ltr'><strong>Alexandria</strong></span> <span class='ocrx_word' id='word_1_180' title='bbox 360 1567 402 1606; x_wconf 89' lang='lat' dir='ltr'><strong>in</strong></span> <span class='ocrx_word' id='word_1_181' title='bbox 436 1567 675 1608; x_wconf 86' lang='lat' dir='ltr'><strong>Phoenicen</strong></span> <span class='ocrx_word' id='word_1_182' title='bbox 721 1573 987 1622; x_wconf 83' lang='lat' dir='ltr'><strong>properasset</strong></span> <span class='ocrx_word' id='word_1_183' title='bbox 1018 1567 1070 1607; x_wconf 88' lang='lat' dir='ltr'><strong>ad</strong></span> <span class='ocrx_word' id='word_1_184' title='bbox 1103 1566 1366 1607; x_wconf 89' lang='lat' dir='ltr'><strong>incidendum</strong></span> <span class='ocrx_word' id='word_1_185' title='bbox 1401 1567 1535 1622; x_wconf 57' lang='lat' dir='ltr'><strong>ligna..</strong></span> 
     </span>
     <span class='ocr_line' id='line_1_25' title="bbox 65 1623 1535 1678; baseline 0.001 -15"><span class='ocrx_word' id='word_1_186' title='bbox 65 1638 159 1664; x_wconf 90' lang='lat' dir='ltr'><strong>men</strong></span> <span class='ocrx_word' id='word_1_187' title='bbox 190 1623 498 1678; x_wconf 84' lang='lat' dir='ltr'><strong>cypressinum,</strong></span> <span class='ocrx_word' id='word_1_188' title='bbox 529 1624 666 1664; x_wconf 86' lang='lat' dir='ltr'><strong>electis</strong></span> <span class='ocrx_word' id='word_1_189' title='bbox 697 1638 744 1663; x_wconf 83' lang='lat' dir='ltr'><strong>ex</strong></span> <span class='ocrx_word' id='word_1_190' title='bbox 791 1624 973 1678; x_wconf 88' lang='lat' dir='ltr'><strong>proprio</strong></span> <span class='ocrx_word' id='word_1_191' title='bbox 1001 1624 1108 1664; x_wconf 89' lang='lat' dir='ltr'><strong>stolo</strong></span> <span class='ocrx_word' id='word_1_192' title='bbox 1136 1624 1345 1663; x_wconf 87' lang='lat' dir='ltr'><strong>velocibus</strong></span> <span class='ocrx_word' id='word_1_193' title='bbox 1375 1623 1535 1677; x_wconf 88' lang='lat' dir='ltr'><strong>scaphis</strong></span> 
     </span>
     <span class='ocr_line' id='line_1_26' title="bbox 65 1679 1535 1744; baseline 0 -25"><span class='ocrx_word' id='word_1_194' title='bbox 65 1680 175 1720; x_wconf 87' lang='lat' dir='ltr'><strong>misit</strong></span> <span class='ocrx_word' id='word_1_195' title='bbox 220 1685 377 1720; x_wconf 87' lang='lat' dir='ltr'><strong>taxatos</strong></span> <span class='ocrx_word' id='word_1_196' title='bbox 416 1694 463 1720; x_wconf 86' lang='lat' dir='ltr'><strong>ex</strong></span> <span class='ocrx_word' id='word_1_197' title='bbox 505 1679 687 1720; x_wconf 87' lang='lat' dir='ltr'><strong>themate</strong></span> <span class='ocrx_word' id='word_1_198' title='bbox 726 1680 912 1730; x_wconf 90' lang='lat' dir='ltr'><strong>Obsicio,</strong></span> <span class='ocrx_word' id='word_1_199' title='bbox 954 1685 996 1720; x_wconf 89' lang='lat' dir='ltr'><strong>et</strong></span> <span class='ocrx_word' id='word_1_200' title='bbox 1026 1679 1137 1744; x_wconf 82' lang='lat' dir='ltr'><strong>apud</strong></span> <span class='ocrx_word' id='word_1_201' title='bbox 1166 1680 1362 1720; x_wconf 88' lang='lat' dir='ltr'><strong>Rhodum</strong></span> <span class='ocrx_word' id='word_1_202' title='bbox 1395 1694 1535 1720; x_wconf 88' lang='lat' dir='ltr'><strong>omnes</strong></span> 
     </span>
     <span class='ocr_line' id='line_1_27' title="bbox 65 1735 1535 1791; baseline 0 -15"><span class='ocrx_word' id='word_1_203' title='bbox 65 1736 207 1790; x_wconf 79' lang='lat' dir='ltr'><strong>colligi</strong></span> <span class='ocrx_word' id='word_1_204' title='bbox 236 1735 365 1786; x_wconf 87' lang='lat' dir='ltr'><strong>iussit,</strong></span> <span class='ocrx_word' id='word_1_205' title='bbox 396 1737 724 1791; x_wconf 85' lang='lat' dir='ltr'><strong>praeposuitque</strong></span> <span class='ocrx_word' id='word_1_206' title='bbox 754 1743 996 1791; x_wconf 87' lang='lat' dir='ltr'><strong>praetorem</strong></span> <span class='ocrx_word' id='word_1_207' title='bbox 1026 1737 1081 1776; x_wconf 87' lang='lat' dir='ltr'><strong>eis</strong></span> <span class='ocrx_word' id='word_1_208' title='bbox 1112 1742 1154 1776; x_wconf 87' lang='lat' dir='ltr'><strong>et</strong></span> <span class='ocrx_word' id='word_1_209' title='bbox 1183 1742 1310 1790; x_wconf 89' lang='lat' dir='ltr'><strong>caput</strong></span> <span class='ocrx_word' id='word_1_210' title='bbox 1338 1738 1535 1776; x_wconf 87' lang='lat' dir='ltr'><strong>loannem</strong></span> 
     </span>
     <span class='ocr_line' id='line_1_28' title="bbox 64 1792 1534 1847; baseline -0.001 -15"><span class='ocrx_word' id='word_1_211' title='bbox 64 1807 237 1846; x_wconf 80' lang='lat' dir='ltr'><strong>magnae</strong></span> <span class='ocrx_word' id='word_1_212' title='bbox 268 1793 463 1833; x_wconf 88' lang='lat' dir='ltr'><strong>ecclesiae</strong></span> <span class='ocrx_word' id='word_1_213' title='bbox 503 1793 764 1843; x_wconf 83' lang='lat' dir='ltr'><strong>ministrum,</strong></span> <span class='ocrx_word' id='word_1_214' title='bbox 797 1793 867 1847; x_wconf 89' lang='lat' dir='ltr'><strong>qui</strong></span> <span class='ocrx_word' id='word_1_215' title='bbox 908 1792 1127 1832; x_wconf 83' lang='lat' dir='ltr'><strong>dicebatur</strong></span> <span class='ocrx_word' id='word_1_216' title='bbox 1164 1806 1273 1846; x_wconf 88' lang='lat' dir='ltr'><strong>papa</strong></span> <span class='ocrx_word' id='word_1_217' title='bbox 1309 1793 1534 1841; x_wconf 85' lang='lat' dir='ltr'><strong>loannacis,</strong></span> 
     </span>
     <span class='ocr_line' id='line_1_29' title="bbox 66 1848 1535 1904; baseline 0 -17"><span class='ocrx_word' id='word_1_218' title='bbox 66 1850 223 1904; x_wconf 89' lang='lat' dir='ltr'><strong>quique</strong></span> <span class='ocrx_word' id='word_1_219' title='bbox 253 1848 451 1903; x_wconf 80' lang='lat' dir='ltr'><strong>generalis</strong></span> <span class='ocrx_word' id='word_1_220' title='bbox 483 1856 575 1889; x_wconf 82' lang='lat' dir='ltr'><strong>erat</strong></span> <span class='ocrx_word' id='word_1_221' title='bbox 608 1855 709 1888; x_wconf 87' lang='lat' dir='ltr'><strong>tunc</strong></span> <span class='ocrx_word' id='word_1_222' title='bbox 739 1848 969 1903; x_wconf 78' lang='lat' dir='ltr'><strong>logotheta.</strong></span> <span class='ocrx_word' id='word_1_223' title='bbox 1030 1849 1061 1889; x_wconf 92' lang='lat' dir='ltr'><strong>is</strong></span> <span class='ocrx_word' id='word_1_224' title='bbox 1092 1862 1192 1903; x_wconf 85' lang='lat' dir='ltr'><strong>ergo</strong></span> <span class='ocrx_word' id='word_1_225' title='bbox 1222 1863 1316 1888; x_wconf 86' lang='lat' dir='ltr'><strong>cum</strong></span> <span class='ocrx_word' id='word_1_226' title='bbox 1340 1848 1535 1888; x_wconf 87' lang='lat' dir='ltr'><strong>Rhodum</strong></span> 
     </span>
     <span class='ocr_line' id='line_1_30' title="bbox 65 1904 1534 1960; baseline 0 -16"><span class='ocrx_word' id='word_1_227' title='bbox 65 1904 229 1945; x_wconf 87' lang='lat' dir='ltr'><strong>adiisset</strong></span> <span class='ocrx_word' id='word_1_228' title='bbox 257 1912 300 1946; x_wconf 87' lang='lat' dir='ltr'><strong>et</strong></span> <span class='ocrx_word' id='word_1_229' title='bbox 330 1905 490 1959; x_wconf 82' lang='lat' dir='ltr'><strong>navigia</strong></span> <span class='ocrx_word' id='word_1_230' title='bbox 522 1905 823 1956; x_wconf 87' lang='lat' dir='ltr'><strong>convenissent,</strong></span> <span class='ocrx_word' id='word_1_231' title='bbox 852 1905 1149 1960; x_wconf 86' lang='lat' dir='ltr'><strong>alloquebatur</strong></span> <span class='ocrx_word' id='word_1_232' title='bbox 1172 1905 1379 1959; x_wconf 87' lang='lat' dir='ltr'><strong>principes</strong></span> <span class='ocrx_word' id='word_1_233' title='bbox 1409 1919 1534 1958; x_wconf 88' lang='lat' dir='ltr'><strong>super</strong></span> 
     </span>
     <span class='ocr_line' id='line_1_31' title="bbox 63 1960 1533 2015; baseline 0 -15"><span class='ocrx_word' id='word_1_234' title='bbox 63 1961 255 2001; x_wconf 89' lang='lat' dir='ltr'><strong>motione</strong></span> <span class='ocrx_word' id='word_1_235' title='bbox 296 1976 345 2002; x_wconf 86' lang='lat' dir='ltr'><strong>ac</strong></span> <span class='ocrx_word' id='word_1_236' title='bbox 390 1962 538 2002; x_wconf 86' lang='lat' dir='ltr'><strong>itinere</strong></span> <span class='ocrx_word' id='word_1_237' title='bbox 581 1961 770 2015; x_wconf 87' lang='lat' dir='ltr'><strong>ipsorum</strong></span> <span class='ocrx_word' id='word_1_238' title='bbox 811 1961 853 2000; x_wconf 90' lang='lat' dir='ltr'><strong>in</strong></span> <span class='ocrx_word' id='word_1_239' title='bbox 897 1961 1136 2001; x_wconf 88' lang='lat' dir='ltr'><strong>Phoenicen</strong></span> <span class='ocrx_word' id='word_1_240' title='bbox 1182 1961 1232 2001; x_wconf 89' lang='lat' dir='ltr'><strong>ad</strong></span> <span class='ocrx_word' id='word_1_241' title='bbox 1267 1960 1533 2001; x_wconf 88' lang='lat' dir='ltr'><strong>incidendum</strong></span> 
     </span>
     <span class='ocr_line' id='line_1_32' title="bbox 64 2018 1529 2072; baseline 0 -16"><span class='ocrx_word' id='word_1_242' title='bbox 64 2018 266 2071; x_wconf 81' lang='lat' dir='ltr'><strong>lignamen</strong></span> <span class='ocrx_word' id='word_1_243' title='bbox 298 2023 339 2057; x_wconf 86' lang='lat' dir='ltr'><strong>et</strong></span> <span class='ocrx_word' id='word_1_244' title='bbox 368 2019 755 2072; x_wconf 83' lang='lat' dir='ltr'><strong>praeparationem,</strong></span> <span class='ocrx_word' id='word_1_245' title='bbox 801 2032 907 2072; x_wconf 88' lang='lat' dir='ltr'><strong>quae</strong></span> <span class='ocrx_word' id='word_1_246' title='bbox 936 2018 1197 2057; x_wconf 87' lang='lat' dir='ltr'><strong>inveniretur</strong></span> <span class='ocrx_word' id='word_1_247' title='bbox 1226 2019 1529 2069; x_wconf 78' lang='lat' dir='ltr'><strong>Agarenorum.</strong></span> 
     </span>
     <span class='ocr_line' id='line_1_33' title="bbox 64 2073 1533 2128; baseline 0 -15"><span class='ocrx_word' id='word_1_248' title='bbox 64 2088 245 2128; x_wconf 87' lang='lat' dir='ltr'><strong>cumque</strong></span> <span class='ocrx_word' id='word_1_249' title='bbox 269 2088 410 2114; x_wconf 90' lang='lat' dir='ltr'><strong>omnes</strong></span> <span class='ocrx_word' id='word_1_250' title='bbox 438 2074 637 2115; x_wconf 86' lang='lat' dir='ltr'><strong>alacriter</strong></span> <span class='ocrx_word' id='word_1_251' title='bbox 666 2073 941 2124; x_wconf 86' lang='lat' dir='ltr'><strong>obaudissent,</strong></span> <span class='ocrx_word' id='word_1_252' title='bbox 970 2074 1013 2113; x_wconf 87' lang='lat' dir='ltr'><strong>hi</strong></span> <span class='ocrx_word' id='word_1_253' title='bbox 1036 2074 1106 2128; x_wconf 90' lang='lat' dir='ltr'><strong>qui</strong></span> <span class='ocrx_word' id='word_1_254' title='bbox 1136 2079 1256 2114; x_wconf 87' lang='lat' dir='ltr'><strong>erant</strong></span> <span class='ocrx_word' id='word_1_255' title='bbox 1272 2074 1428 2113; x_wconf 91' lang='lat' dir='ltr'><strong>Obsicii</strong></span> <span class='ocrx_word' id='word_1_256' title='bbox 1452 2073 1533 2113; x_wconf 89' lang='lat' dir='ltr'><strong>hoc</strong></span> 
     </span>
     <span class='ocr_line' id='line_1_34' title="bbox 63 2129 1661 2185; baseline 0.003 -17"><span class='ocrx_word' id='word_1_257' title='bbox 63 2130 295 2169; x_wconf 84' lang='lat' dir='ltr'><strong>nullatenus</strong></span> <span class='ocrx_word' id='word_1_258' title='bbox 326 2131 593 2181; x_wconf 87' lang='lat' dir='ltr'><strong>admiserunt,</strong></span> <span class='ocrx_word' id='word_1_259' title='bbox 621 2136 663 2170; x_wconf 84' lang='lat' dir='ltr'><strong>et</strong></span> <span class='ocrx_word' id='word_1_260' title='bbox 683 2130 982 2184; x_wconf 88' lang='lat' dir='ltr'><strong>imperatorem</strong></span> <span class='ocrx_word' id='word_1_261' title='bbox 1003 2130 1171 2185; x_wconf 89' lang='lat' dir='ltr'><strong>quidem</strong></span> <span class='ocrx_word' id='word_1_262' title='bbox 1201 2129 1392 2170; x_wconf 87' lang='lat' dir='ltr'><strong>detestati</strong></span> <span class='ocrx_word' id='word_1_263' title='bbox 1422 2136 1529 2178; x_wconf 89' lang='lat' dir='ltr'><strong>sunt,</strong></span> <span class='ocrx_word' id='word_1_264' title='bbox 1545 2150 1579 2183; x_wconf 85' lang='lat' dir='ltr'><strong>p.</strong></span> <span class='ocrx_word' id='word_1_265' title='bbox 1595 2137 1661 2172; x_wconf 79' lang='lat'><strong>591</strong></span> 
     </span>
     <span class='ocr_line' id='line_1_35' title="bbox 65 2186 1528 2241; baseline -0.001 -16"><span class='ocrx_word' id='word_1_266' title='bbox 65 2186 287 2225; x_wconf 86' lang='lat' dir='ltr'><strong>diaconum</strong></span> <span class='ocrx_word' id='word_1_267' title='bbox 333 2200 434 2226; x_wconf 90' lang='lat' dir='ltr'><strong>vero</strong></span> <span class='ocrx_word' id='word_1_268' title='bbox 479 2188 675 2226; x_wconf 88' lang='lat' dir='ltr'><strong>Ioannem</strong></span> <span class='ocrx_word' id='word_1_269' title='bbox 724 2186 889 2226; x_wconf 83' lang='lat' dir='ltr'><strong>frameis</strong></span> <span class='ocrx_word' id='word_1_270' title='bbox 929 2192 1214 2241; x_wconf 87' lang='lat' dir='ltr'><strong>peremerunt.</strong></span> <span class='ocrx_word' id='word_1_271' title='bbox 1288 2186 1385 2225; x_wconf 89' lang='lat' dir='ltr'><strong>hinc</strong></span> <span class='ocrx_word' id='word_1_272' title='bbox 1427 2199 1528 2238; x_wconf 80' lang='lat' dir='ltr'><strong>ergo</strong></span> 
     </span>
     <span class='ocr_line' id='line_1_36' title="bbox 64 2242 1527 2297; baseline 0 -16"><span class='ocrx_word' id='word_1_273' title='bbox 64 2243 157 2282; x_wconf 86' lang='lat' dir='ltr'><strong>stoli</strong></span> <span class='ocrx_word' id='word_1_274' title='bbox 190 2243 309 2282; x_wconf 88' lang='lat' dir='ltr'><strong>divisi</strong></span> <span class='ocrx_word' id='word_1_275' title='bbox 340 2242 391 2282; x_wconf 85' lang='lat' dir='ltr'><strong>ad</strong></span> <span class='ocrx_word' id='word_1_276' title='bbox 419 2257 491 2283; x_wconf 90' lang='lat' dir='ltr'><strong>sua</strong></span> <span class='ocrx_word' id='word_1_277' title='bbox 513 2243 815 2297; x_wconf 82' lang='lat' dir='ltr'><strong>navigaverunt</strong></span> <span class='ocrx_word' id='word_1_278' title='bbox 832 2243 936 2282; x_wconf 84' lang='lat' dir='ltr'><strong>loca.</strong></span> <span class='ocrx_word' id='word_1_279' title='bbox 995 2242 1052 2282; x_wconf 92' lang='lat' dir='ltr'><strong>illi</strong></span> <span class='ocrx_word' id='word_1_280' title='bbox 1085 2257 1185 2283; x_wconf 85' lang='lat' dir='ltr'><strong>vero</strong></span> <span class='ocrx_word' id='word_1_281' title='bbox 1214 2256 1392 2296; x_wconf 82' lang='lat' dir='ltr'><strong>nequam</strong></span> <span class='ocrx_word' id='word_1_282' title='bbox 1423 2255 1527 2294; x_wconf 89' lang='lat' dir='ltr'><strong>ope-</strong></span> 
     </span>
     <span class='ocr_line' id='line_1_37' title="bbox 62 2299 1527 2353; baseline -0.002 -14"><span class='ocrx_word' id='word_1_283' title='bbox 62 2304 223 2339; x_wconf 80' lang='lat' dir='ltr'><strong>ratores</strong></span> <span class='ocrx_word' id='word_1_284' title='bbox 271 2304 418 2339; x_wconf 86' lang='lat' dir='ltr'><strong>contra</strong></span> <span class='ocrx_word' id='word_1_285' title='bbox 476 2300 631 2353; x_wconf 64' lang='lat' dir='ltr'><strong>reniam</strong></span> <span class='ocrx_word' id='word_1_286' title='bbox 684 2299 959 2339; x_wconf 85' lang='lat' dir='ltr'><strong>ascenderunt</strong></span> <span class='ocrx_word' id='word_1_287' title='bbox 1011 2299 1172 2338; x_wconf 87' lang='lat' dir='ltr'><strong>urbem.</strong></span> <span class='ocrx_word' id='word_1_288' title='bbox 1243 2313 1335 2336; x_wconf 87' lang='lat' dir='ltr'><strong>cum</strong></span> <span class='ocrx_word' id='word_1_289' title='bbox 1390 2303 1527 2336; x_wconf 88' lang='lat' dir='ltr'><strong>autem</strong></span> 
     </span>
     <span class='ocr_line' id='line_1_38' title="bbox 63 2353 1526 2411; baseline 0 -18"><span class='ocrx_word' id='word_1_290' title='bbox 63 2354 352 2411; x_wconf 86' lang='lat' dir='ltr'><strong>Adrmnytium</strong></span> <span class='ocrx_word' id='word_1_291' title='bbox 384 2355 575 2395; x_wconf 86' lang='lat' dir='ltr'><strong>adiissent</strong></span> <span class='ocrx_word' id='word_1_292' title='bbox 609 2361 823 2409; x_wconf 89' lang='lat' dir='ltr'><strong>essentque</strong></span> <span class='ocrx_word' id='word_1_293' title='bbox 849 2356 936 2395; x_wconf 91' lang='lat' dir='ltr'><strong>sine</strong></span> <span class='ocrx_word' id='word_1_294' title='bbox 967 2355 1128 2408; x_wconf 83' lang='lat' dir='ltr'><strong>capite,</strong></span> <span class='ocrx_word' id='word_1_295' title='bbox 1168 2355 1414 2393; x_wconf 67' lang='lat' dir='ltr'><strong>invenerunt</strong></span> <span class='ocrx_word' id='word_1_296' title='bbox 1443 2353 1526 2393; x_wconf 91' lang='lat' dir='ltr'><strong>illic</strong></span> 
     </span>
     <span class='ocr_line' id='line_1_39' title="bbox 63 2410 1526 2466; baseline -0.002 -16"><span class='ocrx_word' id='word_1_297' title='bbox 63 2410 274 2451; x_wconf 89' lang='lat' dir='ltr'><strong>hominem</strong></span> <span class='ocrx_word' id='word_1_298' title='bbox 313 2411 544 2466; x_wconf 82' lang='lat' dir='ltr'><strong>indigenam</strong></span> <span class='ocrx_word' id='word_1_299' title='bbox 582 2411 862 2451; x_wconf 89' lang='lat' dir='ltr'><strong>Theodosium</strong></span> <span class='ocrx_word' id='word_1_300' title='bbox 908 2412 1099 2461; x_wconf 88' lang='lat' dir='ltr'><strong>nomine,</strong></span> <span class='ocrx_word' id='word_1_301' title='bbox 1146 2411 1217 2465; x_wconf 86' lang='lat' dir='ltr'><strong>qui</strong></span> <span class='ocrx_word' id='word_1_302' title='bbox 1261 2411 1526 2463; x_wconf 88' lang='lat' dir='ltr'><strong>publicorum</strong></span> 
     </span>
     <span class='ocr_line' id='line_1_40' title="bbox 64 2466 1527 2520; baseline -0.002 -13"><span class='ocrx_word' id='word_1_303' title='bbox 64 2473 153 2507; x_wconf 88' lang='lat' dir='ltr'><strong>erat</strong></span> <span class='ocrx_word' id='word_1_304' title='bbox 185 2468 444 2508; x_wconf 85' lang='lat' dir='ltr'><strong>tributorum</strong></span> <span class='ocrx_word' id='word_1_305' title='bbox 486 2473 707 2520; x_wconf 87' lang='lat' dir='ltr'><strong>exceptor,</strong></span> <span class='ocrx_word' id='word_1_306' title='bbox 746 2468 854 2508; x_wconf 89' lang='lat' dir='ltr'><strong>iners</strong></span> <span class='ocrx_word' id='word_1_307' title='bbox 887 2483 935 2507; x_wconf 83' lang='lat' dir='ltr'><strong>ac</strong></span> <span class='ocrx_word' id='word_1_308' title='bbox 975 2467 1128 2518; x_wconf 70' lang='lat' dir='ltr'><strong>idioti,</strong></span> <span class='ocrx_word' id='word_1_309' title='bbox 1164 2472 1204 2506; x_wconf 86' lang='lat' dir='ltr'><strong>et</strong></span> <span class='ocrx_word' id='word_1_310' title='bbox 1244 2466 1400 2506; x_wconf 83' lang='lat' dir='ltr'><strong>hortati</strong></span> <span class='ocrx_word' id='word_1_311' title='bbox 1433 2473 1527 2504; x_wconf 90' lang='lat' dir='ltr'><strong>sunt</strong></span> 
     </span>
     <span class='ocr_line' id='line_1_41' title="bbox 66 2522 1528 2578; baseline -0.001 -16"><span class='ocrx_word' id='word_1_312' title='bbox 66 2538 159 2563; x_wconf 88' lang='lat' dir='ltr'><strong>eum</strong></span> <span class='ocrx_word' id='word_1_313' title='bbox 194 2524 414 2578; x_wconf 85' lang='lat' dir='ltr'><strong>imperare.</strong></span> <span class='ocrx_word' id='word_1_314' title='bbox 471 2531 514 2563; x_wconf 85' lang='lat' dir='ltr'><strong>at</strong></span> <span class='ocrx_word' id='word_1_315' title='bbox 555 2523 622 2562; x_wconf 83' lang='lat' dir='ltr'><strong>ille</strong></span> <span class='ocrx_word' id='word_1_316' title='bbox 660 2524 753 2578; x_wconf 78' lang='lat' dir='ltr'><strong>fuga</strong></span> <span class='ocrx_word' id='word_1_317' title='bbox 805 2539 895 2563; x_wconf 86' lang='lat' dir='ltr'><strong>usus</strong></span> <span class='ocrx_word' id='word_1_318' title='bbox 937 2523 977 2563; x_wconf 87' lang='lat' dir='ltr'><strong>in</strong></span> <span class='ocrx_word' id='word_1_319' title='bbox 1020 2522 1528 2576; x_wconf 81' lang='lat' dir='ltr'><strong>montelalebat3q1um</strong></span> 
     </span>
     <span class='ocr_line' id='line_1_42' title="bbox 66 2578 1528 2634; baseline -0.002 -16"><span class='ocrx_word' id='word_1_320' title='bbox 66 2581 280 2620; x_wconf 84' lang='lat' dir='ltr'><strong>inventum</strong></span> <span class='ocrx_word' id='word_1_321' title='bbox 310 2587 357 2620; x_wconf 90' lang='lat' dir='ltr'><strong>ut</strong></span> <span class='ocrx_word' id='word_1_322' title='bbox 402 2581 701 2634; x_wconf 71' lang='lat' dir='ltr'><strong>impetatorem</strong></span> <span class='ocrx_word' id='word_1_323' title='bbox 744 2580 932 2620; x_wconf 85' lang='lat' dir='ltr'><strong>laudibus</strong></span> <span class='ocrx_word' id='word_1_324' title='bbox 976 2578 1528 2630; x_wconf 74' lang='lat' dir='ltr'><strong>extule1unt‚vicogcnt‹s</strong></span> 
     </span>
     <span class='ocr_line' id='line_1_43' title="bbox 64 2634 1530 2691; baseline -0.003 -15"><span class='ocrx_word' id='word_1_325' title='bbox 64 2651 159 2676; x_wconf 87' lang='lat' dir='ltr'><strong>eum</strong></span> <span class='ocrx_word' id='word_1_326' title='bbox 189 2637 407 2690; x_wconf 78' lang='lat' dir='ltr'><strong>impelaie.</strong></span> <span class='ocrx_word' id='word_1_327' title='bbox 439 2636 587 2691; x_wconf 87' lang='lat' dir='ltr'><strong>quibus</strong></span> <span class='ocrx_word' id='word_1_328' title='bbox 618 2637 823 2676; x_wconf 84' lang='lat' dir='ltr'><strong>Artemius</strong></span> <span class='ocrx_word' id='word_1_329' title='bbox 866 2636 1062 2690; x_wconf 71' lang='lat' dir='ltr'><strong>cogniti5‚</strong></span> <span class='ocrx_word' id='word_1_330' title='bbox 1091 2634 1291 2689; x_wconf 78' lang='lat' dir='ltr'><strong>praefecit</strong></span> <span class='ocrx_word' id='word_1_331' title='bbox 1322 2634 1415 2673; x_wconf 85' lang='lat' dir='ltr'><strong>urbi</strong></span> <span class='ocrx_word' id='word_1_332' title='bbox 1448 2635 1530 2673; x_wconf 87' lang='lat' dir='ltr'><strong>do-</strong></span> 
     </span>
     <span class='ocr_line' id='line_1_44' title="bbox 65 2690 1529 2757; baseline -0.001 -27"><span class='ocrx_word' id='word_1_333' title='bbox 65 2694 258 2733; x_wconf 86' lang='lat' dir='ltr'><strong>mesticos</strong></span> <span class='ocrx_word' id='word_1_334' title='bbox 286 2692 472 2732; x_wconf 86' lang='lat' dir='ltr'><strong>homines</strong></span> <span class='ocrx_word' id='word_1_335' title='bbox 511 2706 605 2732; x_wconf 90' lang='lat' dir='ltr'><strong>suos</strong></span> <span class='ocrx_word' id='word_1_336' title='bbox 639 2693 849 2757; x_wconf 78' lang='lat' dir='ltr'><strong>principes</strong></span> <span class='ocrx_word' id='word_1_337' title='bbox 890 2708 970 2732; x_wconf 87' lang='lat' dir='ltr'><strong>una</strong></span> <span class='ocrx_word' id='word_1_338' title='bbox 1010 2707 1102 2731; x_wconf 88' lang='lat' dir='ltr'><strong>cum</strong></span> <span class='ocrx_word' id='word_1_339' title='bbox 1136 2690 1259 2739; x_wconf 85' lang='lat' dir='ltr'><strong>stolo,</strong></span> <span class='ocrx_word' id='word_1_340' title='bbox 1292 2704 1412 2743; x_wconf 83' lang='lat' dir='ltr'><strong>quem</strong></span> <span class='ocrx_word' id='word_1_341' title='bbox 1447 2691 1502 2743; x_wconf 83' lang='lat' dir='ltr'><strong>ip</strong></span> <span class='ocrx_word' id='word_1_342' title='bbox 1508 2706 1529 2729; x_wconf 84' lang='lat' dir='ltr'><strong>c</strong></span> 
     </span>
     <span class='ocr_line' id='line_1_45' title="bbox 66 2746 1525 2802; baseline -0.001 -16"><span class='ocrx_word' id='word_1_343' title='bbox 66 2754 377 2799; x_wconf 44' lang='lat' dir='ltr'><strong>cons-traxeram</strong></span> <span class='ocrx_word' id='word_1_344' title='bbox 406 2755 448 2788; x_wconf 81' lang='lat' dir='ltr'><strong>et</strong></span> <span class='ocrx_word' id='word_1_345' title='bbox 489 2748 654 2788; x_wconf 76' lang='lat' dir='ltr'><strong>minatis</strong></span> <span class='ocrx_word' id='word_1_346' title='bbox 693 2749 748 2789; x_wconf 90' lang='lat' dir='ltr'><strong>eis</strong></span> <span class='ocrx_word' id='word_1_347' title='bbox 793 2749 877 2802; x_wconf 88' lang='lat' dir='ltr'><strong>ipse</strong></span> <span class='ocrx_word' id='word_1_348' title='bbox 916 2749 1105 2788; x_wconf 61' lang='lat' dir='ltr'><strong>Niczaeicun</strong></span> <span class='ocrx_word' id='word_1_349' title='bbox 1139 2746 1337 2800; x_wconf 81' lang='lat' dir='ltr'><strong>ingressus</strong></span> <span class='ocrx_word' id='word_1_350' title='bbox 1366 2747 1452 2786; x_wconf 85' lang='lat' dir='ltr'><strong>abit</strong></span> <span class='ocrx_word' id='word_1_351' title='bbox 1486 2747 1525 2785; x_wconf 90' lang='lat' dir='ltr'><strong>in</strong></span> 
     </span>
     <span class='ocr_line' id='line_1_46' title="bbox 67 2802 1529 2860; baseline -0.002 -16"><span class='ocrx_word' id='word_1_352' title='bbox 67 2803 230 2857; x_wconf 80' lang='lat' dir='ltr'><strong>urbem,</strong></span> <span class='ocrx_word' id='word_1_353' title='bbox 259 2805 494 2860; x_wconf 85' lang='lat' dir='ltr'><strong>ibidemque</strong></span> <span class='ocrx_word' id='word_1_354' title='bbox 526 2819 567 2847; x_wconf 83' lang='lat' dir='ltr'><strong>se</strong></span> <span class='ocrx_word' id='word_1_355' title='bbox 595 2805 742 2845; x_wconf 84' lang='lat' dir='ltr'><strong>munit.</strong></span> <span class='ocrx_word' id='word_1_356' title='bbox 803 2805 975 2845; x_wconf 84' lang='lat' dir='ltr'><strong>rebelles</strong></span> <span class='ocrx_word' id='word_1_357' title='bbox 1009 2811 1147 2844; x_wconf 79' lang='lat' dir='ltr'><strong>autem</strong></span> <span class='ocrx_word' id='word_1_358' title='bbox 1179 2802 1456 2853; x_wconf 61' lang='lat' dir='ltr'><strong>ascendentes,</strong></span> <span class='ocrx_word' id='word_1_359' title='bbox 1489 2808 1529 2843; x_wconf 88' lang='lat' dir='ltr'><strong>ct</strong></span> 
     </span>
    </p>
   </div>
  </div>
 </body>
</html>
