1768 3268
251 232 313 279 76
445 234 728 280 ANASTASH
768 232 1030 277 HISTORIA
1071 228 1484 274 ECCLESIASTICA

249 356 420 405 praeter
445 357 593 391 votum
621 351 706 391 eius
738 354 1040 399 consecratum,
1069 353 1110 388 et
1137 347 1309 387 Petrum
1322 345 1522 398 Moggum
1551 341 1706 387 iterum

250 407 452 447 reducere
482 406 786 460 Alexandriam.
818 411 920 446 tunc
948 411 990 446 et
1019 404 1228 445 enoticum
1259 402 1357 442 fecit
1382 402 1510 452 Zeno,
1540 405 1588 443 ut
1613 399 1711 454 qui-

249 464 341 504 dam
373 464 501 514 aiunt,
533 464 583 503 ab
614 463 766 503 Acacio
799 461 1263 515 Constantinopolitano
1301 458 1515 507 dictatum,
1542 461 1584 496 et
1612 455 1712 496 ubi-³

249 535 330 575 que
357 520 596 560 transmisit.
651 520 779 559 Petro
812 525 949 558 autem
981 520 1133 572 Moggo
1172 522 1267 556 ante
1297 528 1526 567 regressum
1555 513 1639 553 eius
1668 512 1708 552 in

246 575 532 617 Alexandriam
558 575 673 615 'iussit
703 577 814 616 Zeno
846 575 1150 615 communicare
1177 571 1392 626 Simplicio
1420 571 1610 610 Romano
1643 574 1710 608 at..

248 648 329 687 que
360 633 526 681 Acacio,
558 631 642 688 qui,
677 631 869 672 videlicet
893 631 1081 678 Aeacius,
1113 629 1279 684 scripsit
1306 626 1590 668 Alexandrinis
1621 639 1712 666 sus-

248 689 388 743 cipere
430 691 628 744 Moggum
675 695 716 729 et
757 690 953 728 loannem
986 687 1180 728 abiicere.
1238 687 1409 725 Ioannes
1440 697 1542 724 vero
1571 683 1713 722 audita

246 746 362 786 Petri
392 745 634 799 praesentia,
666 745 763 785 licet
795 745 927 785 clerus
959 757 1053 784 cum
1083 741 1241 797 populo
1273 742 1383 782 exire
1412 738 1527 780 illum
1558 738 1712 794 prohi-

247 801 379 852 beret,
411 817 517 855 quae
544 801 843 856 praesumenda
874 808 996 842 erant
1025 816 1047 841 a
1077 801 1204 842 Petro
1235 797 1512 848 considerans,
1543 796 1712 852 sapien-

249 863 314 898 ter
343 865 384 899 et
409 859 494 898 sine
522 859 765 898 turbatione
795 857 974 898 recessit.

359 929 501 970 Mundi
520 945 628 970 anno
641 929 762 981 5972,
793 927 957 970 divinae
988 926 1284 979 incarnationis
1310 941 1418 967 anno
1439 922 1538 975 472,
1570 924 1711 965 Theu-

248 986 409 1028 dericus
441 987 664 1038 Valamer,
709 986 823 1026 cuius
861 986 1012 1026 multus
1052 985 1162 1025 inter
1202 984 1404 1025 barbaros
1437 989 1479 1023 et
1504 983 1714 1023 Romanos

251 1050 310 1083 est
340 1058 475 1084 sermo
502 1049 651 1097 utpote
681 1044 800 1084 fortis
822 1048 863 1083 et
884 1040 1072 1097 providi,
1096 1040 1167 1081 sed
1190 1055 1264 1081 nec
1286 1040 1497 1080 rationum
1519 1039 1715 1094 inexper-

124 1102 239 1152 p.203
254 1099 315 1150 tis,
344 1115 466 1154 penes
497 1099 742 1156 Byzantium
778 1099 936 1154 quippe
982 1097 1096 1138 obses
1126 1097 1340 1153 quondam
1379 1096 1571 1149 traditus,
1602 1095 1716 1150 opti-

252 1156 329 1196 mis
362 1156 652 1210 magistrorum
695 1155 899 1205 adhaesit,
939 1168 1035 1195 cum
1073 1161 1197 1208 pater
1239 1155 1349 1195 solus
1387 1153 1586 1193 Valamer
1614 1158 1714 1207 post

254 1211 402 1252 Attilae
432 1212 534 1253 filios
561 1211 641 1252 dux
671 1219 802 1263 esset,
835 1212 910 1252 suh
942 1210 1094 1251 Leonis
1134 1211 1326 1265 imperio,
1358 1209 1616 1251 Gothorum.
1647 1209 1715 1249 in..

253 1274 368 1309 terea
399 1268 626 1309 Orientales
657 1267 846 1322 episcopi
883 1267 1087 1322 scripsere
1120 1267 1273 1307 Acacio
1302 1266 1633 1321 vituperationes
1661 1279 1712 1306 eo

252 1324 366 1420 quod
413 1324 621 1393 recepfrit
661 1326 858 1380 Moggum
901 1323 942 1363 in
979 1324 1347 1372 communionem3
1379 1323 1452 1379 qui
1483 1323 1716 1378 parvipen-

280 1396 349 1421 ens
382 1395 449 1421 eos
479 1382 618 1421 omnes
648 1381 912 1435 impudenter
944 1381 1255 1422 communicare
1293 1382 1447 1435 Moggo
1478 1385 1623 1420 coacte
1652 1380 1717 1419 fe-

118 1450 154 1485 p.
170 1437 238 1474 204
251 1438 318 1477 cit.
376 1442 419 1477 at
448 1452 547 1478 vero
580 1437 651 1493 qui
680 1443 800 1477 erant
827 1452 874 1478 ex
896 1438 1008 1492 regia
1033 1438 1153 1487 urbe,
1185 1452 1348 1478 necnon
1381 1443 1423 1478 et
1446 1435 1497 1477 de
1518 1436 1716 1487 Oriente,

250 1493 459 1548 deprecati
502 1499 597 1535 sunt
638 1494 818 1535 Felicem
858 1496 1093 1535 Romanum
1128 1495 1400 1548 episcopum,
1444 1493 1719 1548 significantes

249 1550 444 1590 Acacium
472 1564 554 1591 esse
584 1551 789 1591 malorum
820 1558 1048 1591 auctorem.
1082 1551 1194 1591 inter
1219 1565 1323 1606 quos
1356 1557 1397 1591 et
1418 1551 1590 1590 Ioannes
1621 1549 1720 1590 Ale-

251 1607 470 1647 xandrinus
502 1606 642 1647 eadem
673 1607 816 1649 dicens·
842 1608 1016 1648 Romam
1046 1609 1262 1661 profectus
1293 1614 1364 1648 est.
1435 1607 1549 1648 Felix
1581 1612 1721 1646 autem

251 1663 409 1718 synodo
443 1664 483 1703 in
513 1663 671 1717 templo
700 1664 845 1704 summi
878 1664 1058 1719 apostoli
1079 1665 1196 1704 Petri
1227 1665 1334 1705 facta
1369 1664 1472 1705 duos
1496 1663 1717 1717 episcopos

254 1727 296 1760 et
320 1718 511 1760 ecclesiae
543 1719 798 1761 defensorem
830 1721 1239 1776 Constantinopolim
1268 1721 1392 1772 misit,
1422 1721 1605 1761 scribens
1637 1721 1718 1760 Ze-

254 1776 354 1816 noni
383 1781 424 1816 et
454 1777 603 1816 Acacio
634 1782 680 1816 ut
708 1778 878 1818 Petrum
897 1779 1095 1833 Moggum
1125 1783 1324 1833 tanquam
1356 1778 1615 1819 haereticum
1645 1776 1721 1817 eii-

255 1837 370 1872 ceret
417 1832 467 1872 ab
493 1832 747 1874 Alexandria.
811 1835 1000 1889 sequenti
1031 1849 1133 1875 vero
1168 1850 1275 1875 anno
1320 1835 1381 1876 his
1422 1835 1492 1890 qui
1523 1850 1545 1874 a
1579 1836 1715 1875 Roma

253 1888 360 1929 missi
388 1889 553 1929 fuerant
583 1890 693 1943 apud
721 1891 914 1945 Abydum
941 1891 1118 1932 Zenonis
1148 1897 1190 1932 et
1219 1892 1361 1932 Aeacii
1393 1892 1612 1931 voluntate
1643 1905 1713 1930 re-

255 1945 389 1996 tentis,
420 1945 649 2000 litterisque
678 1947 820 1988 ablatis
851 1947 891 1987 in
922 1962 1134 1997 carcerem
1172 1949 1316 1994 missis,
1351 1948 1625 1989 comminatus
1657 1944 1719 1987 est

254 2002 366 2041 Zeno
401 2001 489 2042 illos
519 2001 736 2053 occidere,
772 2003 847 2043 nisi
875 2005 1028 2045 Acacio
1059 2011 1100 2046 et
1125 2006 1255 2046 Petro
1294 2007 1449 2060 Moggo
1484 2004 1718 2045 communi-

110 2062 426 2109 'p.205cassent.
485 2072 619 2112 porro
648 2061 760 2100 Zeno
800 2061 972 2102 consilio
1008 2061 1146 2103 Aeacii
1187 2062 1371 2103 Orientis
1402 2061 1619 2117 episcopos
1644 2074 1721 2101 co-

255 2114 377 2169 gebat
426 2114 682 2155 subscribere
724 2118 887 2157 enotico
932 2124 974 2158 et
1018 2118 1330 2160 communicare
1372 2120 1503 2160 Petro
1550 2119 1720 2172 Moggo.

256 2171 507 2224 responsales
535 2185 635 2211 vero
664 2173 811 2213 Felicis
852 2175 1028 2214 Romani
1057 2175 1304 2216 conveniens
1343 2182 1385 2216 et
1426 2173 1613 2230 pecuniis
1645 2173 1721 2214 de-

256 2226 424 2281 cipiens,
457 2227 606 2267 Acacio
639 2230 948 2271 communicare
975 2239 1125 2272 contra
1152 2247 1259 2287 quae
1278 2232 1356 2273 sibi
1383 2233 1550 2273 fuerant
1580 2231 1719 2284 impe-

256 2290 348 2323 rata
375 2283 589 2337 persuasit,
620 2300 855 2342 quanquam
886 2302 908 2327 e
937 2294 1084 2328 contra
1113 2295 1180 2329 ter
1210 2295 1548 2330 contestarentur
1569 2287 1722 2327 ortho-

258 2339 370 2391 doxi,
406 2340 587 2394 primum
629 2343 797 2396 quidem
841 2344 963 2383 hamo
1005 2345 1421 2400 circumponentibus
1461 2347 1624 2395 funem,
1677 2350 1721 2383 et.

259 2411 386 2436 unum
418 2410 567 2437 eorum
604 2398 772 2451 publice
800 2400 1120 2453 instruentibus,
1166 2402 1395 2443 secundum
1425 2408 1563 2443 autem
1594 2401 1634 2440 in
1667 2399 1720 2439 li..

258 2453 383 2492 hrum
410 2452 684 2503 immiserunt,
718 2462 758 2495 et
779 2456 950 2497 tertium
977 2458 1018 2497 in
1050 2459 1277 2513 cophinum
1307 2460 1471 2500 olerum
1505 2459 1719 2511 imposue-

262 2515 372 2549 runt.
430 2511 543 2552 Felix
572 2518 708 2551 autem
728 2514 951 2565 compertis
983 2529 1089 2569 quae
1113 2517 1163 2556 ab
1194 2516 1472 2570 apocrisiariis
1501 2515 1581 2555 suis
1610 2520 1722 2568 gesta

261 2571 370 2615 sunt,
397 2565 589 2620 deposuit
623 2581 704 2618 eOS,
735 2569 915 2609 scribens
945 2571 1094 2611 Acacio
1136 2573 1454 2626 depositionem.
1524 2585 1660 2625 porro
1692 2569 1725 2610 is

263 2620 470 2685 qui-lianc
500 2622 727 2672 deferebat,
759 2626 951 2680 effugiens
983 2642 1050 2668 eos
1099 2630 1169 2683 qui
1205 2637 1324 2670 erant
1356 2630 1396 2669 in
1429 2628 1593 2683 Abydo,
1621 2641 1723 2682 per-

265 2683 379 2717 venit
408 2679 459 2718 ad
489 2681 785 2721 monasterium
815 2683 894 2722 Dii.
954 2684 1143 2724 monachi
1179 2701 1278 2726 vero
1311 2686 1381 2726 Dii
1414 2684 1626 2726 dominico
1658 2683 1726 2724 die

266 2733 308 2773 in
340 2737 521 2775 sacrario
553 2752 782 2791 porrexere
812 2739 1025 2793 epistolam
1039 2743 1201 2781 Acacio.
1262 2750 1322 2783 ast
1352 2743 1392 2782 hi
1424 2742 1495 2797 qui
1525 2746 1646 2781 erant
1677 2753 1725 2780 ex

266 2797 387 2843 parte
418 2793 549 2833 Aeacii
582 2802 850 2848 peremerunt
894 2797 1093 2851 quosdam
1123 2813 1168 2838 ex
1199 2799 1423 2849 monachis,
1459 2797 1531 2853 qui
1563 2798 1722 2850 episto-

269 2846 348 2886 lam
382 2845 608 2899 dederant,
657 2850 857 2906 quosdam
900 2860 1036 2894 autem
1086 2856 1267 2908 punitos'
1299 2856 1459 2896 carceri
1495 2853 1723 2895 tradidere.
