1768 3268
261 234 354 281 116
467 238 749 281 ANASTASII
792 237 1052 280 HlSTORIA
1102 230 1517 278 ECCLESIASTICA

256 353 467 392 allaturos.
529 354 716 392 exultant
758 352 887 408 igitur
917 365 1042 405 super
1088 349 1148 389 his
1180 350 1330 389 Persae
1371 359 1594 401 magorum
1627 345 1724 386 laeti

254 408 595 464 promissionibus
634 409 757 459 facti,
790 415 832 449 et
874 414 1046 463 patrant
1080 406 1283 447 continuo
1315 404 1472 458 ligneos
1501 401 1724 456 compedes

254 481 300 506 ex
349 465 460 520 ligno
503 471 545 505 et
593 466 736 516 ferro,
780 465 928 520 quibus
972 465 1181 504 Romanos
1226 459 1486 515 compeditos
1524 458 1723 500 vinciant.

252 527 427 576 praetor
455 527 594 561 autem
625 527 863 563 commovet
890 524 1113 571 Romanos,
1145 533 1196 559 ne
1224 532 1426 573 agrorum
1457 516 1622 556 labores
1653 530 1724 556 ex-

252 578 499 629 terminent,
529 593 580 619 ne
622 579 778 619 iustitia
821 578 908 630 dei,
952 592 1058 633 quae
1098 576 1251 616 malum
1283 573 1384 622 odit,
1414 572 1639 613 victoriam
1671 573 1723 613 ad

250 635 454 675 barbaros
485 636 721 676 transferat.
790 642 958 689 postera
996 647 1096 688 ergo
1140 633 1207 672 die
1236 637 1414 685 praetor
1444 629 1588 684 dirigit
1617 629 1722 670 duos

250 691 502 747 phylarchos
547 692 876 740 Saracenorum,
921 696 963 731 et
1004 690 1176 744 capiunt
1217 689 1361 729 Persas
1401 686 1611 739 viventes,
1646 700 1725 740 per

251 763 354 803 quos
382 754 517 788 motus
550 748 890 789 adversariorum
920 747 1186 798 didicerunt,
1214 745 1312 800 quia
1343 748 1609 785 asseruerunt
1638 743 1725 783 do...

250 805 404 845 minieo
438 804 504 844 die
538 805 640 846 velle
669 806 872 845 barbaros
903 804 942 843 in
975 805 1184 843 Romanos
1214 802 1395 842 irruere.
1453 814 1591 855 porro
1614 799 1721 840 Phi-

250 861 425 916 lippiens
458 861 641 902 diluculo
672 863 762 902 vale
795 862 931 902 dicens
949 860 1158 911 Romanis,
1189 859 1324 899 tribus
1354 857 1631 912 phalangibus
1651 871 1724 897 oc-

249 918 385 958 currit
414 917 464 957 ad
493 918 710 971 praelium,
742 919 913 973 ipseque
942 922 1145 970 assumpta
1180 915 1245 956 dei
1275 914 1387 955 virili
1414 915 1567 965 forma,
1595 927 1722 969 quam

249 974 570 1028 aehiropoieton
589 976 766 1015 Romani
786 974 1040 1028 praedicant,
1066 974 1302 1013 discurrens
1330 986 1409 1026 per
1441 972 1548 1012 acies
1579 985 1722 1010 arma-

247 1031 297 1071 tis
328 1032 508 1071 divinam
539 1031 861 1086 impartiebatur
878 1031 1088 1082 virtutem,
1119 1036 1161 1070 et
1190 1035 1297 1069 stans
1327 1034 1423 1083 post
1443 1028 1592 1076 aciem,
1621 1027 1723 1067 haec

246 1088 428 1128 retinens
462 1103 588 1139 arma,
620 1089 797 1128 lacrimis
820 1088 959 1127 multis
989 1087 1113 1127 deum
1144 1086 1351 1141 placabat,
1386 1085 1457 1141 qui
1482 1084 1724 1125 caelestium

246 1143 438 1184 ordinum
470 1144 677 1199 principes
716 1144 981 1184 auxiliatores
1021 1143 1249 1197 assumpsit.
1319 1157 1417 1182 cum
1456 1148 1598 1182 autem
1629 1141 1724 1181 bel..

246 1200 332 1239 lum
362 1206 583 1255 ageretur,
624 1201 854 1242 Vitalianus
893 1200 1092 1255 princeps
1138 1199 1242 1241 aciei
1285 1199 1480 1240 omnibus
1525 1197 1722 1239 audacius

106 1281 141 1317 p,
161 1269 234 1305 394
247 1263 382 1298 motus
412 1257 660 1311 phalangem
691 1258 914 1298 Persarum
949 1257 1130 1311 disrupit
1159 1263 1202 1297 et
1230 1257 1437 1297 sarcinam
1465 1254 1574 1296 tulit.
1631 1255 1723 1294 Ro-

244 1314 355 1353 mani
385 1319 522 1354 autem
551 1315 663 1354 circa
702 1314 834 1368 spolia
873 1319 1109 1368 coeperunt
1139 1328 1316 1365 vacare,
1366 1326 1470 1368 quos
1510 1311 1722 1367 accipiens

245 1370 514 1424 Philippicas,
544 1385 596 1411 ne
627 1370 680 1411 ad
711 1371 873 1411 exuvias
894 1371 1019 1410 etiam
1055 1370 1209 1425 reliqui
1240 1370 1398 1410 reversi
1426 1369 1576 1424 praelii
1607 1367 1723 1408 obli-

243 1427 504 1467 viscerentur
543 1427 818 1482 conversique
858 1427 1031 1467 barbari
1076 1427 1307 1481 perderent
1348 1440 1444 1477 eos,
1485 1425 1720 1467 Theodoro

245 1483 394 1523 llihino
425 1484 538 1537 galea
565 1499 636 1524 sua
664 1485 868 1538 imposita,
899 1483 1010 1523 misit
1033 1483 1170 1539 gladio
1195 1490 1419 1538 percutere
1438 1496 1508 1523 eos
1541 1482 1614 1537 qui
1647 1497 1722 1522 va-

243 1540 392 1579 cabant
422 1540 532 1579 eirca
560 1541 748 1589 exuvias3
779 1556 902 1596 quem
931 1541 1115 1581 videntes
1142 1547 1183 1581 et
1206 1540 1482 1580 existimantes
1514 1553 1598 1580 esse
1615 1538 1720 1579 Phi..

247 1597 458 1649 lippieum‚
490 1596 657 1637 dimissis
676 1597 816 1652 spoliis
833 1603 1124 1652 properarunt
1155 1596 1208 1637 ad
1225 1597 1393 1638 bellum.
1453 1611 1549 1636 cum
1579 1603 1722 1636 autem

243 1653 398 1692 bellum
429 1653 575 1692 multas
606 1668 682 1707 per
716 1654 836 1695 horas
870 1660 1079 1709 ageretur,
1110 1668 1189 1694 vox
1210 1654 1257 1694 fit
1288 1669 1309 1693 a
1330 1659 1532 1708 praetore
1563 1653 1721 1693 Persa-

246 1723 340 1748 rum
369 1723 496 1764 equos
525 1717 747 1763 pereutere
777 1711 951 1760 laneci53
982 1726 1066 1766 quo
1100 1711 1214 1751 facto
1249 1711 1289 1750 in
1322 1711 1462 1765 fugam
1487 1724 1628 1750 versus
1659 1715 1721 1750 est

244 1766 467 1805 Persarum
489 1767 704 1818 exercitus,
734 1773 775 1807 et
802 1767 1018 1822 triumpho
1051 1768 1210 1822 ingenti
1239 1768 1416 1807 Romani
1447 1766 1576 1822 potiti
1607 1765 1719 1806 mul..

245 1827 310 1862 tos
354 1836 399 1861 ex
436 1822 491 1861 eis
519 1831 787 1876 peremerunt
828 1831 868 1865 et
905 1825 1207 1879 spoliaverunt.
1282 1831 1454 1878 postera
1498 1837 1602 1864 vero
1651 1822 1720 1863 die

245 1877 416 1932 sumptis
448 1879 669 1919 virtutibus
697 1880 779 1920 suis
800 1882 1045 1936 Cardarigas
1074 1896 1216 1922 rursus
1246 1882 1298 1921 ad
1329 1881 1485 1922 bellum
1513 1885 1719 1931 armatur,

247 1940 288 1974 et
317 1935 498 1974 secundo
526 1936 685 1989 praelio
717 1944 830 1991 gesto
857 1937 992 1978 denuo
1022 1938 1196 1979 vincunt
1211 1937 1405 1989 Romani,
1440 1944 1482 1978 et
1512 1937 1721 1978 occiduu-

246 1996 317 2029 tur
347 1991 499 2031 Persae
541 1992 672 2032 multi,
732 1995 1151 2048 comprehenduntur
1191 1995 1315 2036 etiam
1354 1994 1441 2034 vivi
1471 1994 1556 2034 duo
1590 1993 1719 2044 milia,

245 2047 574 2102 Byzantiumque
613 2049 862 2099 mittuntur3
907 2053 1068 2106 aufugit
1096 2066 1268 2107 quoque
1299 2050 1561 2105 Cardwigas,
1593 2065 1720 2105 quem

245 2103 396 2144 Persae
427 2118 521 2143 eum
552 2105 711 2145 iniuriis
743 2115 956 2161 respuunt.
1017 2123 1152 2163 porro
1182 2108 1441 2164 Philippicas
1464 2107 1721 2159 Heraclium,

113 2177 149 2211 p.
164 2164 233 2199 395
247 2159 428 2200 Heraclii
456 2160 722 2215 imperatoris
751 2170 927 2216 patrem,
953 2165 1026 2205 sub
1047 2172 1292 2219 praetorem
1313 2165 1366 2206 ad
1387 2164 1723 2219 explorationem

248 2217 530 2256 barbarorum
559 2220 796 2270 transmisit,
828 2223 1084 2276 sumptisque
1114 2222 1269 2263 militiis
1300 2221 1576 2277 Babyloniam
1601 2219 1718 2271 adiit,

248 2279 288 2313 et
310 2272 633 2313 Chlomarorum
663 2277 873 2316 castellum
904 2279 1079 2319 obsidet.
1139 2286 1181 2320 at
1225 2294 1327 2320 vero
1367 2278 1615 2332 Cardarigas
1643 2276 1719 2317 eli-

248 2329 308 2384 git
343 2329 489 2370 milites
518 2330 665 2370 idiotas
698 2345 792 2371 cum
819 2334 1097 2388 subiugalibus
1129 2335 1179 2387 *),
1215 2343 1257 2376 et
1286 2335 1413 2376 turba
1444 2334 1620 2375 collecta
1651 2348 1719 2374 cx-

249 2385 428 2425 ercitum
467 2400 508 2426 se
538 2401 707 2427 movere
754 2388 952 2441 iactabat,
997 2397 1038 2431 et
1081 2407 1158 2446 per
1203 2393 1363 2432 munita
1409 2393 1502 2432 loca
1538 2391 1719 2431 obscura

249 2449 373 2481 noete
405 2442 446 2482 in
481 2442 604 2483 dorsa
632 2444 919 2485 Romanorum
956 2448 1214 2500 efficiuntur,
1249 2463 1514 2505 nequaquam
1544 2447 1719 2487 fidentes

248 2512 290 2537 se
320 2513 463 2539 manus
499 2500 539 2538 in
575 2513 643 2538 eos
669 2500 874 2542 missuros.
911 2503 1063 2544 timore
1094 2512 1231 2545 autem
1263 2506 1511 2560 importuno
1543 2504 1720 2544 cadente

251 2554 292 2593 in
326 2554 610 2609 Philippieum
653 2556 749 2611 fuga
792 2557 1069 2600 irrationabili
1110 2577 1204 2602 usus
1234 2570 1306 2602 est.
1374 2576 1461 2617 quo
1491 2565 1718 2614 comperto

250 2610 426 2651 Romani
458 2612 499 2652 in
527 2612 666 2668 fugam
687 2615 1045 2657 convertebantur
1064 2633 1140 2672 per
1169 2618 1261 2659 loca
1296 2618 1349 2660 ad
1379 2618 1604 2658 meandum
1633 2616 1719 2658 dif-

295 2766 326 2813 *)
344 2765 616 2821 ‘subiugalibusJ
643 2769 811 2804 Glossae:
840 2770 1047 2819 ὑποζύγιον
1071 2774 1290 2820 subjugium.
1319 2776 1600 2811 Onomasticon:
1626 2773 1717 2809 sub-

342 2814 470 2894 1Fugalis
498 2815 708 2864 ὑποζύγιος.
760 2818 960 2864 subiugalis
986 2821 1100 2856 bestia
1115 2824 1312 2859 Prudentio
1339 2825 1377 2859 in
1407 2836 1523 2870 agone
1550 2823 1713 2859 Romani.

372 2874 447 2895 ABR.
