1768 3268
288 183 350 231 50
498 185 777 229 ANASTAsu
818 184 1075 228 Hls'romA
1117 181 1526 227 ECCLESIASTICA

285 318 403 358 egere
431 309 478 343 ut
523 303 645 343 exilio
680 301 936 356 relegaretur
961 315 1130 356 magnus
1160 297 1398 341 Athanasius
1436 295 1548 352 apud
1580 295 1736 337 Triba-

283 363 361 400 rim
393 360 546 400 Galliae
571 359 793 399 civitatem.

131 431 223 477 P·50
247 432 270 467 6
392 434 531 473 Ροιϊο
561 431 771 472 tricesimo
813 429 995 472 secundo
1036 428 1201 483 imperii
1232 425 1493 468 Constantini
1531 424 1738 482 principis

280 504 390 529 anno
410 490 557 529 Persae
578 494 724 528 contra
741 489 947 528 Romanos
969 486 1172 541 praelium
1195 485 1444 525 indicavere.
1502 489 1603 523 tunc
1619 483 1736 525 Con-

277 546 477 585 stantinus
511 560 604 585 cum
637 544 845 585 transisset
878 545 917 583 in
938 541 1311 584 Nicomediensium
1344 540 1557 580 civitatem
1586 544 1736 580 eontra

277 602 418 642 Persas
431 601 720 656 praeliaturus,
737 602 932 656 languore
945 605 1191 656 praeventus
1213 599 1251 638 in
1265 611 1368 653 pace
1384 595 1599 637 dormivit.
1618 603 1737 646 tune,

276 666 321 697 ut
351 658 517 713 quidam
546 672 691 698 eorum
723 657 795 713 qui
839 672 934 697 cum
961 656 1062 696 Ario
1093 655 1275 695 sentiunt
1304 653 1438 706 aiunt,
1468 652 1520 693 ab
1549 652 1731 694 Eusebio

275 714 573 755 Nicomediensi
597 713 1000 767 Constantinopolim
1028 712 1226 752 translato
1255 717 1445 752 sanctum
1473 711 1628 750 meruit
1655 711 1735 751 ba-

274 771 419 824 ptisma
449 771 691 824 percipere;
744 770 855 825 quod
895 770 1152 810 mendacium
1198 773 1280 820 est,
1322 769 1429 808 sicut
1455 768 1643 821 superius
1674 771 1735 807 est

274 828 622 881 comprobatum:
668 827 826 867 Romae
867 826 1022 880 quippe
1065 841 1087 866 a
1133 824 1332 866 Silvestro
1372 822 1603 878 baptizatus
1641 828 1727 871 est,

273 883 621 937 quemadmodum
655 890 696 923 et
735 882 1104 936 praeostendimus.
1180 881 1281 921 vixit
1317 885 1455 921 autem
1481 893 1560 933 per
1590 895 1729 920 omnes

273 940 355 979 dies
383 940 492 979 vitae
523 954 617 979 suae
649 940 760 978 annis
789 939 993 993 sexaginta
1024 939 1221 994 quinque,
1252 952 1348 979 cum
1377 936 1618 992 imperasset
1652 952 1729 977 an-

274 995 332 1034 nis
360 996 527 1050 triginta
558 1009 641 1036 uno
672 1002 712 1035 et
740 996 946 1037 mensibus
978 994 1134 1036 decem.

98 1079 130 1114 p.
145 1067 188 1101 51
218 1064 261 1102 14
379 1063 521 1103 Mundi
554 1077 661 1103 anno
693 1062 815 1114 5825,
845 1061 1007 1103 divinae
1037 1061 1335 1103 incarnationis
1365 1076 1475 1101 anno
1504 1059 1603 1110 325,
1633 1075 1727 1100 cum

272 1118 565 1159 Constantinus
587 1133 755 1173 magnus
774 1125 816 1159 et
830 1126 991 1159 sanctus
1011 1119 1250 1174 quievisset,
1275 1125 1359 1159 tres
1388 1118 1463 1158 filii
1493 1118 1578 1159 eius
1610 1117 1727 1158 obti-

270 1189 398 1215 nuere
426 1176 662 1225 Romanos,
707 1181 748 1214 et
778 1175 994 1215 Orientem
1034 1174 1202 1230 quidem
1232 1174 1509 1226 Constantius,
1542 1179 1584 1214 et
1613 1175 1728 1215 Con-

267 1231 464 1271 stantinus
495 1231 666 1272 ltaliam.
695 1230 765 1271 sed
790 1237 833 1271 et
861 1232 1150 1272 Constantinus
1176 1231 1317 1286 primo
1347 1231 1519 1286 quidem
1549 1230 1729 1271 homou-

266 1287 326 1326 sio
346 1292 528 1341 recepto,
560 1286 827 1341 postmodum
856 1287 1000 1328 mentis
1030 1289 1198 1329 levitate
1222 1294 1406 1329 mutatus
1429 1295 1502 1339 est,
1531 1287 1726 1328 seductus

266 1343 316 1383 ab
347 1343 498 1383 Ariano
529 1344 774 1398 presbytero
803 1349 844 1384 et
870 1345 1054 1386 Eusebio
1097 1345 1389 1386 eunuchorum
1427 1343 1570 1400 primo
1600 1350 1729 1400 atque

264 1399 559 1440 Nicomediensi
589 1399 783 1440 Eusebio.

86 1492 121 1527 p.
138 1481 182 1516 53
209 1480 252 1517 16
372 1477 516 1518 Tertio
547 1477 687 1533 itaque
704 1477 867 1531 imperii
886 1477 1118 1519 Constantii
1161 1492 1272 1519 anno
1295 1478 1592 1520 Constantinus
1619 1479 1726 1520 filius

265 1534 400 1588 magni
433 1534 701 1585 Constantini,
732 1535 946 1588 profectus
987 1534 1038 1575 ad
1066 1541 1206 1590 partes
1248 1535 1458 1576 fatris-sui
1487 1535 1726 1578 Constantis

267 1596 309 1630 et
333 1590 486 1630 bellum
521 1605 747 1646 aggressus,
794 1607 817 1630 a
846 1591 1045 1632 militibus
1078 1591 1236 1633 occisus
1266 1597 1345 1644 est,
1375 1599 1418 1632 et
1449 1593 1585 1633 tenuit
1613 1594 1725 1633 Con-

267 1653 372 1686 stans
410 1647 516 1687 solus
549 1647 674 1687 totius
703 1647 928 1702 Hesperiae
971 1653 1145 1688 terram.
1217 1661 1352 1702 porro
1386 1649 1649 1690 Constantius
1681 1649 1723 1689 in

162 1705 256 1754 p.54
269 1703 440 1743 Oriente
485 1717 627 1757 gerens
658 1704 877 1758 imperium
907 1705 1073 1745 Gallum
1101 1711 1143 1746 et
1183 1704 1388 1746 Iulianum
1417 1706 1593 1747 tradidit
1623 1720 1725 1747 eru-

267 1757 436 1799 diendos
467 1759 507 1798 in
539 1759 630 1800 villa
661 1761 892 1802 Demaeelle
918 1768 1088 1812 vocata,
1119 1775 1224 1816 quae
1255 1761 1369 1802 iuxta
1401 1763 1634 1803 Caesariam
1664 1769 1725 1804 est

267 1814 552 1869 Cappadociae
579 1817 665 1860 sita.
723 1816 766 1856 hi
798 1817 880 1859 duo
910 1817 1062 1858 fratres
1101 1818 1278 1859 lectores
1309 1818 1407 1859 facti
1437 1825 1548 1872 sunt,
1581 1825 1624 1860 et
1654 1833 1725 1860 cc-

267 1871 427 1911 clesiam
459 1872 674 1913 aedificare
716 1875 756 1914 S.
785 1876 944 1914 Mamae
974 1875 1149 1930 martyri
1176 1882 1444 1916 curaverunt.
1506 1891 1652 1917 verum
1681 1876 1722 1916 in

266 1933 386 1981 parte
417 1942 497 1983 qua
528 1929 723 1969 lulianum
752 1944 999 1972 conservare
1026 1931 1214 1986 contigit,
1242 1937 1358 1972 terra
1381 1933 1496 1987 quod
1526 1932 1723 1973 aedifica-

267 1983 393 2023 batur
428 1984 536 2023 nullo
570 1987 694 2024 modo
717 1987 955 2040 recipiebat.
1012 2001 1146 2041 porro
1178 1988 1360 2028 detonsis
1389 1989 1546 2044 capillis
1574 2004 1726 2030 mona-

267 2039 414 2079 sticum
450 2040 628 2079 studium
671 2041 897 2082 simulabat.
970 2044 1232 2085 Constantius
1265 2050 1404 2085 autem
1447 2052 1489 2086 et
1524 2047 1725 2087 Constans

271 2094 375 2149 leges
404 2094 580 2146 edidere,
610 2096 801 2138 Iudaeum
846 2114 928 2139 non
958 2115 1095 2142 emere
1123 2115 1316 2151 servum,
1349 2102 1536 2157 alioquin
1567 2102 1725 2143 auferri

271 2166 366 2191 eum
396 2157 438 2192 et
462 2152 638 2205 publicis
681 2155 908 2195 rationibus
945 2157 1068 2197 tradi.
1124 2171 1258 2211 porro
1289 2157 1322 2198 si
1350 2165 1392 2199 et
1421 2158 1726 2201 circumcidere

271 2222 388 2247 ausus
418 2207 546 2248 fuerit
569 2222 745 2261 servum,
774 2211 910 2266 gladio
939 2214 1084 2267 puniri
1113 2209 1211 2254 talia
1238 2221 1588 2270 praesumentem.

93 2302 128 2337 p.
143 2291 187 2325 55
215 2293 258 2327 16
380 2285 526 2326 Mundi
553 2301 659 2327 anno
693 2284 825 2340 5834,
858 2290 1019 2332 divinae
1048 2292 1345 2334 incarnationis
1375 2308 1484 2334 anno
1517 2292 1623 2345 334,
1655 2295 1724 2335 Iu-

269 2341 344 2381 lius
371 2342 604 2382 Romanum
635 2344 741 2398 gerit
767 2347 1041 2398 pontificium,
1076 2350 1338 2391 Constantius
1371 2350 1422 2391 de
1443 2351 1615 2407 Assyriis
1642 2351 1726 2391 tri-

267 2397 495 2451 umphavit,
524 2398 658 2438 Sabor
689 2400 936 2443 Christianos
965 2405 1081 2458 regni
1119 2406 1180 2446 sui
1210 2408 1495 2462 persequitur,
1525 2407 1725 2448 Constans

111 2475 134 2509 p
160 2463 206 2498 56
232 2465 367 2500 4vero
395 2454 578 2494 Francos
611 2455 847 2497 devastavit.
906 2475 984 2513 per
1013 2461 1118 2502 idem
1149 2469 1311 2518 tempus
1340 2471 1481 2504 terrae
1509 2470 1628 2504 motu
1658 2465 1724 2504 in-

267 2510 378 2563 genti
422 2510 534 2550 facto
580 2513 842 2553 Neocaesaria
877 2515 1002 2557 Ponti
1048 2519 1220 2569 cecidit,
1254 2527 1425 2575 excepta
1469 2521 1638 2561 ecclesia
1682 2528 1723 2561 et

267 2566 477 2621 episcopio
498 2569 529 2618 *)
563 2572 604 2606 et
633 2568 785 2608 ibidem
817 2573 991 2624 repertis
1023 2575 1119 2615 viris
1150 2577 1362 2631 religiosis.
1420 2582 1522 2618 tunc
1549 2584 1591 2618 et
1606 2578 1721 2618 Pau-

267 2622 327 2662 lus
357 2623 567 2664 confessor
612 2623 833 2666 ordinatur
870 2628 1083 2685 episcopus
1116 2633 1553 2689 Constantinopoleos.
1625 2647 1721 2675 sane

313 2744 343 2790 ‘')
368 2744 564 2798 episcopio]
591 2745 811 2782 Flodoardus
845 2749 951 2785 120:
989 2752 1109 2798 sicque
1148 2766 1319 2801 prospere
1344 2757 1380 2791 in
1414 2768 1517 2791 suum
1557 2767 1718 2791 reversus

358 2793 589 2839 episcopium.
619 2794 723 2828 Fun.
