1728 3184
190 173 287 223 324
690 182 746 222 IN
785 175 1156 220 THEOPHANEM

189 297 382 336 rationem
416 294 593 344 adhibet,
625 295 832 336 secundum
862 307 982 349 quam
998 293 1149 334 natalis
1174 291 1456 343 Dzbnysr‘ames
1481 291 1666 331 convenit

188 367 296 392 anno
321 352 462 392 mundi
479 349 602 405 5493,
635 353 882 392 Graecorum
906 366 999 390 vero
1016 350 1206 389 sententia
1224 346 1346 389 5500.
1381 354 1423 387 at
1440 354 1555 391 certe
1577 363 1667 387 eam

190 423 274 449 esse
302 407 566 463 Theophani,
596 424 702 464 quae
739 408 923 462 Georgio
947 406 1138 462 Syncello
1159 404 1430 458 computandi
1462 418 1668 452 normam,

188 465 377 519 Georgio
408 480 533 518 vero,
567 476 673 520 quae
704 465 872 504 Graecis
910 463 1205 518 Dionysianam
1241 476 1380 501 aeram
1414 475 1524 502 anno
1554 460 1664 500 5500

189 521 462 562 statuentibus
507 521 595 576 ipse
624 520 899 576 Theophanes
928 520 968 559 in
1002 519 1249 573 prooemio,
1279 525 1320 558 ct
1350 517 1557 572 Georgius
1587 530 1662 557 suo

190 579 230 617 in
256 591 399 631 opere,
430 586 470 618 et
502 579 721 633 utriusque
750 577 906 632 scripta
936 577 986 616 ad
1021 577 1196 616 invicem
1226 580 1472 628 comparata
1503 580 1664 614 testan-

189 640 283 674 tur:
317 635 368 675 de
398 634 546 690 quibus
575 649 703 689 supra
742 634 784 674 in
817 632 1024 673 annotatis
1055 633 1105 672 ad
1138 634 1419 686 prooemium.

301 718 369 769 31,
402 718 466 759 17.
524 714 672 771 πρώτη
710 715 886 765 σύνοδος
925 717 974 772 τῇ
1012 711 1065 769 ιβ’
1114 716 1361 768 ι’νὸικτιῶνι]
1403 716 1664 756 manifestum

188 775 455 829 Theophanis
486 774 732 815 indictiones
762 773 830 814 hic
858 773 1042 828 primum
1073 773 1343 813 memorantis
1374 787 1564 813 errorem
1597 772 1666 812 hic

190 835 411 873 detecturo
444 831 649 887 quaedam
678 830 795 885 prius
819 835 1052 870 occurrunt
1073 829 1359 884 supponenda.
1420 830 1455 870 1.
1478 832 1662 870 Graecos

187 887 344 930 Latinis
373 888 415 928 in
444 887 741 927 indictionibus
773 886 1037 927 numerandis
1067 887 1288 927 adsentiri:
1318 886 1509 942 adeoque
1542 900 1666 937 anno,

191 961 277 1001 quo
309 945 494 985 Christus
526 943 658 984 lucem
688 943 856 997 aspexit,
888 957 1012 983 unam
1043 942 1155 996 apud
1185 949 1389 999 utrosque
1421 943 1544 998 afligi,
1575 950 1665 983 ter..

189 1005 289 1043 tiam
317 1001 525 1051 videlicet,
556 1006 597 1040 et
624 1013 732 1039 anno
763 999 974 1054 praesenti
999 997 1104 1039 1650
1135 999 1303 1039 tertiam
1323 1000 1486 1054 pariter
1518 1014 1668 1039 recen-

189 1058 283 1099 seri.
345 1058 384 1098 2.
414 1073 435 1097 a
459 1055 613 1097 Christi
647 1056 843 1096 natalitiis
870 1055 921 1096 ad
948 1054 1121 1095 huiusce
1156 1057 1254 1095 anni
1285 1056 1460 1095 limitem
1490 1055 1667 1096 eundem

190 1130 275 1156 esse
307 1128 547 1163 numerum,
578 1112 651 1167 qui
696 1117 758 1153 est
794 1112 906 1152 mille
946 1119 1238 1153 sexcentorum
1278 1118 1321 1152 et
1352 1113 1668 1168 quinquaginta.

189 1170 228 1212 3.
261 1187 283 1211 a
313 1170 455 1210 mundi
502 1170 678 1210 conditu
721 1183 851 1209 annos
881 1167 1059 1223 putandi
1106 1174 1190 1209 tres
1225 1183 1308 1209 esse
1338 1169 1452 1224 apud
1483 1171 1669 1210 Graecos

190 1227 442 1268 celebriores
472 1226 631 1266 modos.
709 1224 753 1264 hi
796 1225 954 1280 quippe
982 1224 1126 1265 mundi
1156 1224 1281 1277 5493,
1312 1226 1375 1266 isti
1407 1224 1529 1278 5500,
1561 1240 1669 1280 quae

192 1284 365 1338 Georgii
399 1282 575 1338 Syncelli
599 1288 642 1323 et
661 1281 932 1336 Theophanis
961 1282 1164 1323 sententia
1195 1288 1268 1334 est,
1298 1283 1366 1323 alii
1397 1281 1507 1322 5508
1541 1282 1669 1322 Chri-

190 1348 299 1381 stum
331 1346 431 1380 ortu
469 1354 543 1379 suo
590 1345 725 1378 terras
755 1353 1014 1380 consecrasse
1058 1339 1319 1394 praedicant.
1377 1338 1439 1379 his
1469 1339 1672 1393 praemis-

190 1397 266 1438 sis:
302 1396 443 1436 demus
463 1395 727 1449 Theophani,
759 1394 871 1436 iuxta
902 1395 1099 1450 proprios
1129 1396 1204 1436 sihi
1237 1395 1417 1436 calculos
1448 1396 1671 1436 Nicaenam

191 1455 399 1509 synodum
430 1468 540 1492 anno
572 1453 623 1492 ab
657 1452 762 1492 orbe
790 1452 963 1492 condito
992 1450 1102 1492 5816
1136 1459 1178 1492 et
1208 1467 1230 1492 a
1262 1452 1426 1493 Christo
1458 1459 1557 1492 nato
1588 1450 1671 1492 316

193 1510 478 1550 celebratam:
527 1523 624 1548 cum
665 1508 733 1549 ille
775 1515 892 1549 ortus
924 1508 987 1549 sui
1029 1510 1227 1549 comitem
1269 1509 1467 1549 habuerit
1503 1508 1672 1549 tertiam

194 1567 499 1606 indictionem:
540 1566 717 1604 Nicaena
751 1566 932 1620 synodus
962 1579 1046 1604 non
1077 1566 1118 1605 in
1153 1566 1217 1617 12,
1248 1565 1318 1606 sed
1350 1567 1388 1605 in
1420 1564 1448 1604 4
1477 1563 1674 1605 indictio-

195 1638 291 1662 nem
325 1621 566 1676 reperietur
610 1621 795 1661 incidere
816 1652 828 1672 ‚
859 1636 907 1661 ac
952 1621 1071 1661 simul
1106 1636 1297 1662 errorem
1332 1622 1373 1661 in
1406 1623 1540 1676 posita
1566 1622 1675 1661 indi·

196 1680 337 1719 ctione
372 1692 574 1731 arguere:
620 1678 680 1717 vel
715 1678 754 1716 in
788 1679 1006 1718 adversum
1035 1678 1214 1718 Nicaena
1258 1678 1421 1734 synodo
1455 1677 1675 1719 indictioni

197 1735 471 1775 duodecimae
507 1734 688 1787 alligata,
718 1735 847 1787 ipsam
877 1733 1050 1774 candem
1090 1734 1294 1790 synodum
1326 1734 1438 1774 haud
1469 1735 1550 1774 iam
1584 1750 1676 1774 am-

195 1793 304 1847 plius
338 1792 379 1830 in
412 1790 555 1830 mundi
586 1789 695 1830 5816
726 1797 768 1830 et
798 1790 953 1831 Christi
995 1788 1089 1830 316.
1148 1806 1295 1831 verum
1324 1791 1363 1830 in
1392 1792 1537 1831 mundi
1566 1787 1678 1831 5824

200 1855 240 1888 et
263 1847 414 1888 Christi
445 1844 528 1887 324
559 1846 796 1897 incurrere,
831 1862 880 1887 ac
909 1846 1029 1887 simul
1059 1846 1360 1887 hallucinatum
1374 1847 1677 1902 Theophanem

201 1903 574 1958 deprehendemus,
635 1904 791 1943 erroris
825 1918 988 1944 causam
1026 1908 1068 1943 et
1102 1903 1327 1959 reparandi
1354 1903 1524 1945 modum
1551 1919 1681 1959 prae-

200 1962 384 2002 misimus
414 1966 514 1999 nota
546 1960 586 1998 in
618 1960 757 2014 operis
790 1960 960 2000 titulum
989 1966 1115 2000 sexta.

318 2044 426 2090 [bid.
459 2041 525 2083 19.
600 2041 702 2096 μηνί
729 2041 864 2100 ,Μαΐῳ
893 2038 955 2094 κ’]
1003 2059 1050 2084 ex
1083 2045 1259 2085 Socrate
1288 2044 1360 2085 lib.
1393 2045 1411 2085 1
1446 2061 1536 2101 cap.
1569 2044 1594 2087 9
1626 2046 1679 2087 ad

202 2102 374 2142 calcem.
443 2098 466 2138 ὁ
505 2095 659 2151 χρόνος
693 2099 739 2140 δὲ
770 2102 842 2152 τῆς
873 2095 1082 2150 συνόδου,
1125 2099 1183 2148 ὥς
1210 2101 1254 2142 ἐν
1282 2099 1683 2156 παρασημειώσεσιν

203 2153 405 2210 εὕρομεν,
447 2150 655 2203 ὑπατείας
699 2155 926 2196 Παυλῖνον
972 2157 1045 2196 καί
1068 2155 1305 2198 Ἰουλιανοῦ
1342 2159 1393 2214 τῇ
1423 2158 1562 2201 εἰκάδι
1604 2159 1685 2199 τοῦ

204 2213 360 2254 111αίου
391 2207 535 2265 μηνός.
605 2211 753 2268 quoad
791 2222 946 2267 tempus
975 2215 1142 2253 concilii
1178 2218 1334 2267 attinet,
1370 2224 1556 2255 coactum
1586 2216 1681 2270 qui-

204 2270 293 2309 dem
317 2269 411 2322 fuit,
437 2269 538 2308 sicut
562 2282 618 2307 ex
658 2269 873 2308 annalium
911 2272 1209 2310 commentariis
1240 2280 1405 2321 constat,
1438 2272 1617 2312 Paulino
1645 2280 1683 2311 et

204 2325 370 2381 Ιιιίἰᾳηο
399 2339 499 2365 coss.
533 2326 678 2363 mensis
693 2325 807 2364 Maii
829 2325 898 2364 die
923 2328 1119 2370 vicesimo.
1150 2329 1292 2368 subdit
1318 2329 1533 2368 Socrates:
1560 2327 1683 2367 τοῦτο

208 2380 254 2421 δὲ
286 2382 333 2433 ἠν
362 2375 657 2430 ἑξακοσιοστὸν
677 2378 924 2433 τριακοστὸν
946 2382 1061 2422 ἕκτον
1078 2379 1167 2431 ἔτος
1197 2381 1279 2423 αἠὁ
1300 2384 1375 2437 τῆς
1398 2379 1683 2436 Ἀλεξάνδρου

207 2438 285 2477 τοῦ
320 2435 571 2484 Μακεδόνος
599 2437 833 2487 βασιλείας.
901 2448 989 2478 erat
1021 2455 1148 2494 porro
1173 2441 1227 2480 ab
1266 2442 1505 2481 Alexandri
1534 2441 1683 2480 Mace-

208 2495 323 2534 donis
352 2494 524 2549 imperio
551 2508 680 2533 annus
700 2491 798 2534 636.
854 2494 1154 2549 Theophanem
1175 2492 1514 2549 τεσσαρακοστὸν
1543 2496 1687 2550 legisse

210 2557 329 2604 puto.
403 2564 498 2588 cum
541 2549 650 2590 enim
690 2550 894 2603 Georgius
925 2552 1159 2605 Synccllus,
1206 2569 1331 2607 quem
1365 2553 1432 2593 ille
1478 2553 1684 2607 sequitur,

211 2605 432 2646 Alexandri
455 2611 638 2659 mortem
660 2621 769 2647 anno
792 2606 1059 2648 1nundi5170
1091 2610 1378 2658 coniunxerit3
1408 2609 1468 2649 his
1496 2609 1571 2648 nisi
1600 2623 1689 2648 sex-

213 2669 355 2703 centos
385 2661 661 2716 quadraginta
691 2669 733 2703 et
758 2677 824 2703 sex
855 2678 982 2704 annos
1014 2665 1249 2715 addidisset,
1282 2667 1506 2706 Nicaenum
1537 2665 1686 2705 conci-

214 2718 314 2757 lium
346 2733 456 2759 anno
488 2719 632 2759 mundi
650 2718 760 2760 5816
793 2734 875 2759 non
909 2720 1140 2776 collegisset
1166 2722 1438 2773 celebratum,
1469 2722 1543 2762 nisi
1575 2723 1688 2761 forte

215 2775 268 2814 ad
301 2789 457 2815 annum
485 2774 597 2816 5180
628 2775 846 2816 Alexandri
880 2777 1042 2818 obitum
1084 2779 1342 2834 seposuisset.
1402 2793 1449 2819 ex
1492 2778 1570 2818 hac
1609 2777 1689 2818 So-
