1728 3184
698 192 898 236 NOTAE.
1432 185 1492 235 41
1503 190 1529 235 7

67 304 146 362 τὴν
170 301 428 378 ssnzqou'oev,
463 317 633 365 propter
669 308 959 364 inexplebilem
1004 309 1243 350 avaritiam.
1314 309 1533 366 legendum

66 365 243 406 fortasse
270 361 483 406 ἄπιστιᾝαν

177 435 273 489 253,
311 435 356 478 3.
412 432 487 478 τὸν
505 435 799 492 πραιπόσιτον]
832 435 906 476 καὶ
924 435 1286 491 κουβικουλᾰριον,
1317 439 1374 479 ait
1400 439 1533 480 ebro-

66 493 147 534 nic.
178 493 302 534 idem.

90 618 92 620 ,
176 575 283 616 Ibe‘d.
314 558 356 615 5.
411 579 561 629 χοῖρος
587 574 739 630 μέγας]
772 575 973 616 Iustinum
1003 575 1243 628 adumbrat,
1277 577 1349 631 qui
1377 592 1533 631 porca.

63 631 151 673 rius
178 633 272 673 fuit.
293 633 489 672 Zonaras.

174 703 346 746 lbid.7.
403 700 606 768 Πρόκλον
647 701 723 744 τὸν
765 703 1061 772 ὅνειροκρίτηι]
1103 705 1292 745 chronic.
1334 703 1533 756 Πρόκλον

58 756 135 800 τὸν
157 754 371 811 Ἀσιανόν,
399 756 474 801 τὸν
506 758 754 815 φιλόσοφον,
784 775 853 800 και
885 758 1184 815 ὅνειροκυίτην.
1243 762 1367 815 plura
1397 762 1450 802 de
1481 776 1532 802 eo

58 817 256 858 Zonaras.

170 887 475 931 1bid.9.tov
516 887 564 928 δὲ
608 884 837 930 ἐπισκόπου
886 890 995 932 ΚΠ
1044 889 1276 944 Τιμοθέου]
1322 892 1532 944 praesenti

60 960 172 986 anno
185 945 456 986 Timotheum
468 945 550 985 CP.
583 945 867 999 patriarcham
894 946 1043 986 obiisse
1073 960 1119 986 ex
1143 946 1375 1001 Nicephori
1405 947 1533 987 chro-

59 1002 160 1042 nico
185 1002 411 1043 confirmat
441 1002 646 1042 Baronius
676 1002 729 1042 ad
759 1017 824 1041 an.
854 1000 934 1042 517
968 1017 1008 1043 n.
1042 999 1111 1041 61.

169 1085 278 1126 lbid.
314 1085 378 1126 11.
445 1085 693 1139 Σύγκελλον]
735 1085 825 1140 quis
866 1086 1077 1141 Synccllus
1127 1085 1285 1126 dictum
1319 1087 1531 1141 superius:

61 1141 329 1195 patriarchae
359 1142 556 1181 nimirum
596 1143 918 1191 concellaneus,
947 1157 1123 1192 mensae,
1153 1145 1439 1196 consiliorum,
1468 1160 1533 1185 se-

58 1203 359 1253 cretorumque
388 1199 589 1246 conscius,
617 1204 658 1237 et
688 1199 847 1237 animae
863 1176 966 1238 fi‹lus
998 1198 1253 1250 moderator,
1286 1202 1418 1255 quiet
1446 1202 1534 1255 spi-

61 1253 223 1294 ritualis
254 1261 392 1308 pater.
458 1270 505 1296 ex
541 1254 733 1319 Syncello
773 1255 930 1322 primus
974 1254 1042 1294 hic
1071 1257 1244 1295 Ioannes
1278 1257 1318 1295 in
1349 1257 1534 1310 patriar-

57 1310 185 1351 cbatu
215 1324 444 1350 successor.
505 1307 638 1350 πάὶαι
666 1306 768 1377 ἱ’γάρ
798 1308 820 1350 ὁ
850 1307 1069 1363 λεγόμενος
1098 1309 1328 1361 Σιγκελλος
1354 1312 1430 1351 τοῦ
1453 1328 1535 1352 ⁷1oe-

55 1363 266 1421 τριάρχου
293 1364 498 1414 θανόντος
538 1380 598 1413 εις
632 1363 705 1405 τὸν
747 1365 907 1406 ἐκείνου
944 1367 1067 1406 τόπον
1096 1365 1437 1419 αντικαθιὸτατο,
1469 1369 1534 1407 in-

58 1422 154 1476 quit
184 1422 414 1463 cedrenus.
443 1422 577 1462 dictus
606 1422 706 1462 olzm
735 1422 963 1474 Sym-ellus,
994 1423 1177 1472 defimcto
1199 1425 1534 1477 patr1arcl1a‚1'n

51 1479 138 1518 eius
169 1478 306 1519 locum
336 1479 663 1520 substituebatur.
722 1478 834 1518 idem
868 1480 908 1518 in
940 1479 1214 1518 Constantino
1241 1480 1524 1520 Monomacho

53 1533 279 1589 Seriphum
298 1536 607 1575 Saracenorum
637 1548 786 1574 eorum
816 1535 1014 1589 Calipbae
1045 1541 1275 1589 comparat.
1335 1536 1430 1575 ltine
1459 1538 1528 1576 Io-

54 1605 179 1631 annes
208 1591 423 1647 Syncellus
460 1587 621 1643 θρόνου
671 1587 871 1643 διάδοχος
900 1606 923 1631 a
955 1591 1159 1631 Michaele
1187 1591 1409 1646 Theophili
1442 1593 1528 1632 filio

55 1646 168 1702 apud
195 1647 373 1688 eundem
410 1647 649 1688 Cedrenum
692 1647 944 1688 declaratur.
1014 1648 1045 1687 is
1074 1653 1213 1687 tamen
1243 1663 1331 1688 mos
1361 1648 1531 1703 Syncel·

54 1703 182 1743 lum
169 1719 212 1744 m
240 1703 508 1759 patriarchae
546 1703 685 1743 locum
716 1703 938 1755 evehendi,
967 1704 1082 1744 cuius
1112 1704 1351 1757 primordia
1381 1705 1531 1744 obser-

53 1773 197 1800 vamus
216 1792 229 1811 ,
271 1761 439 1801 nonnisi
468 1761 581 1800 circa
606 1767 804 1800 octavum
837 1767 879 1800 et
905 1775 1065 1800 nonum
1094 1761 1304 1800 saeculum
1337 1774 1531 1800 commu-

53 1830 149 1856 nem
190 1831 307 1857 usum
353 1817 552 1857 obtinuit.
622 1815 674 1856 de
715 1816 910 1871 Syneello
951 1816 1219 1871 prooemium
1265 1822 1455 1858 nostrum
1486 1817 1528 1856 in

54 1873 231 1927 Georgii
262 1874 443 1929 Syncelli
471 1872 674 1913 chronica
705 1873 845 1914 fusius.

162 1955 374 2001 Ibid.13.
429 1953 505 2010 τήν
537 1953 822 2009 ἀποστολικην
860 1952 1028 2010 στολήν]
1070 1957 1244 2010 pallium
1275 1956 1526 2010 episcopale,

53 2012 117 2053 vel
149 2011 388 2060 colobium,
420 2014 493 2067 qui
525 2019 567 2052 et
598 2027 761 2063 saccus,
791 2012 1129 2066 patriarcharum
1159 2014 1386 2067 proprium
1416 2014 1527 2052 inter

49 2083 168 2109 sacra
215 2068 465 2109 celebranda
509 2070 816 2109 ornamentum.
899 2075 1015 2109 certe
1058 2069 1231 2122 pallium
1288 2069 1527 2122 episcopale

49 2125 179 2180 pallio
216 2124 510 2179 philosophico
529 2158 541 2178 ‚
571 2141 594 2165 a
625 2125 869 2166 Christianis
909 2125 1010 2164 olim
1040 2133 1265 2180 assumpto,
1298 2125 1526 2179 iisdemque

50 2182 102 2222 ab
132 2182 329 2235 apostolis
375 2181 475 2220 olim
517 2180 810 2222 commendato
850 2181 1084 2221 successisse
1130 2182 1276 2221 scribit
1319 2182 1523 2220 Baronins

50 2252 160 2277 anno
191 2238 237 2277 C.
266 2235 350 2278 336
392 2253 503 2276 num.
533 2237 601 2280 63.
668 2237 883 2277 colobium
925 2243 1063 2278 autem
1104 2238 1426 2278 ecclesiasticum
1459 2237 1523 2275 in-

50 2294 314 2344 dumentum,
365 2294 481 2348 quod
524 2308 570 2333 ex
600 2294 761 2349 synodo
790 2293 816 2333 7
861 2294 1052 2334 discimus
1100 2310 1122 2333 a
1168 2294 1321 2334 Iacobo
1362 2293 1519 2332 domini

48 2350 181 2391 fratre
211 2356 470 2404 usurpatum,
502 2355 544 2390 et
574 2365 598 2388 a
626 2349 878 2403 patriarchis
899 2350 978 2390 (ΣΡ.
998 2350 1264 2404 postmodum
1285 2355 1521 2402 acceptum,

46 2406 325 2458 ἄποστολικῆς
353 2406 506 2458 στολῆς
535 2406 858 2460 appellationem
894 2407 1147 2460 promeruit.

158 2479 266 2521 lbid.
303 2477 363 2519 16.
422 2477 653 2518 ιἰιδικτιῶνι
683 2478 764 2533 ια’]
792 2479 1070 2530 Marcellinus,
1102 2485 1144 2519 et
1173 2477 1403 2518 chronicon
1423 2476 1516 2515 Ale..

0 2538 20 2586 '⁷3¹
48 2534 294 2576 xandrinum
320 2535 603 2575 consentiunt.

10 2663 15 2674 ‚
155 2618 263 2659 Ibid.
297 2617 365 2658 17.
422 2613 684 2669 βασιλεύσας
725 2614 798 2671 ἔτη
829 2617 887 2667 κζ’
927 2633 998 2658 και
1028 2618 1164 2668 μῆνας
1207 2613 1268 2664 ζ’]
1316 2615 1515 2654 Theodo-

4 2673 11 2681 ⁵
45 2689 116 2714 rus
144 2674 279 2715 lector
317 2689 474 2715 menses
513 2675 622 2713 solos
651 2681 734 2714 tres
764 2675 954 2728 assignat,
984 2673 1191 2725 Euagiius
1220 2671 1306 2711 dies
1338 2672 1515 2724 amplius

11 2736 140 2770 tris.
195 2732 364 2771 Basilius
403 2730 506 2769 Cilix
544 2730 657 2783 apud
699 2730 899 2771 Photium
942 2730 1037 2770 cod.
1064 2729 1119 2767 42
1155 2742 1251 2767 cum
1282 2727 1513 2767 Theodoro

43 2789 251 2827 convenit.
318 2788 490 2841 utrique
533 2786 642 2826 diem
689 2801 817 2826 tinum
859 2788 924 2827 vel
967 2787 1144 2825 alteium
1177 2783 1365 2824 detrahit
1393 2786 1512 2824 Mar-

182 2869 419 2917 Theophanes
450 2871 496 2904 11„
1197 2867 1241 2899 27
