1768 3268
270 206 367 250 202
464 207 745 250 ANASTASH
786 207 1045 251 HlSTORlA
1088 205 1499 249 ECCLESIASTlCA

266 327 439 376 praetor
469 327 608 362 autem
640 322 829 362 Nicaeam
867 322 1149 363 turmarcham
1181 335 1276 361 cum
1303 319 1549 373 octingentis
1580 320 1724 359 militi..

266 378 343 418 bus
374 377 413 416 in
444 379 662 419 Amorium
691 378 949 429 introduxit,
987 378 1135 419 emissis
1162 392 1206 416 ex
1237 390 1287 415 eo
1318 375 1456 415 multis
1482 373 1724 417 mulieribus

266 440 308 473 et
342 433 585 485 infantibus,
626 441 667 475 et
692 435 975 489 proficiscitur
1006 435 1091 488 ipse
1125 434 1166 472 in
1197 431 1403 475 Pisidiam.
1460 446 1556 472 cum
1587 439 1725 473 autem

264 490 476 530 Masalmas
519 486 761 531 venissesin
793 490 1123 545 Cappadociam,
1154 488 1362 541 desperati
1390 502 1516 542 snper
1543 502 1585 529 se
1613 491 1726 542 Cap-

264 547 444 600 padoces
474 547 662 587 exierunt
688 548 739 587 ad
770 562 876 597 eum,
913 553 958 586 ut
985 561 1025 587 se
1047 546 1254 598 reciperet
1282 543 1523 599 flagitantes,
1585 547 1726 585 audita

265 617 366 643 vero
397 603 606 643 Masalmas
636 603 848 642 inimicitia
879 618 1001 657 quam
1035 601 1213 641 habebat
1239 600 1496 642 Theodosius
1526 602 1566 642 in
1598 616 1727 656 prae-

264 664 414 709 torem,
444 660 583 700 volens
613 659 725 699 hunc
753 659 947 713 decipere
982 666 1024 699 et
1053 657 1204 711 pacisci
1224 671 1318 697 cum
1349 672 1398 698 eo
1422 671 1470 697 ac
1490 672 1567 712 per
1591 659 1726 711 ipsum

264 715 510 756 Romaniam
539 716 616 756 sibi
646 715 862 765 subiicere,
894 715 995 755 dicit
1023 714 1077 754 eis
1104 717 1216 753 “non
1242 715 1335 754 estis
1364 715 1620 769 praetoris?''
1655 715 1727 770 qui

121 815 127 827 ὁ
266 769 461 811 dixerunt
490 772 682 812 “etiaim’'
739 770 896 811 “facitis
926 768 1132 826 quidquid
1162 769 1261 810 facit
1274 771 1317 811 ‘3³’
1377 776 1419 810 at
1448 770 1507 810 illi
1536 771 1727 811 “etiam''

139 834 253 880 p.597
269 834 368 869 tunc
400 827 502 867 dicit
532 829 587 869 eis
617 828 701 868 “'ite
727 826 778 867 ad
807 834 940 867 castra
971 833 1131 877 vestra,
1161 832 1204 866 et
1235 841 1473 882 quenquam
1513 828 1643 868 nolite
1669 828 1725 866 ti-

266 886 417 935 mere‚''
448 883 642 938 iussitque
669 883 828 938 populo
854 898 926 923 suo
957 898 1007 924 ne
1021 882 1329 938 praedarentur
1350 883 1391 923 in
1414 884 1571 924 cunct-is
1602 898 1727 939 prae..

268 940 372 980 toris
402 940 640 994 provinciis,
712 940 773 979 his
801 947 976 993 praetor
1021 939 1258 993 compertis,
1286 946 1328 980 et
1357 940 1586 995 intelligens
1614 940 1730 995 quod

267 996 502 1037 Suheliman
534 996 747 1037 nuntiaret
775 996 992 1038 Mas-almae
1021 996 1137 1050 quod
1166 1009 1208 1035 se
1235 995 1437 1037 dimiserit
1463 1003 1505 1037 et
1534 996 1727 1037 discesse-

267 1054 336 1101 rit,
367 1053 476 1092 misit
505 1052 659 1093 litteras
684 1052 735 1092 ad
748 1053 983 1103 Masalmam
1012 1053 1150 1093 dicens
1180 1052 1260 1092 “ad
1290 1059 1331 1094 te
1351 1053 1541 1093 volebam
1571 1054 1727 1103 venire,

265 1108 335 1150 sed
364 1108 613 1161 Suheliman,
644 1123 738 1148 cum
767 1109 882 1150 issem
914 1109 966 1149 ad
996 1123 1103 1158 eum,
1142 1114 1288 1149 tenere
1316 1124 1381 1150 me
1412 1109 1556 1162 voluit,
1590 1115 1631 1150 ct
1662 1110 1728 1149 id-

264 1166 380 1206 circo
430 1171 570 1205 metuo
610 1167 751 1206 venire
779 1165 830 1205 ad
872 1168 950 1206 te.''
1019 1165 1121 1206 dicit
1163 1179 1265 1219 ergo
1311 1166 1524 1207 Masalmas
1568 1165 1727 1206 homini

263 1221 468 1278 praetoris
497 1222 621 1261 “novi
654 1221 769 1277 quod
798 1221 944 1262 illudat
967 1221 1272 1275 mihipraetor‚
1302 1237 1353 1262 ne
1380 1223 1544 1276 penitus
1575 1223 1728 1276 depcr-

262 1279 355 1319 dam
385 1278 616 1332 provincias
655 1278 783 1318 eius.''
841 1277 943 1319 dicit
972 1279 1008 1319 ei
1039 1278 1167 1318 homo
1195 1279 1403 1332 praetoris
1432 1283 1543 1319 “non
1566 1285 1626 1319 est
1658 1280 1728 1330 ita,

262 1336 332 1376 sed
363 1335 403 1374 in
431 1334 607 1375 veritate
633 1334 780 1374 scribit
805 1334 920 1375 tibi.’'
992 1341 1094 1374 tunc
1128 1335 1363 1390 interrogat
1393 1335 1637 1390 “quomodo
1669 1343 1728 1376 est

261 1392 479 1433 Amorium
519 1405 617 1445 erga
657 1391 822 1430 illum?”
896 1392 954 1432 ait
982 1392 1132 1441 “bene,
1165 1399 1205 1432 et
1236 1392 1276 1431 in
1309 1392 1569 1432 subiectione
1597 1392 1727 1432 eius.’'

263 1450 391 1488 iratus
426 1454 564 1488 autem
592 1447 752 1488 iniuriis
782 1449 920 1489 affecit
949 1463 1057 1500 eum,
1092 1447 1230 1488 dicens
1263 1451 1370 1489 “eur
1401 1448 1642 1489 mentiris?''
1686 1455 1728 1488 at

265 1505 332 1546 ille
361 1505 445 1544 “ita
476 1510 535 1544 est
565 1511 613 1545 ut
639 1503 759 1544 dixi.’'
827 1512 868 1546 et
898 1511 1055 1545 taxatos
1087 1504 1218 1545 mittit
1247 1518 1328 1545 una
1360 1519 1456 1545 cum
1484 1505 1726 1545 turmarcha

264 1562 305 1600 in
336 1561 484 1615 ipsum,
518 1566 560 1601 et
588 1560 729 1600 eduxit
759 1561 1084 1602 abundantiores
1115 1561 1301 1600 familias.
1356 1561 1631 1603 tribulatione
1651 1562 1728 1601 ita·

266 1632 347 1672 que
382 1617 537 1671 ingenti
579 1617 788 1657 Masalmas
828 1633 956 1673 super
981 1618 1065 1658 hoc
1093 1624 1278 1672 accepta,
1307 1618 1455 1659 furore
1481 1618 1625 1672 plenus
1657 1633 1729 1658 ex-

264 1674 375 1727 pulit
405 1688 511 1713 eum.
570 1674 786 1714 consilium
827 1676 985 1730 quippe
1027 1675 1208 1716 habebat
1239 1680 1390 1716 aestate
1425 1689 1577 1729 capere
1607 1674 1727 1726 illud,

267 1735 309 1769 et
353 1729 592 1783 expectandi
623 1731 812 1783 classem,
846 1738 888 1772 et
922 1732 980 1771 sic
1025 1731 1066 1771 in
1111 1731 1249 1772 Asiam
1291 1731 1563 1772 descendendi
1604 1737 1729 1786 atquc

140 1788 255 1835 p.598
266 1784 484 1829 hiemandi.
542 1787 696 1826 iterum
724 1801 825 1842 ergo
855 1788 1042 1843 quaesito
1061 1788 1271 1842 praetoris
1300 1788 1469 1828 homine
1497 1788 1730 1828 sciscitatur

266 1843 317 1882 ab
346 1857 413 1883 eo.
472 1841 539 1883 ille
567 1857 668 1884 vero
698 1843 969 1884 iureiurando
992 1845 1093 1886 dixit
1124 1845 1176 1885 ad
1205 1859 1299 1886 eum
1329 1845 1496 1885 “omnia
1527 1859 1634 1900 quae
1661 1845 1727 1884 aio

264 1899 356 1950 tibi,
388 1913 488 1939 vera
517 1905 622 1939 sunt.
691 1901 761 1941 sed
790 1908 832 1941 et
870 1901 981 1942 mille
1024 1902 1064 1942 in
1097 1901 1140 1941 id
1182 1901 1310 1941 taxati
1356 1916 1448 1942 cum
1487 1901 1730 1942 turmarcha

265 1955 437 2009 ingressi
465 1962 572 2003 sunt,
604 1964 880 2011 cunctamque
907 1959 1175 1998 substantiam
1196 1958 1354 1999 ibidem
1382 1958 1660 1998 habitantium
1690 1963 1731 1997 et.

265 2011 410 2065 inopes
438 2011 606 2050 familias
623 2012 761 2053 eduxit
790 2014 947 2054 illinc.'’
975 2014 1036 2054 his
1055 2015 1204 2056 auditis
1221 2015 1368 2055 scribit
1385 2015 1589 2069 praetori,
1609 2015 1731 2055 “veni

265 2067 316 2107 ad
334 2071 423 2108 me''
454 2068 655 2122 inquienS‚
689 2073 757 2110 “et
786 2077 923 2111 tecum
947 2073 1144 2126 paciscar,
1172 2078 1214 2112 et
1235 2072 1422 2112 universa
1445 2076 1492 2111 ut
1509 2071 1567 2111 vis
1584 2077 1729 2126 patra-

264 2124 362 2167 bo.''
430 2125 730 2177 contemplatus
770 2127 898 2179 igitur
936 2135 1112 2182 praetor
1152 2128 1267 2183 quod
1308 2129 1507 2168 Massaleo
1549 2128 1732 2182 propin-

267 2187 429 2233 quasset
448 2187 488 2221 et
518 2180 632 2235 quod
669 2182 708 2221 in
739 2183 823 2222 aliis
845 2185 1030 2240 quinque
1059 2184 1203 2225 diebus
1225 2185 1464 2238 provincias
1484 2199 1575 2225 suas
1593 2191 1732 2224 trans-

267 2237 401 2277 iturus
433 2243 564 2285 esset,
603 2238 726 2278 missis
770 2240 821 2279 ad
851 2254 946 2280 eum
985 2240 1148 2281 duobus
1197 2241 1433 2281 consulibus
1460 2241 1662 2295 signifieat
1695 2242 1732 2279 ci

267 2293 406 2333 dicens
432 2293 617 2333 “litteras
661 2300 749 2335 tuas
789 2298 930 2350 accepi
976 2303 1017 2337 et
1050 2297 1309 2338 voluntatem
1342 2304 1454 2338 tuam
1484 2297 1657 2351 suscepi,
1689 2304 1731 2336 ct

268 2365 318 2390 en
345 2348 395 2389 ad
434 2355 476 2390 te
511 2351 645 2389 venio.
712 2352 782 2391 sed
814 2358 859 2391 ut
891 2354 1010 2404 nosti,
1040 2361 1216 2407 praetor
1255 2369 1358 2406 sum,
1388 2360 1429 2395 et
1457 2354 1659 2408 pecuniae
1691 2360 1732 2393 et

268 2411 485 2460 argentum
520 2412 560 2445 ct
591 2407 767 2460 populus
795 2423 859 2448 me
889 2416 1103 2451 secuturus
1126 2417 1201 2460 est,
1232 2425 1281 2451 ac
1310 2426 1390 2465 per
1419 2410 1503 2451 hoc
1532 2425 1598 2450 me
1630 2424 1731 2464 per-

265 2463 384 2502 mitte
428 2461 529 2502 mihi
566 2477 693 2516 super
732 2478 988 2520 unoquoque
1030 2467 1215 2521 ipsorum
1248 2468 1439 2508 verbum.
1501 2473 1542 2507 et
1571 2467 1602 2506 si
1635 2466 1731 2520 qui-

266 2518 361 2559 dem
393 2518 744 2573 quemadmodum
775 2522 945 2574 requiro
977 2537 1023 2562 ex
1049 2524 1167 2563 vobis
1195 2539 1314 2564 causa
1333 2540 1423 2566 mea
1451 2523 1580 2563 suerit
1608 2523 1730 2571 sacta,

263 2574 371 2615 bene
401 2580 442 2614 et
467 2576 650 2629 optime:
683 2576 742 2615 sin
787 2584 950 2625 autem,
984 2578 1180 2620 indemnis
1221 2582 1357 2621 saltim
1386 2587 1429 2621 et
1457 2579 1731 2620 tribulatione

265 2631 509 2684 proficiscar
538 2635 744 2686 excepta.''
791 2634 1026 2675 consulibus
1056 2651 1154 2691 ergo
1184 2638 1519 2690 pervenientibus
1553 2635 1602 2675 ad
1635 2650 1731 2675 eum

266 2687 305 2726 in
336 2687 646 2739 Theodosianis,
677 2688 777 2729 dicit
806 2689 880 2730 illis
909 2692 1118 2733 Masalmas
1155 2694 1359 2736 “sciebam
1391 2693 1507 2749 quod
1540 2692 1729 2732 illuderet

265 2742 366 2782 mihi
397 2751 573 2797 praetor
612 2749 783 2786 vester.''
861 2753 901 2785 at
936 2747 993 2786 illi
1024 2749 1179 2788 “absit''
1219 2751 1429 2806 inquiunt.
1487 2756 1586 2788 tunc
1617 2749 1727 2787 facto

268 2798 381 2854 quod
413 2802 675 2855 quaesierant
718 2802 848 2843 verbo
881 2803 1031 2845 dimisit
1065 2821 1145 2846 eos·
1208 2806 1342 2848 donec
1371 2808 1511 2862 itaque
1542 2804 1728 2845 consules
