1768 3268
255 222 319 268 38
471 225 754 268 ANASTASH
795 223 1058 267 HISTORIA
1082 219 1501 266 ECCLESIASTICA

252 343 334 380 iam
357 355 437 380 non
466 340 626 380 redeam
666 340 726 380 ad
761 339 988 380 Cornelium
1023 338 1167 379 dieitss’
1224 341 1443 391 praeterea
1471 333 1607 383 Fabio
1640 334 1726 375 An-

252 396 448 437 tiocheno
483 396 680 452 episcopo
709 411 836 450 super
865 398 1028 436 Novato
1069 394 1318 434 claudicanti
1351 391 1585 442 Cornelius,
1615 406 1725 447 quae

251 453 471 506 praemissa
497 459 606 504 sunt,
639 461 681 494 et
710 449 892 509 qualiter
906 468 1000 492 eum
1025 452 1144 491 multi
1172 452 1406 491 deserentes
1439 448 1489 489 ad
1510 448 1726 489 ecclesiam

251 505 456 560 currant,
507 509 737 550 necessario
787 509 944 549 scribit.
1013 509 1054 547 in
1095 508 1244 562 quibus
1277 514 1320 547 et
1349 506 1401 546 de
1424 505 1550 546 heato
1581 507 1726 561 Moyse

249 572 437 622 martyre
474 566 686 617 meminit,
720 566 900 621 qualiter
941 564 1073 620 ipsum
1104 567 1311 605 Novatum
1343 568 1439 602 ante
1468 563 1723 618 martyrium

247 637 330 662 una
361 637 457 662 cum
487 622 672 678 quinque
705 621 967 662 schismaticis
995 621 1247 677 presbyteris
1277 620 1375 670 eius,
1407 618 1723 673 deprehendens

247 679 528 720 temeritatem
557 680 706 732 ipsiuS,
750 678 1184 720 excommunicaverit.
1255 676 1456 731 additque
1489 676 1528 716 iu
1559 675 1720 730 episto-

246 735 419 777 lae-fine
461 736 697 791 catalogum
739 736 1034 790 episcoporum
1076 734 1148 790 qui
1190 733 1384 775 adversus
1423 748 1518 774 eum
1560 735 1722 774 Romae

245 800 533 833 convenerant
577 807 655 846 per
696 792 853 847 singula
902 792 1093 845 nomina,
1139 797 1181 831 et
1220 789 1522 845 parochiarum
1567 789 1720 830 faciens

243 850 510 898 mentionem,
542 864 618 889 nec
649 863 731 888 non
766 856 807 889 et
838 862 986 889 eorum
1014 849 1085 904 qui
1117 863 1209 888 cuin
1231 849 1285 888 ob
1315 846 1543 888 necessaria
1573 847 1720 886 obsta..

245 907 336 945 cula
369 921 452 945 non
495 905 806 957 convenissent,
838 912 1136 946 consenserunt
1174 912 1314 946 tamen
1346 904 1533 959 propriis
1566 903 1720 945 litteris

193 986 200 989 -
243 962 385 1001 divino
419 968 567 1002 contra
601 962 735 1016 ipsum
758 962 1011 1017 deprompto
1045 963 1217 1002 iudicio.

104 1045 140 1079 p.
162 1034 231 1070 705
354 1029 499 1069 Mundi
531 1044 638 1069 anno
659 1027 782 1080 5746,
818 1029 981 1070 divinae
1012 1029 1312 1070 incarnationis
1342 1043 1451 1068 anno
1483 1023 1582 1078 246,
1613 1029 1717 1069 Gal..

240 1085 301 1125 lus
332 1093 373 1126 et
407 1086 653 1127 Volusianus
695 1087 917 1141 imperant.
977 1087 1195 1127 Cornelius
1239 1093 1281 1127 et
1307 1086 1458 1126 Lucius
1489 1085 1602 1126 circa
1634 1085 1716 1125 ho-

240 1156 334 1182 rum
366 1148 556 1196 tempora
586 1143 764 1183 Romani
795 1144 977 1198 episcopi
1004 1158 1160 1184 cruore
1191 1143 1383 1198 mai-tyrii
1417 1141 1583 1182 florent.
1618 1157 1716 1182 cum

238 1199 409 1251 plurimi
441 1199 632 1254 Scythae,
667 1199 738 1255 qui
769 1200 898 1239 Gothi
941 1200 1171 1250 dicuntur,
1206 1200 1394 1240 Histrum
1428 1199 1604 1239 fluvium
1635 1201 1712 1240 sub

235 1255 367 1295 Decio
401 1262 733 1306 transmeassent,
774 1257 1009 1296 Romanum
1051 1257 1274 1311 imperium
1316 1256 1614 1296 devastabant:
1647 1257 1714 1296 isti

234 1313 369 1367 Mysos
399 1312 635 1366 Nicopolim
676 1313 876 1367 fugientes
914 1313 1205 1354 obtinuerunt.
1264 1314 1416 1354 Decius
1450 1319 1588 1353 autem
1621 1313 1714 1354 illos

233 1383 454 1422 aggressus,
488 1375 535 1408 ut
560 1370 772 1424 Dexippus
804 1370 976 1418 scribit,
1009 1371 1181 1425 triginta
1210 1371 1376 1410 milibus
1407 1370 1640 1410 intersectis
1669 1370 1711 1411 in

231 1425 430 1464 conflictu
464 1425 681 1475 minuitur,
713 1426 767 1466 ita
797 1433 844 1467 ut
872 1427 1206 1481 Philippopolim
1236 1427 1440 1468 desertam
1471 1427 1522 1467 ab
1557 1427 1613 1467 eis
1641 1427 1707 1466 fa-

230 1487 340 1520 ctam
368 1482 581 1522 amitteret
610 1488 650 1522 et
666 1482 847 1524 Thraces
869 1483 987 1523 multi
1019 1485 1222 1538 perirent.
1283 1498 1418 1539 porro
1447 1483 1601 1524 Decius
1627 1483 1708 1523 im..

230 1544 440 1590 pugnator
471 1539 535 1579 dei
567 1540 683 1579 valde
714 1540 990 1594 ignominiose
1021 1540 1232 1581 occiditur
1262 1540 1376 1595 apud
1393 1541 1602 1596 Abrytum
1634 1541 1709 1596 qui

230 1593 388 1633 dicitur
427 1595 789 1636 Forotliembroni
831 1613 912 1636 uua
957 1612 1053 1636 cum
1093 1598 1193 1638 filio.
1254 1597 1436 1653 Scythae
1477 1612 1580 1638 vero
1611 1612 1708 1638 cum

229 1651 420 1703 pluribus
459 1652 599 1703 spoliis
635 1658 677 1692 et
716 1654 889 1707 captivis
927 1654 979 1694 ad
1018 1669 1090 1694 sua
1125 1655 1279 1695 reversi
1321 1661 1429 1695 sunt.
1500 1654 1707 1695 exercitus

230 1712 368 1745 autem
402 1708 564 1747 Gallum
597 1709 816 1763 quendam,
845 1710 919 1765 qui
963 1710 1061 1750 olim
1096 1711 1243 1752 consul
1275 1712 1486 1764 extiterat,
1520 1712 1708 1766 impera-

231 1768 367 1802 torem
401 1778 480 1803 una
526 1780 618 1805 cum
648 1766 877 1806 Volusiano
906 1767 1027 1808 Decii
1060 1768 1145 1809 filio
1178 1768 1529 1819 acclamaverunt,
1559 1768 1633 1824 qui
1665 1774 1708 1809 et

93 1826 117 1861 p
150 1818 439 1872 7061mperani.
471 1821 695 1861 secundum
737 1823 972 1878 Dexippum
1013 1825 1222 1866 mensibus
1255 1826 1396 1866 decem
1427 1832 1470 1866 et
1501 1831 1613 1875 octo,
1648 1826 1706 1866 nil

232 1874 400 1928 (lignum
432 1876 551 1916 laude
581 1886 790 1931 gerentes,
833 1881 1063 1921 seeundum
1091 1882 1192 1922 alios
1223 1889 1361 1923 autem
1395 1882 1513 1923 annis
1542 1882 1705 1932 tribus,

229 1945 364 1983 porro
395 1933 616 1973 secundum
659 1937 860 1990 quosdam
894 1938 1007 1978 annis
1055 1938 1241 1987 duobus;
1280 1939 1580 1994 perernptique
1609 1947 1707 1980 sunt

228 1989 386 2052 proditi
424 2004 444 2028 a
492 1991 666 2043 proprio
711 1999 932 2045 potentatu
976 1995 1016 2034 in
1046 1996 1142 2036 foro
1185 1997 1392 2048 Flaminii,
1435 2011 1706 2052 nequaquam

169 2067 174 2070 -
228 2044 347 2082 Decii
394 2060 530 2086 mores
574 2048 729 2097 sectati,
772 2057 816 2089 ut
863 2051 1044 2105 quodam
1091 2053 1131 2092 in
1178 2053 1271 2093 loco
1303 2054 1449 2094 beatus
1477 2053 1705 2108 Dionysius

229 2100 543 2160 Alexandrinus,
573 2106 737 2143 antistes
764 2106 1096 2161 Heri-immmeni,
1127 2111 1288 2150 scribit.
1347 2110 1409 2150 his
1441 2111 1705 2164 temporibus

230 2157 460 2210 Gregorius
491 2173 658 2213 magnus
689 2168 730 2200 et
760 2162 1062 2204 miraculorum
1099 2173 1298 2220 patrator
1329 2167 1368 2206 in
1396 2167 1705 2222 philosophiae,

231 2215 601 2277 quae-secuudum
631 2216 837 2258 Christum
877 2227 959 2271 est,
1011 2223 1274 2276 perfectione
1318 2225 1518 2279 fulgebat.
1587 2224 1705 2266 cuius

230 2269 479 2332 condignam
500 2273 769 2313 Caesariensis
788 2277 1002 2330 Eusebius,
1034 2281 1172 2320 nescio
1192 2296 1272 2335 qua
1308 2295 1390 2334 pro
1421 2295 1557 2330 causa,
1585 2296 1706 2320 men-

229 2331 387 2389 tionem
417 2342 499 2391 non
532 2329 642 2378 facit,
677 2332 923 2383 pracsertim
954 2349 1048 2373 cuin
1083 2337 1446 2379 irrationabilibus
1493 2338 1704 2378 declama-

230 2382 411 2421 tionibus
453 2385 571 2448 impii
619 2386 811 2440 origenis
857 2398 1060 2443 moretur,
1083 2394 1206 2447 *quod
1251 2409 1374 2449 agere
1406 2396 1547 2449 potius
1576 2408 1705 2447 super

227 2436 311 2501 hoe
340 2438 559 2502 debuerit,
592 2442 664 2496 qui
694 2457 772 2496 per
804 2445 1040 2487 universum
1073 2450 1218 2489 orbem
1252 2457 1465 2491 terrarum
1498 2457 1701 2505 personat

229 2492 461 2549 divinisque
489 2498 626 2537 verbis
657 2507 849 2539 coruscat
891 2508 1015 2557 atque
1035 2506 1249 2561 prodigiiS,
1281 2508 1338 2547 ita
1372 2514 1420 2548 ut
1452 2508 1547 2562 ipsis
1576 2507 1703 2548 etiam

229 2548 495 2592 daemonibus
542 2561 590 2594 ut
647 2556 891 2608 quibusdam
935 2562 1148 2616 mancipiis
1195 2565 1423 2618 imperaret
1468 2579 1547 2618 per
1589 2565 1701 2604 mul-

227 2611 311 2644 tam
347 2608 397 2646 ad
430 2609 552 2648 deum
584 2610 779 2650 fiduciam
808 2621 849 2653 et
880 2615 987 2656 vitae
1018 2623 1059 2656 ct
1100 2620 1215 2659 verbi
1251 2621 1516 2661 munditiam.
1577 2622 1702 2661 aesti-

227 2676 296 2700 mo
331 2669 467 2703 autem
499 2667 722 2706 Eusebium
763 2668 818 2708 ita
855 2670 1022 2712 deilicae
1063 2675 1230 2716 virtutis
1255 2678 1456 2718 mirabilis
1479 2682 1521 2717 et
1552 2677 1701 2718 deiferi

229 2720 428 2772 Gregorii
447 2723 771 2774 magnitudinem
803 2727 992 2776 tacuisse,
1021 2744 1101 2782 pro
1124 2747 1173 2772 eo
1204 2734 1319 2788 quod
1344 2735 1597 2775 omnimodis
1617 2749 1700 2788 pu-

231 2788 299 2814 rus
327 2781 369 2839 et
411 2777 565 2818 alienus
603 2780 654 2818 ab
687 2780 879 2834 origenis
922 2784 1197 2829 deliramentis
1241 2797 1282 2830 ct
1317 2791 1407 2831 Arii
1436 2791 1699 2846 blasphemiis

94 2841 114 2875 p
149 2830 215 2868 ⁷07
229 2831 371 2881 suerit,
403 2834 550 2887 quihus
564 2836 764 2877 Eusebius
792 2844 883 2878 erat
914 2840 1102 2884 insectus.
1164 2846 1235 2900 qui
1268 2862 1344 2888 nee
1359 2848 1574 2903 Cypriani,
1607 2863 1698 2887 ma-
