1728 3184
478 200 664 245 NOTAE
702 203 1082 251 POSTERlORES.
1381 201 1477 252 657

25 320 198 365 iuvenili
225 333 356 364 aetate
385 338 518 366 rerum
539 342 733 369 summam
754 329 934 385 adeptus,
961 347 1045 372 cum
1079 348 1104 372 a
1138 335 1273 374 matris
1293 345 1485 375 reveren-

23 381 104 429 tia,
136 380 337 436 tutelaque
367 383 562 432 resiliens,
595 393 677 424 tum
719 385 889 425 divinas
916 399 1100 440 spernens
1126 389 1242 442 leges,
1274 391 1405 430 eiecta
1437 403 1487 431 ea

27 437 95 475 cui
122 435 314 488 legitimis
339 440 484 491 nuptiis
510 439 717 494 copulatus
730 443 894 493 ficerat,
921 443 1100 483 Herodis
1126 446 1168 483 in
1193 460 1341 485 morem
1361 445 1488 486 adul.

26 500 195 534 teratur.
251 501 296 531 at
318 502 510 548 'quorsum
550 497 734 536 instituta
773 499 955 537 narratio
974 502 994 537 ?
1059 514 1102 538 eo
1132 501 1348 551 nimirum,
1377 498 1490 557 quod

26 556 68 588 et
94 556 336 603 praeceptor
377 557 507 589 noster
540 566 685 605 parem
726 553 1020 608 quodammodo
1057 559 1319 608 praecursori
1363 558 1490 597 zelum

25 603 257 644 ostenderit.
313 607 466 644 cunctis
495 608 600 646 enim
625 609 914 663 propemodum
952 611 995 648 in
1035 611 1156 650 scetus
1181 613 1490 663 concedentibus,

26 660 137 700 sotus
165 661 261 716 ipse,
295 669 339 700 ut
363 661 422 700 sic
468 662 632 718 loquar,
682 679 768 703 cum
786 665 894 719 filiis
920 666 1013 714 suis,
1046 679 1094 705 ac
1123 667 1325 722 discipulis
1352 670 1491 708 incon-

27 730 164 756 cussus
188 717 437 772 permansit:
467 720 580 758 cuius
607 720 667 758 rei
697 734 815 759 causa
833 731 943 776 quot,
975 730 1210 776 quantaque
1227 724 1325 763 anni
1350 723 1495 777 integri

30 774 166 827 spatio
189 771 374 813 delibata
405 775 661 815 certamina?
717 776 944 816 auditiones
972 777 1081 816 aliae
1101 777 1204 817 alias
1229 778 1493 833 excipiebant,

31 828 152 868 aliae
180 829 293 869 alias
337 831 471 869 minae
510 831 739 881 verberum,
767 833 1109 886 deportationum,
1136 834 1328 874 lanienae
1354 849 1403 874 ac
1430 851 1494 874 se..

28 885 177 924 ctiom's
205 883 490 925 membrorum.
522 900 688 942 cumque
717 889 778 926 lais
796 890 900 927 nihil
921 898 1205 942 praestaretur,
1232 904 1366 930 eorum
1395 903 1496 943 quae

34 940 224 981 Caesaris
257 942 474 995 satagebat
513 942 725 995 diligentia
743 973 755 993 ‚
800 945 859 983 ad
883 946 1042 984 modum
1081 946 1210 985 alium
1236 942 1391 988 transit.
1447 959 1499 986 ae

31 996 199 1051 quidem
230 996 333 1048 alii,
364 997 554 1038 ludebant
570 998 790 1053 fabulam,
822 1009 865 1038 ut
894 1002 1012 1053 vulgo
1043 1011 1189 1041 canunt
1199 1016 1215 1051 ;
1243 1009 1287 1041 at
1315 1000 1499 1041 Absalo-

32 1054 98 1092 nis
131 1065 280 1094 manus
309 1062 423 1103 erat,
463 1069 566 1110 quae
596 1055 670 1094 illa
698 1057 977 1108 negotiaretur.
1046 1059 1156 1096 scitis
1184 1059 1258 1109 qui
1285 1058 1398 1097 missi
1423 1058 1502 1097 sint

32 1107 236 1162 monachi,
264 1122 320 1150 ac
353 1125 455 1164 quae
485 1111 686 1165 epistolae.
753 1112 920 1167 deniqne
939 1142 950 1162 ‚
982 1114 1080 1168 quia
1107 1113 1210 1152 llaec
1237 1126 1386 1168 quoque
1412 1114 1502 1152 ina-

34 1166 107 1205 nia
153 1174 309 1216 uerunt,
337 1174 458 1222 atque
496 1168 614 1207 irrito
644 1176 792 1208 conatu
834 1175 1011 1218 tentata,
1032 1177 1155 1223 patre
1183 1168 1372 1207 nimirum
1402 1183 1503 1223 quae

33 1235 58 1260 e
90 1236 135 1261 re
164 1230 282 1262 erant
321 1232 546 1277 opponente
565 1253 576 1272 ‚
607 1237 656 1263 ac
688 1223 943 1273 rescribente,
985 1226 1123 1277 regiae
1135 1266 1142 1272 .
1143 1225 1310 1271 formae
1340 1224 1502 1263 decreta

34 1278 212 1328 rotatio,
238 1279 348 1334 quod
379 1280 463 1318 iam
494 1280 656 1318 larvam
693 1294 890 1335 apparere
928 1281 1060 1319 locum
1098 1293 1176 1318 non
1208 1280 1375 1318 haberet.
1431 1281 1503 1318 lieu

34 1343 120 1373 tum
145 1342 266 1387 gesta
294 1349 322 1373 a
353 1334 508 1374 duobus
537 1335 718 1387 ducibus,
747 1336 818 1390 qui
848 1336 960 1375 velut
992 1337 1032 1375 in
1061 1337 1186 1374 hostes
1215 1335 1419 1387 quosdam
1448 1332 1508 1374 ad

38 1390 192 1430 Christi
222 1391 416 1436 inermem
447 1393 685 1430 monachum
703 1422 713 1438 ,
757 1392 923 1446 solaque
962 1392 1132 1431 divinae
1159 1391 1257 1443 legis
1286 1397 1506 1429 armatura

35 1448 292 1498 instructum,
322 1448 433 1486 missi
461 1455 562 1486 sunt.
605 1448 654 1486 de
684 1448 814 1486 medio
840 1447 1012 1486 sublatus
1037 1455 1188 1500 pastor,
1215 1460 1388 1500 ovesque
1415 1460 1508 1497 gre-

35 1502 100 1555 gis
126 1502 339 1558 dispersae
366 1512 479 1542 suut:
512 1504 594 1542 alii
619 1504 744 1556 virgis
762 1504 879 1552 caesi,
910 1503 991 1542 alii
1006 1501 1222 1557 deportati,
1233 1503 1376 1553 ficgati
1404 1503 1506 1540 alii:

37 1557 224 1613 quodque
251 1558 408 1598 omnius
433 1559 710 1608 miserabilius,
745 1560 1024 1612 imperatorem
1053 1556 1276 1611 diplomate
1308 1556 1507 1595 sancitum

35 1623 141 1659 erat,
172 1629 222 1653 ne
252 1628 420 1671 usquam
453 1615 525 1667 qui
550 1625 715 1671 propter
756 1615 960 1653 dominum
989 1615 1133 1666 jugati
1173 1621 1295 1651 erant
1320 1619 1433 1662 tecto,
1461 1623 1510 1650 ac

42 1669 199 1710 taribus
227 1673 528 1725 exciperentur.
582 1679 808 1724 paruerunt
833 1671 1163 1708 monasteriorum
1189 1667 1407 1722 praefecti,
1436 1682 1510 1706 ra-

37 1739 183 1780 rusque
200 1722 292 1779 suit
315 1728 387 1781 qui
417 1725 582 1779 hospitii
619 1730 716 1765 iura
751 1735 962 1780 praestare
991 1726 1169 1767 auderet.
1228 1724 1387 1762 interim
1417 1723 1513 1762 dor-

39 1782 189 1821 miebat
219 1782 423 1830 Christus,
454 1783 594 1836 quibus
626 1784 737 1821 novit
773 1782 1001 1830 rationibus,
1033 1793 1135 1831 quae
1162 1788 1389 1833 gererentur
1409 1793 1512 1832 pro-

42 1838 144 1878 bans
160 1853 174 1875 .-
203 1852 257 1877 ac
287 1838 469 1878 aliorum
513 1838 675 1893 qzu'dem
721 1852 895 1876 amorem
937 1839 979 1875 in
1021 1839 1150 1890 ipsum
1192 1835 1427 1890 explorans,
1458 1849 1512 1873 an

33 1902 370 1948 perseverarent;
400 1895 573 1932 aliorum
606 1897 799 1932 miserans
827 1893 1117 1931 inunanitatem
1132 1921 1146 1939 ,
1164 1900 1220 1929 *ut
1254 1889 1315 1930 ad
1333 1891 1514 1943 poenicu*

37 1950 174 1988 dinem
204 1948 392 1988 redirent.
451 1951 557 2004 quid
583 1964 675 2002 ergo
701 1951 846 1988 Clu-isti
875 1949 1028 1988 athleta
1047 1950 1067 1986 ?
1122 1956 1258 2001 sponte
1286 1949 1406 1983 asuis
1435 1947 1511 1985 ab-

42 2005 260 2045 scinditur.
319 2004 426 2044 solus
451 2006 610 2059 penitus
638 2007 898 2059 relinquitur,
928 2006 1105 2042 animam
1130 2017 1283 2057 ponens
1308 2014 1385 2055 pro
1417 2002 1511 2039 ovi..

42 2059 132 2113 bus,
163 2061 281 2099 iuxta
310 2060 584 2114 evangelium,
615 2064 749 2117 utqui
777 2072 926 2100 revera
954 2068 1049 2098 esset
1066 2060 1183 2097 bonus
1206 2067 1358 2112 pastor.
1389 2056 1510 2094 Bria-

46 2117 108 2156 rei
138 2131 260 2155 manu
284 2117 342 2155 ad
370 2118 660 2171 imperatorem
691 2118 874 2156 trabitur.
931 2125 1008 2154 stat
1033 2129 1187 2165 coram,
1217 2113 1379 2152 tametsi
1403 2112 1511 2149 dictu

43 2172 254 2222 audacius,
285 2172 400 2211 haud
424 2186 530 2211 secus
574 2187 623 2212 an
655 2173 830 2212 Ioannes
859 2173 1015 2211 domini
1040 2184 1304 2224 praecursor.-
1332 2180 1408 2205 uno
1437 2166 1509 2205 hoc

42 2228 289 2278 discrimine,
319 2228 432 2283 quod
455 2229 559 2267 alter
583 2230 668 2284 ipse
697 2230 813 2278 ultro,
846 2230 952 2267 alter
973 2226 1205 2282 pellentibus
1226 2224 1317 2262 aliis
1345 2223 1386 2259 in
1417 2235 1512 2261 cona

43 2293 217 2339 spectum
247 2284 480 2326 adhibetur.
549 2299 573 2323 o
608 2285 823 2333 viriJorte
854 2286 1016 2339 pectus!
1072 2282 1175 2320 nihil
1198 2278 1510 2318 dominationem

45 2341 237 2380 reveritus
265 2349 336 2390 est,
367 2354 447 2378 uon
477 2341 591 2378 cessit
606 2340 736 2393 minis,
766 2355 844 2379 non
857 2339 1064 2393 probabili
1082 2336 1359 2389 expectatione
1385 2333 1514 2395 emol-¹

44 2396 146 2436 litus
175 2405 246 2446 cst,
277 2410 365 2434 cum
391 2397 630 2449 praesertim
663 2397 903 2435 muliercula
931 2394 1061 2433 animo
1082 2404 1250 2444 compar
1278 2386 1512 2427 Herodiadt

45 2451 252 2504 sanguinis
280 2452 345 2490 illi
375 2452 665 2504 necessgtudine
693 2452 830 2491 iuncta
852 2458 969 2499 esset,·
999 2449 1068 2488 sed
1092 2449 1216 2501 quiete
1247 2447 1408 2508 locutus,
1439 2438 1514 2481 sed

47 2508 216 2548 verbum
245 2507 434 2548 veritatis
460 2507 664 2557 incotfitse
693 2507 896 2561 confessus
940 2515 1006 2545 est.
1076 2503 1186 2542 dixit
1211 2497 1368 2564 domini
1385 2512 1513 2561 prae-

47 2577 222 2612 cursor,
268 2578 351 2602 non
398 2562 495 2602 licet
534 2562 609 2602 tibi
658 2563 812 2602 habere
842 2576 1008 2602 uxorem
1041 2557 1219 2609 Philippi
1250 2557 1389 2619 fratris
1423 2560 1512 2599 tu13

49 2617 166 2658 discit
191 2629 229 2659 et
255 2620 338 2658 eius
365 2620 546 2658 aemulus
568 2619 693 2673 paria
719 2620 767 2667 ei,
796 2619 866 2673 qui
895 2616 1052 2656 Herodi
1077 2623 1162 2652 erat
1189 2611 1407 2675 adsimilzs.
1445 2621 1515 2672 ⁸ac

50 2676 216 2715 minime
246 2675 408 2731 quidem
436 2684 557 2729 caput
597 2676 901 2729 praescinditur
915 2689 929 2722 ,·
970 2685 1066 2710 nam
1097 2682 1218 2722 neque
1257 2680 1352 2720 imp.
1381 2678 1514 2704 ammo

51 2731 230 2782 sedebat,
263 2741 304 2770 ut
331 2745 422 2770 eum
452 2740 674 2782 martyrem
687 2731 874 2781 faceret,
904 2730 973 2783 qui
988 2728 1193 2765 voluntate
1211 2732 1414 2786 certamen
1440 2720 1515 2758 de·-

51 2787 275 2827 sudaverat
293 2818 305 2839 ‚
347 2788 406 2826 uti
450 2788 615 2839 ipsemet
649 2796 744 2826 ante
770 2787 975 2841 professus
999 2783 1174 2835 ficerat:
1207 2779 1349 2818 Cltrlsll
1381 2786 1514 2816 tamen

199 2870 440 2916 Theophanes
463 2871 484 2903 l
486 2871 511 2904 1.
1204 2861 1250 2895 42
