1728 3184
197 207 293 258 354
692 218 749 259 m
786 213 1162 260 THEOPHANEM

196 330 358 370 exhibet
390 327 678 386 euchologium
713 331 823 373 inter
852 333 1225 386 'theophaniorum
1259 331 1409 384 officia,
1440 345 1530 386 qua«
1556 331 1665 372 labri

194 386 279 426 sive
312 386 486 426 crateris
517 402 625 443 aqua
665 388 930 431 benedicitur
961 386 1031 431 διά
1072 387 1206 442 πόσιν,
1235 389 1366 443 νίψεν,
1393 381 1424 442 ἢ
1451 383 1666 443 &dnmm-

194 442 467 484 masculinum
500 443 558 484 ibi
589 445 721 486 refert
751 456 891 501 genus.

311 515 381 569 93,
425 520 487 560 12.
541 515 862 570 Ἀλεξανδρείας
899 518 1085 574 Πέτρος]
1118 515 1300 568 annos6‚
1334 516 1418 558 dies
1440 515 1522 558 ‘288
1553 516 1669 558 ohti-

194 578 265 613 net
296 573 407 628 apud
431 574 712 615 Abrabamum
731 575 1054 616 Ecchellensem.
1115 574 1225 615 idem
1256 573 1435 614 canonio
1467 578 1668 628 sequente

194 644 322 670 annos
354 629 496 671 decem
539 631 589 672 ah
629 639 806 673 auctore
841 632 1016 688 accipit,
1049 631 1318 687 eiusdemque
1346 644 1474 671 annus
1508 644 1669 685 primus

195 685 332 727 denuo
364 693 625 728 numeratur.

302 758 410 803 Ibt'cl.
427 760 492 800 15.
551 757 779 813 ἐπιβουλὴν
795 763 884 800 κατ’
917 757 1058 800 azimi?
1076 759 1350 814 μελετῶντες]
1384 759 1509 800 etiam
1540 758 1669 799 verba

191 816 456 857 Marcellinus
478 817 697 871 suggesisse
729 816 962 871 opinandus
995 817 1107 857 libro
1139 816 1191 857 29
1233 817 1419 858 ineunte.
1477 816 1548 872 qui
1574 815 1669 855 dum

190 875 252 915 ihi
279 883 461 914 moratur
485 888 639 913 securus
667 875 834 913 hostium
855 883 1130 924 arcet-norum,
1162 873 1417 913 Antiochiam
1446 874 1691 928 imperator*

191 931 393 970 Romanus
417 931 622 983 ingressus,
655 930 846 970 intestinis
879 945 983 986 pene
1005 931 1185 986 perierat
1197 929 1437 981 fraudibus,
1467 938 1537 968 ecc.
1569 943 1668 983 quas

190 988 386 1028 Socrates
420 986 489 1026 lib.
515 981 542 1025 4
571 1000 661 1040 cap.
699 989 748 1030 15
777 992 818 1027 et
849 986 1104 1026 sozomenus
1135 986 1209 1029 lib.
1241 983 1267 1026 6
1315 1000 1405 1040 cap.
1439 984 1508 1036 35,
1542 999 1668 1024 enar..

191 1049 306 1084 rant:
332 1043 529 1082 Socrates
574 1057 663 1097 cap.
687 1044 737 1086 16
768 1042 974 1082 Athanasii
1009 1048 1192 1082 mortem
1219 1041 1508 1098 prosequitur,
1543 1056 1668 1096 quam

189 1099 471 1142 Valentiniani
502 1113 610 1138 anno
642 1098 803 1139 decimo
838 1099 1009 1139 ascribit
1032 1099 1326 1154 Hieronymus,
1359 1104 1512 1138 auctor
1542 1111 1667 1145 nono;

190 1163 370 1212 uterque
397 1164 533 1197 tamen
557 1156 803 1210 penultimo,
838 1170 934 1195 cum
963 1156 1032 1196 hie
1062 1155 1263 1210 principis
1297 1154 1403 1194 illius
1428 1169 1556 1194 annos
1590 1169 1672 1193 un-

190 1213 324 1253 decim
359 1220 522 1253 tantum
551 1218 768 1253 numeret:
810 1213 881 1254 scd
911 1213 1036 1253 etiam
1067 1211 1257 1252 nonnulli
1288 1210 1400 1266 apud
1435 1211 1671 1252 Pontacum

190 1269 352 1310 codices
384 1276 614 1325 utrumque
643 1269 871 1310 convenire
895 1268 1197 1310 demonstrant.

303 1339 372 1391 94,
389 1340 427 1383 7.
486 1336 507 1381 ὃ
533 1342 766 1398 βασίλειος]
796 1342 856 1383 his
887 1342 1055 1399 quidem
1087 1341 1202 1382 annis
1232 1341 1673 1396 episcopatum,quem

190 1414 273 1439 non
304 1399 443 1453 primo
468 1399 781 1452 auspicabatur,
811 1400 970 1441 tenuit:
1002 1399 1053 1440 de
1082 1413 1167 1454 quo
1189 1397 1392 1438 Baronius
1414 1411 1522 1438 anno
1546 1396 1672 1437 Chri-

190 1457 239 1496 sti
275 1454 356 1496 369
389 1471 503 1496 num.
535 1455 586 1498 41
621 1463 662 1497 et
692 1471 809 1512 seqq.

300 1529 408 1568 [bid.
467 1527 636 1581 Πέτρος
664 1523 920 1583 ἱερομάρτυς
952 1524 1023 1582 ἔτη
1055 1528 1107 1583 ι’]
1141 1542 1208 1569 sex
1240 1527 1439 1569 duntaxat
1472 1540 1673 1566 numera-

189 1585 250 1624 vit
280 1586 506 1625 canonium
541 1586 745 1640 superius.
802 1591 960 1640 septem
992 1584 1022 1635 ζ’
1065 1586 1208 1626 lubens
1248 1585 1407 1639 ubique
1437 1583 1670 1637 interpola-

157 1642 164 1645 *
188 1657 301 1682 rem:
333 1657 426 1681 nam
458 1641 776 1683 decurrentibus
807 1642 948 1694 annis,
978 1649 1020 1683 et
1043 1641 1360 1683 succedentibus
1384 1639 1570 1680 canoniis
1600 1653 1673 1678 an-

189 1713 344 1738 norum
377 1704 534 1752 septem
564 1700 745 1753 spatium
777 1700 913 1740 lector
941 1705 1122 1740 attentus
1154 1697 1404 1739 observabit.
1438 1701 1536 1737 nota
1569 1708 1672 1735 vero

189 1756 387 1808 superior
418 1755 540 1795 tertia
575 1770 703 1796 annos
735 1755 761 1795 6
795 1762 836 1796 et
864 1756 948 1796 dies
980 1755 1061 1797 288
1105 1755 1283 1796 eundem
1324 1753 1462 1795 sedem
1493 1751 1673 1793 affirmat

190 1812 383 1852 tenuisse.
442 1811 719 1852 consulendae
748 1812 816 1852 hic
848 1814 972 1853 ctiam
1004 1813 1144 1853 variae
1174 1812 1389 1852 lectiones.

308 1884 416 1924 [bid.
454 1888 516 1927 12.
576 1879 598 1924 ὅ
626 1881 909 1940 Ἀμβρώσιος]
946 1884 1156 1926 Ambrosii
1191 1883 1406 1924 electionis
1437 1897 1565 1923 annus
1585 1880 1672 1923 Va-

193 1939 408 1980 lentiniani
452 1941 694 1982 undecimus
724 1942 1011 1997 Hieronymo,
1044 1941 1209 1981 auctori
1249 1941 1456 1991 decimus,
1502 1938 1676 1994 utrique

195 2003 346 2048 tamen,
379 2012 473 2037 cum
503 1997 572 2038 hic
616 1998 809 2039 undecim
858 2004 1020 2039 tantum
1049 1998 1135 2039 eius
1164 1997 1282 2052 regni
1312 2003 1490 2048 censeat,
1522 1994 1675 2051 penul-

196 2053 333 2098 timus,
391 2053 592 2095 videndus
625 2054 666 2095 in
700 2056 807 2095 notis
838 2056 1064 2095 Pontacus.

309 2125 377 2175 95,
406 2130 468 2171 13.
527 2126 728 2181 ἐποίησαν
763 2122 943 2168 σύνοδον
981 2126 1027 2168 ἐν
1069 2126 1126 2183 τῷ
1151 2124 1385 2182 Ἰλλυρικῷ]
1437 2124 1487 2165 ad
1520 2138 1676 2164 annum

198 2190 459 2237 praesentem
480 2183 684 2239 illyricam
705 2184 911 2240 synodum
932 2184 1027 2224 ideo
1049 2191 1220 2224 revocat
1236 2182 1525 2237 Theophanes,
1560 2180 1676 2236 quod

200 2245 296 2294 post
325 2240 534 2280 Ambrosii
565 2240 827 2288 electionem,
863 2241 992 2281 modo
1015 2240 1274 2290 recensitam,
1308 2239 1456 2294 legerit
1472 2236 1676 2277 Theodo-

202 2302 337 2336 retum
370 2297 439 2340 lib.
474 2295 502 2336 4
530 2311 621 2350 cap.
652 2295 694 2345 6,
728 2297 779 2338 de
808 2298 953 2338 eadem
993 2296 1152 2353 synodo
1187 2302 1478 2336 contexentem
1509 2293 1679 2334 histori-

202 2368 282 2393 am.
303 2349 419 2393 'anno
445 2353 481 2392 d.
512 2351 609 2405 365,
640 2368 728 2394 eam
759 2354 942 2393 habitam
971 2360 1093 2408 putat
1125 2353 1328 2394 Baronius
1360 2366 1400 2391 n.
1437 2354 1488 2395 17
1502 2357 1544 2391 et
1557 2364 1675 2403 seqq.

202 2415 245 2448 at
275 2425 371 2450 cum
413 2411 442 2450 is
482 2425 611 2450 annus
659 2411 711 2450 sit
745 2411 857 2465 apud
899 2426 993 2451 cum
1019 2409 1298 2451 Valentiniani
1343 2407 1559 2459 secundus,
1605 2405 1677 2445 illo

203 2481 407 2523 nusquam
438 2467 643 2507 celebrari
674 2467 858 2521 potuisse
885 2482 1057 2523 sequens
1089 2474 1190 2508 nota
1219 2465 1496 2506 demonstrat.

313 2551 421 2592 Ibid.
455 2554 520 2596 17.
578 2546 775 2591 κοινωνὸν
803 2550 877 2590 καί
899 2547 1113 2592 Οὐάλεντα
1143 2547 1217 2590 τὸν
1241 2543 1444 2602 α’δελφόν,
1474 2546 1678 2597 ›taisna-

203 2603 360 2661 τιανὸν]
382 2607 587 2649 'edictum
615 2607 900 2648 Valentiniani
929 2608 1131 2648 Gratiano
1171 2608 1250 2646 iam
1285 2603 1450 2658 imperii
1480 2607 1679 2643 consorte

206 2662 417 2704 declarato
449 2664 608 2704 editum
637 2670 814 2704 constat.
871 2663 971 2704 illud
1006 2663 1114 2703 idem
1146 2663 1197 2703 ad
1221 2661 1376 2718 lllyrici
1411 2659 1576 2700 concilii
1607 2658 1681 2696 lit-

206 2723 314 2759 teras
343 2720 558 2775 synodales
601 2721 810 2762 accessisse
847 2720 1003 2761 indicat
1043 2719 1350 2769 Theodoretus,
1390 2722 1432 2757 et
1473 2714 1680 2756 consentit

205 2775 409 2818 Baronius
449 2778 549 2817 loeis
590 2791 726 2832 nuper
767 2777 920 2817 allatis:
964 2791 1010 2817 ex
1051 2791 1136 2832 quo
1181 2784 1269 2816 tum
1309 2772 1555 2821 concilium,
1588 2776 1678 2810 tum

205 2831 390 2873 edictum
439 2840 720 2874 memoratum
760 2834 922 2874 nonnisi
961 2834 1162 2874 Gratiano
1195 2833 1272 2872 inin
1306 2831 1345 2871 in
1380 2831 1706 2886 imperatorenr
