1768 3268
541 212 611 254 Ex
652 209 1003 254 mEOPnANE.
1463 202 1529 253 45

46 328 287 372 Maximiani
316 327 531 377 Herculii.
566 342 676 384 quae
703 341 831 369 soror
861 333 955 367 erat
987 327 1201 377 Maxentii,
1231 327 1305 384 qui
1337 328 1526 384 tyranni-

44 389 141 430 dem
168 385 283 441 apud
319 387 550 427 Romanam
591 386 741 426 urbem
768 383 978 435 exercuit,
1008 383 1167 439 quique
1193 392 1436 439 peremptus
1463 390 1525 425 est

44 461 67 486 a
98 443 373 485 Constantino
413 443 528 498 apud
566 442 773 483 Molbium
801 448 1001 497 pontem,
1032 440 1203 496 quando
1231 448 1276 482 et
1304 443 1439 483 crucis
1466 442 1525 481 si-

46 515 172 555 gnum
206 499 315 541 vidit
342 500 384 540 in
414 500 546 550 eaelo,
574 505 704 554 atque
730 499 910 539 Faustae
938 497 1079 539 uxoris
1109 498 1251 552 magni
1280 498 1527 540 Constanti-

44 559 113 599 ni:
141 563 185 598 et
214 570 336 597 nemo
363 557 547 598 miretur
571 556 605 596 si
633 562 731 596 ante
755 554 1024 609 baptismum,
1052 568 1149 594 cum
1175 554 1315 595 adhuc
1340 569 1527 610 paganos

47 616 155 656 ritus
183 620 423 665 servarent,
450 612 551 655 duas
592 626 761 653 sorores
792 611 1000 652 duxerant
1028 617 1155 667 pater
1181 617 1225 652 et
1248 612 1373 653 lilius.
1431 618 1528 653 sunt

46 677 187 714 autem
217 670 510 726 generationes
539 683 691 714 eorum
717 668 826 710 sicut
854 668 1027 711 inferius
1058 674 1333 710 annotantur.

395 834 1164 882 CONSTANTIUS
1538 848 1629 892 μετ

168 963 214 987 ex
240 949 435 987 Theodora
464 950 540 984 filia
562 948 725 984 Herculii
750 948 867 994 gignit
1068 958 1112 981 ex
1135 946 1275 982 Ilelena
1301 957 1386 982 vero
1412 946 1526 992 gignit

53 1030 1021 1064 w
1054 1033 1523 1056 W

49 1094 343 1135 Constantinum,
368 1097 510 1141 patrem
581 1090 745 1126 Anabal-
821 1090 1002 1126 Constan-
1055 1090 1336 1125 Constantinum
1358 1101 1525 1136 magnum

97 1159 199 1193 Galli
218 1152 429 1193 'DalmaticL
586 1157 747 1198 lianum,
820 1156 909 1190 tiam
932 1166 1026 1190 uxo·
1094 1155 1335 1191 solummodo.

48 1235 91 1258 ex
114 1235 190 1271 quo
217 1223 290 1258 fuit
302 1223 529 1258 Dalmatieus
604 1222 670 1268 qni
699 1225 737 1256 et
825 1232 900 1255 rem
926 1220 1025 1256 Lici-

95 1289 238 1331 iuuior,
265 1288 398 1324 Iuliani
426 1299 537 1335 prae-
591 1286 732 1322 Gallus.
823 1286 891 1321 nii.

93 1354 306 1389 varicatorit
328 1353 453 1389 stater.

214 1450 493 1494 MAGNUS
550 1449 783 1492 AUTEM
829 1448 1357 1492 CONSTANTINUS

465 1568 511 1592 ex
546 1555 678 1592 Fausta
705 1557 781 1592 mia
806 1557 971 1593 Herculii
996 1557 1112 1603 gignit

44 1659 1526 1696 (w

46 1728 236 1776 Crispum,
259 1727 530 1771 Constantium,
557 1727 839 1764 Constantinum
854 1754 865 1771 ‚
890 1727 1138 1771 Constantem,
1171 1733 1209 1762 et
1234 1727 1410 1762 Helenam
1435 1739 1526 1763 uxo-

1120 1798 1195 1821 rem
1211 1787 1343 1823 Iuliani
1365 1787 1524 1834 refugae.

161 1917 311 1958 Mundi
338 1931 450 1957 anno
481 1916 608 1968 5815,
638 1915 804 1958 divinae
841 1916 1141 1958 incarnationis
1173 1929 1286 1956 anno
1319 1914 1416 1965 315,
1448 1930 1527 1955 no-
1541 1925 1630 1968 p.28

48 1989 149 2016 num
181 1974 390 2015 decimum
422 1973 588 2028 imperii
615 1973 678 2014 sui
705 1988 861 2014 annum
891 1974 984 2029 pius
1015 1974 1314 2013 Constantinus
1345 1973 1526 2027 agebat3

47 2032 121 2088 qui
155 2029 296 2072 videns
330 2030 539 2071 Licinium
579 2030 876 2085 persecutione
911 2030 1038 2072 solito
1078 2030 1258 2071 insanius
1285 2030 1529 2071 abutentem

47 2097 90 2131 et
122 2094 274 2129 contra
303 2087 618 2129 benefactorem
650 2087 872 2128 consilium
899 2087 1199 2138 meditantem,
1233 2092 1425 2128 armatur
1453 2085 1525 2127 ad-

45 2159 191 2186 versus
220 2159 318 2186 eum
346 2158 427 2199 per
446 2145 598 2185 siccam
626 2147 660 2196 ⁶)
690 2151 733 2186 et
760 2159 889 2185 mare.
946 2159 1129 2200 cumque
1155 2143 1372 2199 publicum
1402 2158 1528 2199 prae-

48 2203 151 2244 lium
179 2208 400 2257 ageretur,
426 2201 544 2242 vivus
566 2200 749 2242 Licinius
777 2202 819 2242 in
848 2199 1043 2258 Bithynia
1070 2216 1199 2256 penes
1230 2201 1528 2257 Chrysopolim

47 2257 430 2314 comprehenditur
471 2264 515 2300 et
556 2258 819 2299 Constantini
860 2259 1050 2299 manibus
1078 2257 1291 2309 traditur,
1321 2258 1393 2314 qui
1425 2272 1530 2298 con..

49 2322 167 2358 sueta
207 2315 470 2355 humanitate
512 2330 607 2356 usus
647 2315 802 2357 civita
843 2315 1000 2356 donata
1032 2314 1368 2355 Thessalonicam
1400 2315 1533 2355 mittit

45 2373 209 2414 carceri
236 2371 573 2426 mancipandum.
603 2387 753 2413 verum
786 2386 872 2413 non
901 2373 1036 2413 multo
1066 2378 1164 2426 post
1190 2372 1380 2413 barbaris
1414 2385 1530 2412 mer-

48 2429 151 2471 cede
182 2429 404 2470 conductis
430 2428 622 2469 futurum
639 2434 733 2470 erat
751 2434 798 2470 ut
827 2429 1101 2470 rebellionem
1122 2435 1309 2484 pararet,
1338 2427 1415 2469 nisi
1445 2427 1529 2468 hoc

49 2486 286 2527 mitissimus
315 2485 613 2526 Constantinus
654 2499 932 2540 praenoscens
969 2485 1110 2541 gladio
1140 2485 1252 2525 hunc
1283 2484 1415 2526 recidi
1443 2484 1531 2524 ius-

47 2543 175 2584 sisset.
233 2548 276 2583 et
303 2542 363 2582 sic
386 2542 438 2582 de
457 2547 600 2583 cetero
614 2543 803 2596 perfecta
824 2542 932 2583 freta
962 2548 1059 2584 sunt
1076 2542 1386 2598 tranquillitate
1406 2541 1531 2581 Chri·

52 2600 286 2654 stianorum
312 2598 643 2640 conversationis
675 2600 858 2654 negotia,
888 2614 968 2654 per
996 2599 1199 2641 virtutem
1228 2598 1387 2639 scilicet
1422 2598 1531 2638 vivi-

51 2656 153 2698 ficae
181 2656 323 2697 crucis
351 2656 499 2711 sugatis
529 2656 730 2710 tyrannis,
761 2662 802 2697 et
826 2655 1098 2712 singulariter
1131 2655 1351 2698 obtinente
1378 2654 1531 2696 divini-

144 2802 179 2851 *)
205 2803 308 2837 steca
333 2803 406 2836 sive
431 2803 545 2839 are'da
569 2814 635 2849 pro
660 2807 766 2847 terra,
794 2809 834 2839 ut
859 2804 995 2839 Psalmo
1018 2800 1083 2841 941:
1110 2798 1176 2846 τὴν
1201 2796 1319 2850 ξηρὰν
1343 2804 1387 2838 ut
1407 2807 1533 2850 χεῖρες

149 2848 267 2885 αὐτοῦ
291 2851 473 2890 ἔπλασαν.
525 2852 629 2886 Fun.
