1728 3184
180 200 277 247 358
683 203 736 243 IN
777 202 1151 245 THEOPHANEM

178 314 247 357 hic
278 317 565 371 interpretoi·
557 347 567 364 ,
599 317 793 372 appictae
821 317 1059 394 huiusmodi
1087 315 1387 372 significantiae
1418 316 1653 358 auctorita-

179 381 237 416 tes
267 373 366 413 alibi
392 374 581 427 profero.

293 436 386 490 104,
416 439 458 479 6.
517 436 607 481 τότε
653 440 726 481 καί
757 441 923 495 Πέτρος
962 436 1300 494 Ἀῖεξανδρείας]
1332 439 1447 481 Petri
1477 440 1651 481 Alexan-

181 497 315 538 driam
346 496 540 547 reditum,
570 502 612 538 et
647 497 765 537 Lucii
797 498 1043 538 eiectionem
1081 497 1274 537 Socrates
1304 496 1374 538 lib.
1404 493 1433 537 4
1461 511 1554 552 cap.
1586 497 1653 548 30,

182 561 223 594 et
252 554 506 594 Sozomenus
540 553 610 595 lib.
641 552 667 593 6
699 569 787 608 cap.
821 553 873 594 39
920 554 970 593 ad
1003 553 1184 594 Valentis
1216 559 1411 607 tempora
1447 556 1653 594 referunt.

179 610 357 650 Lucium
387 615 499 650 tacet
525 610 816 662 Ecchellensis,
859 616 900 650 et
931 611 1015 650 eius
1046 624 1173 649 annos
1205 610 1426 650 confundit
1455 625 1550 652 cum
1578 610 1657 650 Ti-

181 666 363 717 mothei,
397 681 520 722 quem
544 667 662 706 Peui
700 682 977 708 successorem
1008 666 1188 718 uldin-nt,
1219 673 1260 707 et
1293 682 1421 708 annos
1442 664 1468 706 6
1500 672 1543 708 el:
1571 665 1656 708 dies

186 722 264 764 156
295 737 484 778 regnasse
523 729 656 765 notat.

293 791 407 832 Ibicl.
442 789 505 831 10.
564 790 608 831 ἐν
637 789 685 831 δὲ
713 789 965 856 ’Ant-offla]
1001 790 1051 831 ad
1082 790 1273 831 Gratiani
1307 796 1349 830 et
1376 790 1658 832 Valentiniani

184 847 359 888 iuni01is
388 848 611 902 imperium
641 854 735 888 ante
759 848 930 888 ascitum
949 847 1247 897 Theodosium,
1279 847 1368 898 ista,
1399 862 1559 888 necnon
1596 847 1659 887 le-

183 920 249 960 ges
285 903 336 945 de
356 905 600 945 revocandis
632 904 672 944 in
695 905 807 945 sedes
827 905 1046 959 episcopi&
1082 904 1342 944 coniicienda
1374 903 1498 945 docet
1513 904 1658 945 Theo-

184 963 371 1013 doretus,
403 976 450 1001 ex
481 975 565 1016 quo
596 961 697 1001 haee
717 961 1007 1015 Theophanes,
1043 961 1113 1000 lib.
1137 961 1162 1000 5
1194 975 1284 1014 cap.
1305 961 1327 1000 2
1359 967 1403 1001 et
1430 959 1469 1012 3,
1501 962 1659 1002 Socra-

183 1024 243 1060 tes
274 1018 342 1058 lib.
373 1017 398 1057 5
428 1033 517 1073 cap.
552 1018 575 1058 2
609 1024 651 1059 et
675 1033 790 1073 seqq.
807 1049 818 1071 ,
850 1018 1104 1058 Sozomenus
1134 1017 1204 1057 lib.
1236 1016 1261 1057 7
1296 1031 1386 1071 cap.
1416 1018 1440 1058 2
1469 1023 1510 1058 et
1535 1021 1578 1062 3.

299 1084 389 1140 105,
418 1085 458 1125 3.
517 1082 614 1127 τότε
643 1082 865 1136 Διόδωρον
897 1083 1137 1139 ἐπίσκοπον]
1165 1099 1211 1125 ex
1240 1084 1502 1126 Theodoreti
1533 1085 1600 1126 lib.
1632 1085 1658 1126 5

183 1157 278 1197 cap.
302 1138 343 1193 4,
375 1142 449 1198 qui
479 1147 629 1184 cuncta
658 1148 756 1183 ante
784 1124 1021 1183 Theodosio
1058 1142 1261 1182 t1aditum
1293 1142 1516 1197 imperium
1548 1149 1659 1199 gesta

184 1174 373 1240 testa'uitun

294 1255 403 1295 Ibi-d
438 1253 501 1294 14.
561 1252 621 1302 εις
646 1250 691 1295 τὸ
722 1251 943 1309 εύκτήριον
981 1254 1052 1308 τῆς
1085 1251 1208 1306 ἆγιάς
1235 1252 1531 1310 ἈιαστασίαςῙ
1565 1255 1660 1296 loco

183 1311 287 1352 haec
322 1317 575 1366 congimuunt
605 1317 645 1351 et
674 1326 800 1351 anno.
864 1313 915 1352 de
956 1312 1146 1352 oratorio
1177 1311 1410 1353 Anastasiae
1443 1327 1463 1351 a
1494 1314 1660 1367 Grego-

185 1369 250 1408 ιίο
282 1367 481 1423 theologo
514 1367 726 1433 excitat03
768 1374 808 1408 et
849 1367 1132 1416 Αναστασιάς
1172 1369 1257 1408 sive
1295 1364 1561 1416 ἀναστάσεως
1584 1343 1660 1410 τὀὶ)

186 1425 283 1466 fidei
316 1425 668 1466 resurrectionem
701 1424 742 1464 in
772 1440 821 1465 eo
853 1426 1155 1465 manifestuum
1188 1425 1316 1476 dicto⁷
1348 1424 1484 1480 deque
1514 1425 1660 1479 primis

185 1482 342 1523 ibidem
374 1482 464 1521 visis
499 1481 710 1522 miraculis
751 1483 987 1523 luculenter
1011 1482 1214 1522 Duronius
1246 1481 1298 1522 ad
1329 1497 1481 1522 annum
1508 1481 1663 1523 Christi

187 1537 270 1579 378
301 1553 413 1578 num.
445 1536 499 1579 56
533 1543 573 1578 et
601 1553 717 1594 seqq.

297 1607 407 1646 [hid.
441 1605 504 1646 19.
563 1603 799 1660 Γρατιανὸς
826 1601 845 1646 ὃ
874 1602 1078 1658 βασιλεῦς
1097 1604 1302 1663 ἀνῃρέθη]
1335 1613 1548 1661 arreptam
1579 1622 1664 1661 po-

190 1662 270 1701 {ius
301 1678 324 1703 a
355 1663 532 1702 Maximo
566 1662 862 1718 tylannidem,
902 1679 1027 1718 quam
1065 1651 1222 1703 illatam
1254 1663 1457 1704 Gnatiano
1505 1678 1663 1715 necem,

189 1718 288 1759 huic
320 1734 430 1759 anno
459 1719 687 1760 Theodosii
717 1727 871 1775 qualto
904 1720 1140 1760 sociandam
1173 1734 1256 1759 uno
1287 1720 1394 1776 stylo
1425 1727 1688 1761 contestan--

192 1780 263 1815 tur
293 1776 595 1816 chronicorum
626 1784 818 1818 auctores
859 1777 1066 1830 Prosper,
1098 1777 1361 1817 Marcellinus
1401 1791 1551 1829 comes,
1583 1778 1665 1818 So..

193 1838 326 1873 crates
357 1832 427 1872 lib.
460 1831 485 1872 5
515 1848 604 1887 cap.
640 1836 687 1876 11
723 1833 954 1874 cluonicon
986 1834 1322 1876 Alexandiinmn.

309 1898 401 1951 106,
435 1899 474 1940 5.
530 1916 587 1956 τω
618 1899 668 1940 δ’
711 1900 829 1956 αὐτῶ
865 1899 1023 1958 χρόνῳ]
1066 1898 1286 1952 ἱστορικαῖς
1328 1907 1519 1972 tantum,
1552 1900 1665 1941 haud

193 1956 403 2011 χρονικαῖς
428 1956 554 1997 scribi
587 1957 742 1998 docent
770 1958 898 1998 verba
927 1941 1010 2008 ill-i,
1039 1958 1094 1997 τῶ
1117 1957 1153 1997 δ’
1172 1956 1288 1997 αὕτη]
1314 1952 1475 2014 χρὸιω·
1532 1958 1670 1998 eodem

194 2022 394 2078 tempore,
423 2013 530 2064 sive,
561 2029 667 2054 etr-ca
696 2024 848 2069 tempus
888 2015 1004 2054 illud.
1064 2015 1286 2054 confirmat
1321 2015 1380 2054 lex
1407 1998 1477 2054 hic
1506 2029 1670 2055 memo..

195 2077 289 2110 rata
322 2070 361 2109 in
393 2070 602 2111 Theodos.
636 2071 733 2111 cod.
780 2077 918 2111 extans
949 2072 1151 2111 Gratiano
1185 2073 1287 2126 Aug.
1317 2071 1369 2111 V.
1401 2077 1444 2112 et
1471 2071 1670 2111 Theodo-

197 2126 258 2167 sio
290 2128 322 2166 1.
357 2140 457 2167 coss.
490 2127 563 2182 qui
590 2127 815 2167 Theodosii
846 2128 1011 2182 imperii
1042 2143 1169 2167 annus
1196 2143 1371 2184 sequens
1402 2135 1477 2177 est,
1512 2129 1611 2168 lata.

315 2193 408 2246 107,
437 2193 478 2237 4.
546 2189 571 2245 ἦ
601 2191 763 2248 μεγάλη
793 2195 865 2236 καί
900 2190 1194 2250 οικουμενική]
1241 2211 1366 2251 quam
1407 2210 1454 2237 ex
1496 2197 1671 2237 Socrate

199 2251 363 2306 signatis
396 2251 631 2292 consulibus
676 2251 913 2293 Eucharide
960 2260 1001 2293 et
1037 2253 1247 2306 Euaglio‚
1287 2253 1574 2318 pronunciant
1602 2252 1670 2291 alii

200 2308 423 2364 Syagiinm
454 2315 495 2349 et
511 2308 782 2359 Euche1ium‚
815 2324 923 2349 anno
944 2309 1170 2350 Theodosii
1202 2311 1331 2351 tentio
1361 2310 1569 2365 synodum
1586 2309 1669 2348 GP.

201 2372 416 2418 peractam
446 2366 585 2405 cuncti
614 2366 746 2406 ferme
775 2366 1024 2421 chronologi
1055 2372 1100 2405 st
1094 2372 1266 2414 ituunt
1298 2366 1434 2407 miro}
1447 2365 1672 2420 Theopha-

201 2436 297 2461 nem
327 2421 368 2461 in
400 2421 614 2472 eiusdem,
643 2436 728 2477 quo
768 2423 973 2464 celebiari
1017 2437 1101 2463 non
1132 2423 1298 2477 potuit,
1330 2439 1484 2463 annum
1513 2430 1672 2463 sextum

203 2476 416 2530 distulisse,
448 2493 532 2534 quo
565 2479 717 2534 Sy1icii
747 2494 880 2533 papae
899 2481 1078 2519 Romani
1109 2495 1262 2519 annum
1297 2487 1495 2535 quartum
1526 2494 1672 2519 nume-

203 2541 283 2585 iat,
316 2535 432 2575 cuius
474 2542 665 2589 tempora
708 2536 888 2591 synodus
917 2536 1059 2578 eadem
1101 2538 1226 2589 longo
1267 2538 1402 2592 spatio
1433 2537 1672 2577 antevertit.

203 2591 394 2632 sociates
434 2591 504 2633 lib.
546 2591 571 2632 5
612 2607 700 2647 cap.
730 2592 780 2645 8,
821 2592 1080 2635 Theodoxet.
1119 2596 1145 2634 Ι.
1167 2567 1206 2636 4.
1249 2609 1282 2635 c.
1316 2594 1371 2647 8,
1421 2594 1674 2634 Sozomenus

204 2646 234 2686 l.
259 2646 282 2686 7
312 2662 345 2687 c.
381 2649 423 2689 7.

323 2704 417 2756 108,
438 2704 480 2745 4.
537 2720 611 2747 τον
641 2702 946 2760 συντακτὴριον
974 2704 1109 2763 λόγον]
1144 2708 1379 2748 orationem
1413 2720 1675 2762 componen—

187 2758 265 2798 dis
301 2761 596 2816 episcoporum
639 2762 809 2804 dissidiis
856 2764 1010 2804 dictam
1048 2765 1236 2806 nonnulli
1276 2765 1520 2815 existimant,
1551 2778 1674 2817 quam

208 2816 345 2869 potius
378 2833 459 2872 pio
491 2820 719 2862 abdicanda
748 2820 844 2863 sede
873 2821 1190 2876 pionuntiatam
1230 2837 1323 2863 cum
1355 2821 1472 2862 Billis»
1520 2818 1673 2859 indim-
