1794 3250
586 206 655 246 ex
701 202 1047 246 THEOPHANE.
1448 190 1544 243 249

85 318 403 373 abrenuntiare,
442 327 485 363 et
523 319 774 376 glorificatio
806 317 872 359 dei
915 316 1098 371 exaltari,
1125 331 1173 357 ac
1198 315 1450 368 monasteria
1483 330 1552 357 re·

83 378 236 429 creari,
267 383 395 434 atque
427 392 550 419 omne
585 377 742 418 bonum
769 373 1036 415 manifestari.
1431 373 1436 378 '

193 462 285 502 Hoc
318 462 444 503 etiam
474 476 584 502 anno
615 460 656 501 in
685 459 818 515 longis
846 458 1038 500 Thracae
1067 455 1197 497 muris
1223 454 1353 496 homo
1379 454 1549 511 quidam

84 518 247 559 fodiens
288 518 448 559 invenit
487 516 691 573 lapideam
738 531 903 567 arcam,
937 530 1062 571 quam
1090 528 1184 553 cum
1213 518 1476 567 expurgasset
1507 518 1550 552 et

87 575 328 626 revelasset,
367 575 528 629 reperit
576 574 713 614 virum
740 573 942 613 iacentem
986 578 1027 612 et
1058 570 1218 610 litteras
1247 569 1550 623 conglutinatas

84 646 220 682 arcae,
248 631 506 672 continentes
535 630 637 670 haec
666 629 879 670 “Christus
921 632 1113 668 nascetur
1141 641 1188 666 ex
1219 626 1350 666 Maria
1375 624 1550 679 virgine,

82 693 125 728 et
153 688 281 728 credo
313 688 355 727 in
383 702 490 728 eum.
547 687 622 727 sub
645 686 919 727 Constantino
949 698 1052 725 vero
1084 690 1126 724 et
1154 682 1335 723 Heirene
1364 682 1548 735 impera-

81 745 262 798 toribus,
294 759 319 785 o
353 744 427 798 sol,
458 744 613 785 iterum
642 757 709 783 me
739 742 934 783 videbis.'’

189 829 310 869 Anno
350 827 520 883 imperii
561 826 822 867 Constantini
866 831 907 866 et
947 825 1153 865 Heirenae
1188 823 1371 864 secundo
1397 822 1678 871 direxitp.705

83 885 264 926 Heirene
292 885 503 926 Costahim
546 883 806 924 sacellarium
846 888 887 923 et
925 882 1148 922 Mamalum
1178 879 1466 935 primicerium
1499 878 1551 918 ad

84 940 283 981 Carolum
312 956 452 996 regem
470 942 746 990 Francorum,
778 953 862 995 quo
886 940 1009 978 filiam
1038 952 1152 978 suam
1182 937 1331 991 nuptui
1364 935 1551 977 traderet

82 997 331 1052 imperatori
362 998 634 1037 Constantino
665 997 751 1036 filio
781 1011 872 1036 suo.
947 1001 988 1035 et
1017 995 1127 1034 facto
1161 994 1318 1048 placito
1349 1007 1397 1032 ac
1436 992 1551 1033 iure-

78 1054 258 1094 iurando
289 1054 400 1094 inter
429 1060 655 1109 utrosque,
687 1053 953 1108 reliquerunt
979 1052 1183 1091 Elisaeum
1214 1049 1452 1090 eunuchum
1484 1054 1550 1087 at..

78 1125 161 1165 que
190 1111 403 1160 notarium
441 1109 493 1150 ad
536 1110 767 1150 docendam
807 1108 916 1148 illam
949 1111 1209 1149 Graecorum
1240 1106 1397 1146 litteras
1430 1105 1551 1145 simul

80 1172 122 1207 et
160 1166 363 1221 linguam3
392 1166 463 1207 sed
492 1173 534 1207 et
562 1172 610 1205 ut
637 1166 826 1207 erudiret
855 1179 946 1205 eam
974 1170 1016 1204 et
1045 1163 1273 1204 secundum
1301 1176 1438 1202 mores
1461 1163 1551 1202 Ro..

79 1237 300 1263 manorum
340 1222 517 1278 imperii.
589 1221 842 1263 constructis
893 1226 1032 1261 autem
1075 1219 1269 1259 classibus
1310 1218 1550 1267 numerosis,

79 1285 123 1319 et
149 1279 287 1320 electis
326 1293 372 1319 ex
414 1278 664 1319 thematibus
694 1277 861 1333 populis
892 1291 940 1317 ac
979 1276 1256 1331 principibus,
1286 1275 1358 1330 qui
1386 1275 1552 1315 suffice-

79 1341 188 1383 rent,
220 1335 438 1389 promovit
465 1335 736 1376 Theodorum
778 1333 1005 1388 patricium
1033 1333 1283 1381 eunuchum,
1317 1331 1453 1371 virum
1486 1331 1551 1370 in-

79 1390 306 1442 dustrium,
349 1399 392 1432 et
422 1391 573 1431 direxit
602 1392 643 1431 in
674 1391 856 1431 Siciliam
898 1389 1092 1430 adversus
1122 1387 1373 1443 Helpidium.
1431 1402 1550 1428 cum-

79 1463 161 1503 que
191 1447 320 1488 multa
348 1448 499 1489 fierent
542 1448 673 1499 bella,
707 1447 901 1486 vicerunt
944 1445 985 1485 hi
1016 1445 1088 1501 qui
1133 1445 1246 1485 circa
1275 1443 1550 1485 Theodorum

78 1510 214 1546 erant.
274 1519 359 1559 quo
393 1504 480 1544 viso
511 1503 726 1558 Helpidius
759 1502 910 1552 timuit,
950 1509 992 1543 et
1020 1502 1193 1556 sumptis
1227 1507 1441 1556 quotquot
1472 1500 1551 1540 lia-

75 1560 203 1601 bebat
242 1561 428 1614 pecuniis
476 1574 572 1600 cum
598 1559 839 1614 Nicephoro
878 1559 1150 1599 transmeavit
1196 1557 1238 1597 in
1266 1557 1478 1606 Africam,
1509 1563 1551 1597 et

79 1624 254 1671 accepto
286 1618 417 1658 verbo
449 1617 681 1657 securitatis
723 1616 774 1656 ad
807 1615 958 1655 Arabes
996 1613 1196 1662 confluit;
1243 1629 1367 1669 quem
1397 1614 1453 1654 illi
1483 1629 1549 1653 su-

79 1681 269 1727 sceptum
299 1681 348 1714 ut
379 1676 667 1714 Romanorum
698 1673 997 1726 imperatorem
1015 1671 1266 1722 retinebant,
1297 1677 1549 1710 coronantes

80 1744 174 1770 eum
203 1730 418 1781 incassum,
447 1736 489 1770 et
518 1730 650 1771 ocreis
679 1736 721 1770 et
747 1734 962 1769 stemmate
996 1728 1227 1768 induentes.
1286 1741 1380 1767 cum
1409 1733 1549 1767 autem

76 1786 369 1827 Romanorum
398 1787 439 1826 in
478 1785 540 1826 his
587 1786 769 1840 populus
811 1791 1002 1838 vacaret,
1043 1784 1258 1841 egreditur
1288 1783 1401 1824 Madi
1442 1783 1547 1823 filius

76 1843 215 1882 Aaron
243 1857 338 1883 cum
366 1848 588 1898 potentatu
619 1850 660 1883 et
692 1848 899 1897 apparatu
930 1841 1073 1893 nimio,
1103 1847 1186 1880 tam
1211 1840 1547 1894 Maurophorum

79 1913 205 1952 quam
233 1899 362 1939 totius
392 1899 538 1955 Syriae
577 1904 619 1940 et
644 1898 972 1953 Mesopotamiae
1012 1905 1139 1952 atque
1171 1897 1334 1950 deserti,
1363 1902 1404 1937 et
1432 1897 1593 1941 venitP·
1610 1893 1679 1929 706

77 1954 395 2010 Chrysopolim,
441 1955 644 1997 derelicto
675 1957 842 1996 Bunuso
881 1955 931 1994 ad
964 1953 1235 1995 obsidendum
1264 1953 1474 1994 Nacoliam
1507 1959 1549 1993 ct

77 2010 397 2052 custodiendum
428 2010 550 2053 dorsa
579 2027 666 2052 sua.
724 2012 833 2052 misit
864 2017 1003 2052 autem
1029 2018 1069 2051 et
1096 2009 1307 2051 Burniche
1335 2010 1377 2049 in
1409 2010 1545 2050 Asiam

75 2081 170 2107 cum
200 2065 252 2108 30
281 2068 469 2116 milibus3
503 2068 575 2123 qui
606 2083 702 2108 cum
730 2067 968 2109 debellasset
997 2066 1421 2107 Lachanodraeonem
1452 2081 1548 2106 cum

74 2123 257 2164 themate
296 2124 621 2165 Tliracesiorum
660 2125 700 2164 in
742 2125 838 2165 loco
880 2124 1041 2164 Darino
1083 2124 1227 2176 dicto,
1261 2138 1354 2164 cum
1400 2129 1442 2163 et
1469 2123 1546 2177 ipsi

76 2180 250 2234 triginta
280 2181 392 2220 milia
437 2187 592 2228 essent,
626 2181 812 2236 quinque
838 2180 949 2220 milia
980 2180 1206 2220 interfecit.
1267 2186 1329 2219 ast
1361 2180 1548 2233 impera-

77 2236 157 2276 trix
188 2236 309 2277 misso
340 2237 523 2277 Antonio
556 2236 786 2278 domestico
817 2251 913 2277 cum
950 2236 1164 2277 ordinibus
1196 2236 1379 2277 obtinuit
1406 2236 1544 2286 Barin,

74 2299 116 2333 et
144 2293 440 2334 concluserunt
473 2308 556 2334 eos.
617 2294 808 2348 confugit
834 2301 970 2334 autem
1000 2293 1052 2334 ad
1082 2307 1151 2333 eos
1181 2293 1373 2333 Tazatius
1394 2291 1545 2332 Bucel-

72 2348 277 2389 lariorum
307 2356 496 2404 praetor,
527 2349 627 2390 odio
657 2350 773 2404 quod
796 2356 944 2390 contra
965 2349 1229 2390 Stanracium
1257 2348 1437 2388 habebat
1465 2363 1544 2402 pa-

71 2404 243 2445 tricium
270 2411 312 2446 et
341 2406 595 2460 logothetam
627 2406 797 2457 dromi,
831 2405 1067 2446 eunuchum
1097 2406 1303 2454 omnibus,
1335 2405 1406 2459 qui
1441 2411 1542 2445 tunc

73 2460 321 2503 videbantur
350 2477 447 2513 esse,
476 2461 806 2516 praeminentem
837 2468 878 2501 et
895 2462 1033 2502 omnia
1052 2462 1351 2517 disponentem.
1382 2467 1423 2500 et
1442 2460 1541 2501 dato

73 2517 129 2557 eis
156 2519 329 2558 consilio
361 2533 505 2573 pacem
536 2518 872 2572 postulaverunt.
932 2533 1027 2559 cum
1061 2525 1199 2558 autem
1227 2516 1278 2556 ad
1306 2516 1388 2556 hoc
1417 2517 1540 2557 exiis..

71 2579 164 2614 sent
191 2574 431 2615 stauracius
471 2582 512 2615 et
550 2575 695 2615 Petrus
736 2574 930 2630 magister
968 2582 1010 2615 et
1040 2574 1242 2615 Antonius
1273 2573 1536 2623 domesticus,

74 2644 160 2670 non
187 2631 440 2672 studuerunt
468 2630 679 2672 subtiliter
706 2645 841 2685 agere,
873 2637 920 2670 ut
947 2631 1121 2671 verbum
1143 2635 1263 2669 caute
1281 2629 1541 2683 susciperent

74 2691 116 2725 et
142 2686 246 2727 filios
278 2688 527 2741 primorum,
561 2687 631 2728 sed
653 2694 845 2728 exeuntes
875 2687 1107 2727 inconsulte
1134 2686 1237 2726 tenti
1254 2691 1350 2725 sunt
1382 2686 1432 2725 ab
1461 2686 1539 2726 illis

74 2748 116 2781 et
143 2743 414 2797 compedibus
462 2744 590 2784 vincti
631 2750 740 2793 sunt,
769 2749 810 2783 et
839 2749 1009 2783 coactae
1041 2747 1135 2782 sunt
1166 2747 1370 2795 utraeque
1399 2748 1537 2796 partes

73 2798 124 2839 ad
157 2799 391 2841 faciendum
418 2815 575 2856 pacem.
635 2806 677 2841 et
698 2799 960 2842 donaverunt
993 2800 1183 2849 invicem,
1212 2800 1393 2853 Augusta
1423 2799 1536 2840 scili-
