1728 3184
196 196 296 248 432
705 207 760 248 IN
801 205 1175 249 'rnEoPnANEM

203 328 486 382 Phar-angium
524 335 712 368 vocatam
726 358 738 378 ,
766 327 872 368 unde
910 340 1064 367 aarum
1105 327 1263 367 Persae
1282 327 1471 380 fodiunt,
1509 332 1670 387 regique

179 388 348 438 siet-unt,
381 391 423 424 ct
452 385 581 424 infra:
627 384 723 424 inde
770 384 1154 425 Per-sarmeniorum
1184 383 1292 438 fines
1332 386 1553 440 incipiunt,
1602 389 1675 428 ubi

197 444 293 481 auri
320 442 530 481 metallum
561 449 631 490 ese,
664 441 775 496 quod
803 440 977 494 Cahade
1008 439 1260 492 concedente,
1290 441 1461 497 quidam
1492 444 1579 484 loci
1603 446 1671 483 ιἰι-

196 499 345 552 digena
375 499 536 537 nomine
550 496 771 548 Symeones
801 497 993 537 curabat:
1022 497 1096 550 qui
1121 505 1333 551 postquam
1360 497 1511 550 Lazos,
1535 508 1575 539 et
1589 499 1672 539 Ro-

197 569 342 595 manos-
366 556 410 594 in
437 554 541 594 hello
565 555 809 609 potenciores
845 553 971 604 vidie,
1004 552 1205 592 Cahaclem
1236 552 1375 593 reditu
1398 556 1672 607 pecuniarum

192 611 400 666 privavit.
458 611 551 650 ideo
587 619 626 649 et
662 611 790 665 ipsum
821 610 945 649 simul
978 624 1069 649 cum
1099 610 1337 662 Pharangio
1366 610 1561 651 Romanis
1587 621 1672 651 tra-

197 667 297 708 dens
320 667 451 722 petiit,
483 675 525 706 ut
552 667 637 722 ipsi
662 667 824 706 remotis
849 666 966 718 aliis,
995 679 1080 706 rem
1119 674 1326 706 curarent.
1389 676 1434 706 ac
1460 667 1543 707 illis
1565 669 1674 707 nillil

198 724 250 763 de
277 724 444 764 metallo
474 722 709 764 curantibus
726 752 737 773 ,
765 731 918 763 cantum
946 723 1046 762 satis
1076 723 1207 762 visum
1230 722 1357 762 hostes
1386 723 1460 763 hoc
1486 725 1671 777 vectigal

198 794 394 820 anuszsse.

314 851 408 904 275,
436 851 474 892 7.
534 851 595 898 εἰς
615 847 662 892 τὸ
691 848 936 902 Ἀμμίδιος]
955 850 1223 891 Ammodium
1250 852 1386 892 locum
1415 867 1437 892 a
1457 853 1571 893 Dara
1592 858 1675 892 sta-

199 908 275 949 diis
304 908 356 950 20
390 909 624 959 distantem,
656 921 741 962 quo
770 907 846 948 sibi
863 907 1013 948 Persae
1037 913 1079 948 et
1103 908 1280 948 Romani
1309 909 1494 963 primum
1520 923 1674 950 occur-

199 980 295 1007 rere
330 971 537 1005 memorat
566 965 715 1005 citatus
747 964 1000 1017 Procopius,

312 1050 420 1093 Ibid.
453 1049 492 1090 8.
553 1045 742 1100 ὀνόματα
782 1047 917 1102 πέντε]
961 1062 1185 1102 personam
1225 1049 1378 1089 Graeci
1418 1050 1676 1091 recentiores

201 1107 346 1148 dicunt
376 1098 536 1157 ὄνομα,
581 1105 698 1160 quod
729 1120 1004 1160 unaquaeque
1034 1105 1202 1146 nomine
1233 1105 1521 1159 dignoscatur.
1578 1104 1676 1146 ὄνο-

199 1159 327 1216 witot
358 1177 530 1218 quoque
561 1162 601 1201 in
632 1162 789 1216 plurali
817 1162 927 1202 idem
947 1161 1162 1216 significat.
1192 1158 1284 1214 δυό,
1317 1165 1430 1216 τρεῖς
1462 1156 1676 1219 ὄνόματοι,

198 1222 314 1271 duae,
349 1229 431 1259 tres
453 1232 671 1275 personae.

307 1291 419 1332 Ibid.
452 1291 515 1331 11.
591 1289 651 1347 τῷ
688 1290 725 1331 ‹5’
765 1288 885 1347 αὐτῷ
910 1288 1069 1346 χρόνῳ]
1112 1291 1455 1332 Saracenicarum
1486 1293 1676 1333 tribuum

200 1349 348 1389 ducem
395 1349 522 1389 istum
546 1349 744 1388 Romanis
787 1350 966 1389 amicum
996 1348 1193 1388 Arctham
1222 1348 1490 1388 Alamundari
1519 1364 1678 1403 perpe-

199 1414 320 1448 tuum
350 1406 511 1447 hostem
557 1405 678 1446 fuisse
725 1404 957 1447 indubium.
1026 1404 1077 1445 de
1110 1405 1330 1460 utriusque
1362 1405 1477 1446 hellis
1507 1406 1676 1446 Proco-

199 1464 290 1517 pius
320 1462 393 1503 lib.
430 1462 450 1503 1
500 1461 553 1503 de
596 1461 707 1504 bello
754 1461 925 1503 Persico
969 1467 1065 1517 post
1105 1460 1312 1514 medium,
1353 1467 1395 1503 et
1422 1462 1549 1517 paulo
1581 1468 1678 1503 ante

200 1520 326 1561 finem
355 1519 427 1560 lib.
459 1518 498 1559 2.

311 1598 407 1650 276,
436 1593 476 1638 4.
534 1596 736 1653 μέταξαν]
767 1597 1072 1639 recentioribus
1114 1597 1284 1638 Graecis
1315 1603 1374 1638 est
1402 1599 1593 1638 sericum.-
1627 1597 1678 1638 de

201 1670 284 1711 qua
313 1670 416 1696 voce
446 1654 651 1700 Meursius
692 1661 735 1696 et
770 1654 1084 1712 euchologium.
1155 1654 1399 1709 corruptius
1439 1652 1484 1695 τὸ
1517 1654 1677 1707 μετάξυ

201 1711 495 1766 pronuntiant.

313 1778 427 1822 Ibid.
458 1777 498 1819 6.
554 1778 628 1832 τῆς
651 1775 686 1833 η’
722 1775 1023 1833 ε’πινεμήσεως]
1055 1793 1154 1819 coss.
1185 1777 1413 1833 Lampadio
1441 1786 1483 1819 et
1513 1778 1681 1829 Oreste,

201 1849 284 1891 qua
316 1836 545 1877 indictione
573 1841 773 1891 quartum
805 1835 1018 1876 Iustiniani
1045 1850 1199 1876 annum
1221 1836 1263 1875 in
1294 1835 1469 1876 tertium
1497 1834 1678 1875 aTheo-

198 1893 338 1948 phane
368 1898 562 1934 notatum
580 1923 592 1945 ,
620 1891 874 1933 incidentem
903 1898 1098 1933 numerat
1128 1892 1350 1933 Baronius.

310 1978 421 2018 ibid.
452 1977 492 2019 7.
553 1973 736 2030 διωγμὸν
763 1975 899 2029 μέγαν
929 1972 1036 2016 κατὰ
1067 1975 1153 2017 ταῖν
1179 1974 1399 2030 Ἑλλήνων,
1435 1975 1509 2017 καί
1538 1972 1677 2030 πάσης

229 2031 420 2090 ἶρὲσεως]
450 2041 561 2076 extat
588 2035 657 2074 lib.
693 2033 713 2074 1
745 2048 840 2088 cap.
872 2033 923 2074 de
964 2033 1126 2074 haeret.
1163 2040 1205 2073 et
1235 2033 1498 2084 Manichaeis,
1529 2039 1572 2074 et
1598 2034 1677 2072 Sa..

198 2107 301 2132 mar.
331 2091 396 2131 tit.
426 2090 481 2143 8,
509 2098 600 2132 tum
638 2091 764 2131 etiam
793 2091 839 2129 iis
865 2090 1056 2130 omnibus
1096 2089 1394 2141 sanctionibus,
1425 2089 1577 2145 quibus
1605 2095 1679 2129 aut

199 2150 326 2190 fidem
353 2148 631 2202 pientissimus
660 2146 729 2187 ille
760 2147 996 2200 imperator
1037 2147 1250 2201 satagebat
1290 2147 1564 2196 firmandam,
1604 2151 1678 2185 aut

197 2205 386 2247 haereses
416 2203 705 2246 convellendas
735 2203 923 2243 curabat.
982 2216 1116 2258 porro
1151 2202 1266 2257 quod
1293 2210 1454 2257 spectat
1485 2202 1677 2244 delendas

199 2262 465 2303 idololatriae
494 2261 716 2317 reliquias,
748 2261 998 2315 Blemmyas,
1030 2266 1072 2300 ct
1100 2261 1279 2300 Nobatas
1308 2266 1514 2300 extremos
1541 2261 1678 2314 Aegy-

197 2319 262 2373 pti
293 2317 475 2374 populos
503 2318 661 2360 Persici
682 2316 779 2357 belli
808 2323 1009 2370 tempore,
1043 2324 1089 2356 ut
1118 2318 1302 2356 Baronio
1333 2316 1484 2371 placet,
1521 2322 1675 2371 quarto

198 2376 368 2430 imperii
393 2389 526 2427 anno,
567 2375 640 2431 qui
682 2373 958 2428 Theophani,
987 2373 1246 2423 Marcellino,
1279 2380 1320 2414 et
1350 2373 1552 2413 chronico
1579 2372 1677 2412 Ale-

198 2432 404 2473 xandrino
437 2432 598 2486 tertius,
630 2436 672 2472 et
689 2430 907 2484 Lampadii
939 2437 981 2470 et
1004 2430 1161 2470 Orestis
1194 2431 1333 2484 primo
1365 2429 1580 2470 consulatu
1613 2429 1677 2468 in-

197 2490 335 2544 signis,
364 2488 516 2530 relicto
546 2486 791 2543 prophanae
820 2487 1062 2541 gentilitatis
1094 2487 1194 2534 ritu,
1228 2488 1280 2526 ad
1311 2501 1457 2527 verum
1488 2486 1552 2526 dei
1587 2487 1679 2525 cul..

200 2551 288 2586 tum
317 2561 339 2585 a
369 2545 595 2585 Iustiniano
635 2543 872 2595 traductos,
901 2544 1061 2598 scripto
1105 2544 1328 2583 confirmat
1361 2543 1597 2597 Procopius
1625 2542 1678 2581 ‹le

198 2604 308 2643 bello
339 2609 574 2642 memorato
605 2601 679 2642 lib.
712 2601 732 2640 1
783 2615 867 2640 non
901 2601 1018 2654 longe
1050 2616 1069 2638 a
1107 2601 1199 2650 fine,
1233 2605 1274 2639 et
1305 2600 1356 2639 de
1384 2598 1503 2642 aedis.
1536 2598 1677 2638 Iustini

199 2665 306 2699 orat.
338 2658 365 2699 6
394 2659 495 2699 alios
537 2659 622 2699 eius
662 2672 742 2712 ope
782 2656 833 2696 ad
866 2655 989 2696 fidem
1032 2663 1216 2696 vocatos.
1276 2656 1475 2711 quoniam
1508 2654 1675 2694 veroin

198 2715 416 2768 gentilium
448 2729 672 2756 numerum
693 2714 976 2755 Samaritanos
995 2713 1255 2766 Epiphanius
1286 2718 1484 2758 recenset,
1519 2712 1589 2750 ubi
1626 2711 1678 2751 de

199 2785 348 2811 eorum
378 2772 561 2821 haeresi3
599 2771 932 2825 Iustnianaeique
961 2771 1116 2810 codicis
1132 2770 1286 2808 sancita
1320 2768 1552 2809 haereticos
1580 2781 1677 2821 per-

197 2828 467 2884 stringentia,
512 2829 795 2870 Samaritanos
845 2841 1017 2883 quoque
1058 2826 1319 2881 percellunt;
1364 2831 1405 2866 et
1445 2824 1679 2864 chronicon
