1728 3184
461 151 645 194 NOTAE
691 154 1070 201 rosrssnionsss.
1392 155 1487 211 639

76 320 78 322 Ι
149 267 248 320 633,
279 270 319 312 6.
359 261 438 334 Οὧν
470 271 509 311 Γ
507 268 617 325 α’μερ
650 268 804 324 ἡγεῖτο]
833 289 855 313 e
879 277 1023 328 quibus
1046 278 1167 334 prior
1192 287 1284 319 erat
1315 277 1490 329 Gamer,·

36 340 119 367 non
149 338 330 365 summus
357 331 468 366 inter
485 341 570 379 eos,
598 334 646 368 ut
664 328 846 370 reddidit
876 332 1048 387 interpr.
1067 335 1196 388 liquet
1220 334 1331 374 enim
1358 334 1491 389 ipsum

36 382 290 423 Sulimanem
317 395 523 422 summum
553 383 701 424 ducem
735 386 866 435 fuisse,
897 388 968 441 qui
996 403 1041 429 ex
1067 388 1201 430 90000
1231 388 1367 431 60000
1397 391 1492 430 mil-

37 438 91 478 lia
121 438 207 492 ipse
236 436 455 487 educeret;
503 437 694 495 denaque
740 441 867 480 millia
916 442 957 481 in
986 444 1160 498 singulos
1200 452 1282 486 tres
1311 446 1492 501 reliquos

35 494 259 550 praesides,
291 492 344 544 ad
374 493 472 534 belli
498 495 714 536 levandam
740 497 905 549 molem,
942 513 990 539 ac
1032 501 1308 543 distrahendas
1336 503 1493 543 Roma-

38 565 191 591 norum
220 549 343 600 vires,
379 550 439 589 uti
468 550 574 592 solet
604 552 644 590 in
677 553 891 603 eiusmodi,
923 569 971 594 ac
1002 555 1040 595 in
1070 557 1152 597 dies
1181 558 1397 609 cernimus,
1427 558 1492 598 di..

33 606 282 648 stribuisset:
328 605 398 646 ubi
440 607 564 647 etiam
595 608 726 648 minus
769 616 929 650 attento
969 611 1142 665 interpr.
1173 612 1326 666 decem,
1356 629 1403 654 ac
1432 616 1492 654 vi·—

35 663 138 719 ginti
166 661 460 712 millia,-milie
491 671 600 715 sunt,
631 679 677 704 ac
709 665 792 705 duo
825 667 963 706 millia.
1022 669 1231 722 egregium
1261 683 1360 710 vero
1389 672 1493 709 Ara-

34 720 156 760 bibus
189 718 392 760 exercitus
424 719 481 758 sic
525 727 716 775 angustos
755 721 945 763 educere.
1004 725 1077 764 καί
1104 721 1254 764 τούτου
1283 722 1491 776 ἕχόμενοιε

28 785 122 832 pose
148 790 237 816 eam
262 775 472 830 proximi,
502 773 575 815 καὶ
598 775 704 826 μετὰ
729 774 902 827 τούτους
921 776 1181 829 Σουλεϊμάνε
1208 790 1300 833 post
1325 783 1393 820 Ιιοε
1422 782 1493 822 de·

34 833 184 888 niq1oe,·
215 836 263 871 ut
291 831 400 870 solus
433 831 702 886 expeditionis
730 833 836 874 ordo
878 836 1111 888 referatur,
1141 850 1224 876 non
1255 837 1404 876 ducum
1434 838 1495 878 di-

36 888 168 944 gnitas
196 891 382 928 notetur.

146 959 258 1001 Ibid.
298 959 362 1000 15.
419 955 590 1007 πλείους
625 955 763 1008 ὅπλοις
805 954 987 1018 tiammo]
1021 965 1157 1006 Anast.
1179 965 1326 1019 ⁴plures
1356 979 1413 1006 ex
1438 967 1495 1005 his

34 1017 165 1057 armis
194 1016 294 1072 ipsis
313 1015 550 1072 perierunt:
592 1018 776 1071 graviori
818 1020 930 1059 forte
969 1027 1195 1071 armatura,
1227 1035 1334 1075 quae
1363 1021 1497 1075 impe-

37 1073 223 1115 dimento
252 1072 382 1112 fuerit
430 1071 482 1112 ad
515 1072 808 1126 expediendam
837 1076 987 1130 fugam,
1016 1076 1177 1117 aliudve
1203 1075 1317 1131 quod
1346 1091 1391 1118 ex
1418 1093 1498 1132 pu·

37 1128 201 1185 guandi‘
221 1135 312 1195 apte
342 1127 408 1168 sit.
465 1130 655 1184 sequitur
686 1130 725 1169 in
758 1131 882 1186 Peyr.
924 1131 1156 1173 ὀκτακόσιοι
1185 1131 1232 1172 δέ
1261 1146 1341 1172 που
1373 1128 1496 1173 ὅπλο-

34 1185 220 1240 μαχίται
248 1186 293 1235 εξ
320 1182 474 1226 τιν’τῶν.
550 1187 777 1239 octingenta
815 1197 944 1228 tamen
980 1203 1104 1244 supra
1146 1190 1280 1229 sea-ies
1304 1189 1415 1230 mille
1442 1202 1498 1231 ex

40 1243 100 1282 eis
129 1242 287 1283 armati
307 1251 567 1298 pugnatore-5,
596 1248 674 1282 etc.

145 1309 242 1366 634,
269 1311 313 1355 4.
369 1311 728 1366 παρανομωτάτου
759 1313 913 1366 Σύρου]
943 1317 1079 1356 Anast.
1101 1317 1200 1371 Reg.
1231 1322 1309 1358 etc.
1339 1320 1495 1374 nequis-

39 1370 132 1410 simi
155 1370 269 1424 Syri,
300 1384 378 1411 nec
407 1371 517 1411 bene
545 1371 699 1420 Isauri,
731 1371 842 1426 quod
877 1373 1087 1413 redditum
1118 1379 1188 1413 est.
1245 1373 1424 1426 positum
1455 1374 1496 1414 id

38 1440 122 1481 pro
151 1426 488 1492 Eutychianista,
533 1441 604 1468 seu
636 1427 830 1478 Iacobita,
863 1428 975 1483 quod
1004 1434 1122 1469 erant
1151 1429 1364 1469 maximam
1394 1444 1495 1483 par..

38 1489 124 1524 tem
151 1484 279 1540 Syri,
327 1498 375 1524 ac
405 1483 631 1524 audiebant
669 1485 965 1534 Iconoclastae;
1004 1485 1076 1540 qui
1115 1492 1156 1525 et
1200 1486 1279 1539 ipsi
1309 1485 1494 1526 tollendo

38 1540 249 1594 imagines,
279 1540 580 1581 incarnationis
601 1541 820 1581 veritatem
848 1542 1070 1588 tollerent3
1103 1556 1186 1595 quo
1216 1555 1285 1583 eos
1315 1542 1496 1593 nomine,

37 1602 80 1636 et
114 1603 161 1638 ut
191 1611 316 1638 veros
344 1593 539 1649 Δοκήτας
571 1597 707 1637 multis
738 1597 911 1652 exagitat
939 1598 979 1637 S.
1008 1597 1177 1651 Niceph.
1213 1597 1254 1636 in
1284 1597 1496 1638 antirrhe-

38 1652 146 1705 ticis,
175 1653 308 1709 dignis
339 1660 453 1695 certe
483 1668 591 1708 quae
623 1654 845 1709 aliquando
874 1655 992 1695 Latio
1026 1654 1177 1694 donata
1205 1655 1305 1695 fiant
1336 1655 1495 1708 publici

40 1709 154 1750 iuris.
184 1705 363 1763 ἀνδριὰς
391 1710 465 1750 τοῦ
501 1708 687 1762 μεγάλου
734 1708 974 1751 Θεοδοσίου.
1030 1724 1114 1749 non
1145 1724 1228 1750 esse
1252 1710 1363 1750 hunc
1393 1711 1497 1752 inte⁹

38 1781 160 1820 grum
190 1766 458 1820 Theophanis
504 1773 687 1817 textum,
726 1766 796 1807 sed
826 1767 901 1807 alia
933 1781 1101 1822 quoque
1138 1766 1345 1820 scripsisse
1391 1782 1498 1822 quae

39 1823 84 1862 S.
120 1822 292 1877 Niceph.
322 1822 460 1874 habet,
488 1830 535 1863 ut
563 1822 614 1863 de
643 1822 809 1863 Arcadii
840 1829 970 1863 statua
1003 1822 1053 1863 ad
1089 1823 1377 1878 Xerolophum
1408 1822 1498 1862 coi..

41 1880 182 1933 lapsa,
223 1880 358 1935 liquet
397 1894 444 1920 ex
486 1881 627 1920 Anast.
670 1879 856 1934 pleniora
897 1880 996 1921 haec
1039 1880 1267 1930 referente,
1311 1879 1425 1935 quod
1451 1880 1497 1922 P.

46 1937 165 1976 Goar
196 1950 282 1975 non
311 1934 508 1977 advertit.

151 2008 264 2052 lbid.
299 2010 363 2053 16.
422 2007 468 2049 ἑν
496 2001 524 2064 ᾗ
553 2009 633 2059 μία
664 2003 848 2062 διεσώθη
890 2004 1099 2061 ἐκκλησία]
1128 2009 1171 2048 in
1197 2022 1281 2064 qua
1308 2009 1399 2049 sola
1430 2022 1496 2047 ec-

26 2064 163 2106 aesia
187 2074 359 2106 servata
377 2074 462 2116 est,·
491 2067 628 2106 maior
645 2065 810 2114 scilieet,
843 2078 890 2104 ac
907 2063 1181 2104 Nicaenorum
1196 2071 1364 2118 patrum
1393 2078 1498 2104 con-

36 2128 198 2168 ventu,
235 2122 443 2178 pictisque
490 2122 736 2178 imaginibus
779 2121 962 2161 celebris.
1011 2118 1135 2171 ὑμεῖς
1173 2119 1247 2160 οὐκ
1269 2119 1494 2174 εὐπορεῖτε.

38 2179 97 2218 sic
128 2179 236 2220 bene
262 2179 386 2235 Peyr.
419 2179 651 2235 {egeritque
684 2182 820 2220 Anast.
849 2192 918 2217 vos
945 2190 1021 2216 non
1047 2178 1204 2217 valetis.
1234 2176 1356 2217 Cedr.
1386 2189 1498 2231 quo-

39 2249 153 2289 que:
187 2232 313 2286 ὖμεῖς
355 2231 396 2276 οἱ
424 2235 501 2289 τῆς
546 2234 706 2283 πόλεως
743 2233 993 2275 οἶδυνατεῖτε.
1048 2247 1119 2273 vos
1144 2235 1248 2273 cives
1273 2247 1353 2273 non
1380 2233 1499 2273 vale-

37 2292 103 2332 tis.
129 2287 238 2332 κατὰ
267 2287 463 2333 ὅλοκάτιν
506 2290 759 2346 μιλιαρίσιν.
815 2291 872 2332 sic
914 2290 1012 2344 Reg.
1043 2304 1119 2330 nec
1135 2289 1275 2330 variae
1304 2289 1498 2331 lectiones

42 2347 109 2388 hic
138 2348 454 2404 confingendae.

150 2417 248 2471 635,
276 2420 344 2463 20.
409 2419 516 2462 κατά
550 2433 596 2460 τε
625 2419 835 2468 Σικελίαν]
876 2418 933 2458 sic
979 2432 1114 2459 omnes
1143 2416 1265 2459 codd.
1294 2417 1366 2458 ubi
1395 2416 1501 2458 male

39 2475 198 2517 editum
226 2476 418 2532 Συρίανε
475 2478 606 2518 refert
652 2476 763 2517 enim
797 2475 907 2516 dicta
947 2475 1092 2515 Leonis
1134 2490 1198 2514 an.
1242 2475 1292 2518 16
1322 2488 1429 2529 quae
1458 2479 1502 2513 et

38 2532 162 2574 Cedr.
197 2534 370 2583 recitat;
402 2549 550 2587 nempe
581 2528 742 2588 φόρους
787 2530 1020 2584 κεφαλικῶς
1049 2530 1261 2572 ἐπιθεῖναι
1286 2530 1344 2588 τῷ
1374 2528 1502 2585 τρίτῳ

37 2591 159 2642 μέρει
187 2590 264 2630 τοῦ
291 2591 364 2643 τῆς
395 2591 611 2642 Σικελίας,
642 2589 716 2628 καί
743 2587 993 2639 Καλαβριάς
1023 2585 1140 2626 λαοῦ·
1199 2600 1336 2627 census
1367 2587 1502 2641 impo-

35 2646 157 2686 misse
200 2648 414 2703 capitatim
443 2646 675 2703 pendendus
711 2647 852 2684 terciae
897 2644 1016 2696 parti
1058 2643 1206 2700 populi
1240 2642 1440 2692 Siciliae,
1465 2650 1504 2682 et

41 2701 290 2753 Calabriam
337 2718 444 2759 quae
481 2703 594 2744 solae
632 2701 722 2742 fere
755 2701 840 2742 eius
871 2699 1036 2740 ditionis
1062 2700 1103 2739 in
1134 2699 1365 2741 Occidente
1394 2697 1501 2739 resi..

42 2757 148 2800 duae
176 2765 310 2801 erant.
