<?xml version="1.0" encoding="UTF-8"?>
<!DOCTYPE html PUBLIC "-//W3C//DTD XHTML 1.0 Transitional//EN"
    "http://www.w3.org/TR/xhtml1/DTD/xhtml1-transitional.dtd">
<html xmlns="http://www.w3.org/1999/xhtml" xml:lang="en" lang="en">
 <head>
  <title>
</title>
<meta http-equiv="Content-Type" content="text/html;charset=utf-8" />
  <meta name='ocr-system' content='tesseract 3.04.00' />
  <meta name='ocr-capabilities' content='ocr_page ocr_carea ocr_par ocr_line ocrx_word'/>
</head>
<body>
  <div class='ocr_page' id='page_1' title='image "./corpusscriptorum47niebuoft_0112.png"; bbox 0 0 1768 3268; ppageno 0'>
   <div class='ocr_carea' id='block_1_1' title="bbox 243 202 1496 257">
    <p class='ocr_par' dir='ltr' id='par_1_1' title="bbox 243 202 1496 257">
     <span class='ocr_line' id='line_1_1' title="bbox 243 202 1496 257; baseline -0.01 -2"><span class='ocrx_word' id='word_1_1' title='bbox 243 211 335 257; x_wconf 76' lang='lat'>102</span> <span class='ocrx_word' id='word_1_2' title='bbox 454 208 736 255; x_wconf 71' lang='lat' dir='ltr'><strong>ANASTASH</strong></span> <span class='ocrx_word' id='word_1_3' title='bbox 778 206 1042 252; x_wconf 64' lang='lat' dir='ltr'>russeum</span> <span class='ocrx_word' id='word_1_4' title='bbox 1082 202 1496 248; x_wconf 70' lang='lat' dir='ltr'>ECCLEslAS&#39;nCA</span> 
     </span>
    </p>
   </div>
   <div class='ocr_carea' id='block_1_2' title="bbox 28 326 1716 562">
    <p class='ocr_par' dir='ltr' id='par_1_2' title="bbox 28 326 1716 562">
     <span class='ocr_line' id='line_1_2' title="bbox 28 326 1713 398; baseline -0.012 -14"><span class='ocrx_word' id='word_1_5' title='bbox 28 349 148 398; x_wconf 79' lang='lat' dir='ltr'>p.34o</span> <span class='ocrx_word' id='word_1_6' title='bbox 181 346 224 382; x_wconf 77' lang='lat'>14</span> <span class='ocrx_word' id='word_1_7' title='bbox 373 341 494 382; x_wconf 88' lang='lat' dir='ltr'>Anno</span> <span class='ocrx_word' id='word_1_8' title='bbox 540 338 863 392; x_wconf 83' lang='lat' dir='ltr'>decimoquarto</span> <span class='ocrx_word' id='word_1_9' title='bbox 919 334 1085 390; x_wconf 86' lang='lat' dir='ltr'>imperii</span> <span class='ocrx_word' id='word_1_10' title='bbox 1131 329 1344 372; x_wconf 81' lang='lat' dir='ltr'>Iustiniani</span> <span class='ocrx_word' id='word_1_11' title='bbox 1394 326 1601 368; x_wconf 83' lang='lat' dir='ltr'>chosroes</span> <span class='ocrx_word' id='word_1_12' title='bbox 1643 340 1713 366; x_wconf 82' lang='lat' dir='ltr'>rex</span> 
     </span>
     <span class='ocr_line' id='line_1_3' title="bbox 236 384 1712 452; baseline -0.012 -13"><span class='ocrx_word' id='word_1_13' title='bbox 236 400 457 439; x_wconf 79' lang='lat' dir='ltr'><strong>Persarum</strong></span> <span class='ocrx_word' id='word_1_14' title='bbox 489 403 689 452; x_wconf 83' lang='lat' dir='ltr'>quartum</span> <span class='ocrx_word' id='word_1_15' title='bbox 731 394 774 434; x_wconf 89' lang='lat' dir='ltr'>in</span> <span class='ocrx_word' id='word_1_16' title='bbox 799 395 1105 438; x_wconf 70' lang='lat' dir='ltr'>¹Romanorum</span> <span class='ocrx_word' id='word_1_17' title='bbox 1132 395 1289 429; x_wconf 87' lang='lat' dir='ltr'>terram</span> <span class='ocrx_word' id='word_1_18' title='bbox 1330 385 1430 425; x_wconf 82' lang='lat' dir='ltr'>fecit</span> <span class='ocrx_word' id='word_1_19' title='bbox 1461 384 1712 440; x_wconf 79' lang='lat' dir='ltr'>ingressnm3</span> 
     </span>
     <span class='ocr_line' id='line_1_4' title="bbox 239 441 1716 511; baseline -0.012 -15"><span class='ocrx_word' id='word_1_20' title='bbox 239 470 363 511; x_wconf 87' lang='lat' dir='ltr'>quem</span> <span class='ocrx_word' id='word_1_21' title='bbox 383 453 600 495; x_wconf 86' lang='lat' dir='ltr'>Belisarius</span> <span class='ocrx_word' id='word_1_22' title='bbox 630 467 772 491; x_wconf 86' lang='lat' dir='ltr'>rursus</span> <span class='ocrx_word' id='word_1_23' title='bbox 804 451 856 490; x_wconf 87' lang='lat' dir='ltr'>ab</span> <span class='ocrx_word' id='word_1_24' title='bbox 883 447 1091 502; x_wconf 87' lang='lat' dir='ltr'>Hesperiis</span> <span class='ocrx_word' id='word_1_25' title='bbox 1119 446 1286 487; x_wconf 82' lang='lat' dir='ltr'>veniens</span> <span class='ocrx_word' id='word_1_26' title='bbox 1314 442 1515 498; x_wconf 80' lang='lat' dir='ltr'><strong>sapientia</strong></span> <span class='ocrx_word' id='word_1_27' title='bbox 1546 455 1619 480; x_wconf 81' lang='lat' dir='ltr'>sua</span> <span class='ocrx_word' id='word_1_28' title='bbox 1649 441 1716 480; x_wconf 82' lang='lat' dir='ltr'>in-</span> 
     </span>
     <span class='ocr_line' id='line_1_5' title="bbox 238 504 1094 562; baseline -0.011 -9"><span class='ocrx_word' id='word_1_29' title='bbox 238 512 447 554; x_wconf 80' lang='lat' dir='ltr'>efficacem</span> <span class='ocrx_word' id='word_1_30' title='bbox 479 510 621 551; x_wconf 82' lang='lat' dir='ltr'>redire</span> <span class='ocrx_word' id='word_1_31' title='bbox 652 508 789 562; x_wconf 69' lang='lat' dir='ltr'>coegit</span> <span class='ocrx_word' id='word_1_32' title='bbox 819 506 871 547; x_wconf 83' lang='lat' dir='ltr'>ad</span> <span class='ocrx_word' id='word_1_33' title='bbox 899 504 1094 561; x_wconf 80' lang='lat' dir='ltr'>propria.</span> 
     </span>
    </p>
   </div>
   <div class='ocr_carea' id='block_1_3' title="bbox 30 587 1730 1274">
    <p class='ocr_par' dir='ltr' id='par_1_3' title="bbox 30 587 1730 1274">
     <span class='ocr_line' id='line_1_6' title="bbox 30 587 1718 651; baseline -0.007 -13"><span class='ocrx_word' id='word_1_34' title='bbox 30 617 64 651; x_wconf 85' lang='lat' dir='ltr'>p.</span> <span class='ocrx_word' id='word_1_35' title='bbox 89 602 158 640; x_wconf 71' lang='lat'>344</span> <span class='ocrx_word' id='word_1_36' title='bbox 182 605 226 640; x_wconf 82' lang='lat'>21</span> <span class='ocrx_word' id='word_1_37' title='bbox 349 601 509 643; x_wconf 86' lang='lat' dir='ltr'>Eodem</span> <span class='ocrx_word' id='word_1_38' title='bbox 529 613 631 640; x_wconf 86' lang='lat' dir='ltr'>vero</span> <span class='ocrx_word' id='word_1_39' title='bbox 650 612 759 639; x_wconf 87' lang='lat' dir='ltr'>anno</span> <span class='ocrx_word' id='word_1_40' title='bbox 775 596 1000 637; x_wconf 75' lang='lat' dir='ltr'><strong>Timotheo</strong></span> <span class='ocrx_word' id='word_1_41' title='bbox 1016 595 1216 649; x_wconf 85' lang='lat' dir='ltr'>episcopo</span> <span class='ocrx_word' id='word_1_42' title='bbox 1238 587 1718 642; x_wconf 82' lang='lat' dir='ltr'>Alexandriaemortuo,</span> 
     </span>
     <span class='ocr_line' id='line_1_7' title="bbox 238 644 1718 711; baseline -0.012 -10"><span class='ocrx_word' id='word_1_43' title='bbox 238 660 416 700; x_wconf 87' lang='lat' dir='ltr'>Severus</span> <span class='ocrx_word' id='word_1_44' title='bbox 435 657 597 711; x_wconf 85' lang='lat' dir='ltr'>impius,</span> <span class='ocrx_word' id='word_1_45' title='bbox 616 654 899 696; x_wconf 86' lang='lat' dir='ltr'>Antiochenus</span> <span class='ocrx_word' id='word_1_46' title='bbox 923 652 1089 707; x_wconf 86' lang='lat' dir='ltr'>praesul</span> <span class='ocrx_word' id='word_1_47' title='bbox 1104 650 1283 699; x_wconf 82' lang='lat' dir='ltr'>adulter,</span> <span class='ocrx_word' id='word_1_48' title='bbox 1302 653 1343 688; x_wconf 86' lang='lat' dir='ltr'>et</span> <span class='ocrx_word' id='word_1_49' title='bbox 1359 645 1539 686; x_wconf 88' lang='lat' dir='ltr'>lulianus</span> <span class='ocrx_word' id='word_1_50' title='bbox 1555 644 1718 685; x_wconf 77' lang='lat' dir='ltr'>Alicar-</span> 
     </span>
     <span class='ocr_line' id='line_1_8' title="bbox 241 700 1722 770; baseline -0.011 -14"><span class='ocrx_word' id='word_1_51' title='bbox 241 731 416 770; x_wconf 81' lang='lat' dir='ltr'>nasseus‚</span> <span class='ocrx_word' id='word_1_52' title='bbox 438 713 724 754; x_wconf 80' lang='lat' dir='ltr'>Alexandriam</span> <span class='ocrx_word' id='word_1_53' title='bbox 744 711 839 765; x_wconf 77' lang='lat' dir='ltr'>fuga</span> <span class='ocrx_word' id='word_1_54' title='bbox 868 709 985 764; x_wconf 88' lang='lat' dir='ltr'>lapsi,</span> <span class='ocrx_word' id='word_1_55' title='bbox 1011 708 1062 749; x_wconf 88' lang='lat' dir='ltr'>de</span> <span class='ocrx_word' id='word_1_56' title='bbox 1086 704 1357 761; x_wconf 79' lang='lat' dir='ltr'>corruptibili</span> <span class='ocrx_word' id='word_1_57' title='bbox 1386 709 1429 758; x_wconf 86' lang='lat' dir='ltr'>et</span> <span class='ocrx_word' id='word_1_58' title='bbox 1461 700 1722 755; x_wconf 74' lang='lat' dir='ltr'>incorrupti-</span> 
     </span>
     <span class='ocr_line' id='line_1_9' title="bbox 240 758 1723 816; baseline -0.013 -2"><span class='ocrx_word' id='word_1_59' title='bbox 240 773 315 814; x_wconf 89' lang='lat' dir='ltr'>bili</span> <span class='ocrx_word' id='word_1_60' title='bbox 343 773 602 812; x_wconf 83' lang='lat' dir='ltr'>conferentes</span> <span class='ocrx_word' id='word_1_61' title='bbox 628 769 822 810; x_wconf 79' lang='lat' dir='ltr'>adversus</span> <span class='ocrx_word' id='word_1_62' title='bbox 845 767 1036 816; x_wconf 81' lang='lat' dir='ltr'>invicem,</span> <span class='ocrx_word' id='word_1_63' title='bbox 1065 765 1165 805; x_wconf 84' lang='lat' dir='ltr'>facti</span> <span class='ocrx_word' id='word_1_64' title='bbox 1185 770 1280 803; x_wconf 83' lang='lat' dir='ltr'>sunt</span> <span class='ocrx_word' id='word_1_65' title='bbox 1301 768 1500 815; x_wconf 87' lang='lat' dir='ltr'>tanquam</span> <span class='ocrx_word' id='word_1_66' title='bbox 1534 758 1723 799; x_wconf 82' lang='lat' dir='ltr'>veritatis</span> 
     </span>
     <span class='ocr_line' id='line_1_10' title="bbox 243 815 1723 880; baseline -0.011 -10"><span class='ocrx_word' id='word_1_67' title='bbox 243 829 455 879; x_wconf 81' lang='lat' dir='ltr'>extranei,</span> <span class='ocrx_word' id='word_1_68' title='bbox 487 833 529 868; x_wconf 88' lang='lat' dir='ltr'>et</span> <span class='ocrx_word' id='word_1_69' title='bbox 553 827 658 867; x_wconf 85' lang='lat' dir='ltr'>alter</span> <span class='ocrx_word' id='word_1_70' title='bbox 701 824 871 880; x_wconf 86' lang='lat' dir='ltr'>quidem</span> <span class='ocrx_word' id='word_1_71' title='bbox 901 822 1211 871; x_wconf 84' lang='lat' dir='ltr'>Theodosium,</span> <span class='ocrx_word' id='word_1_72' title='bbox 1239 819 1347 859; x_wconf 85' lang='lat' dir='ltr'>alter</span> <span class='ocrx_word' id='word_1_73' title='bbox 1374 831 1478 857; x_wconf 63' lang='lat' dir='ltr'>vero</span> <span class='ocrx_word' id='word_1_74' title='bbox 1515 815 1723 856; x_wconf 82' lang='lat' dir='ltr'>Gaianum</span> 
     </span>
     <span class='ocr_line' id='line_1_11' title="bbox 243 871 1725 938; baseline -0.011 -12"><span class='ocrx_word' id='word_1_75' title='bbox 243 884 515 927; x_wconf 82' lang='lat' dir='ltr'>Alexandriae</span> <span class='ocrx_word' id='word_1_76' title='bbox 539 882 756 938; x_wconf 86' lang='lat' dir='ltr'>promovit</span> <span class='ocrx_word' id='word_1_77' title='bbox 785 881 1046 934; x_wconf 82' lang='lat' dir='ltr'>episcopum.</span> <span class='ocrx_word' id='word_1_78' title='bbox 1108 885 1150 919; x_wconf 88' lang='lat' dir='ltr'>et</span> <span class='ocrx_word' id='word_1_79' title='bbox 1175 877 1356 918; x_wconf 74' lang='lat' dir='ltr'>Gaianus</span> <span class='ocrx_word' id='word_1_80' title='bbox 1387 872 1557 930; x_wconf 87' lang='lat' dir='ltr'>quidem</span> <span class='ocrx_word' id='word_1_81' title='bbox 1588 871 1725 912; x_wconf 89' lang='lat' dir='ltr'>tenuit</span> 
     </span>
     <span class='ocr_line' id='line_1_12' title="bbox 245 929 1724 997; baseline -0.009 -15"><span class='ocrx_word' id='word_1_82' title='bbox 245 944 532 997; x_wconf 81' lang='lat' dir='ltr'>episcopatum</span> <span class='ocrx_word' id='word_1_83' title='bbox 562 955 669 980; x_wconf 81' lang='lat' dir='ltr'>anno</span> <span class='ocrx_word' id='word_1_84' title='bbox 692 952 790 989; x_wconf 84' lang='lat' dir='ltr'>uno,</span> <span class='ocrx_word' id='word_1_85' title='bbox 808 937 1068 978; x_wconf 85' lang='lat' dir='ltr'>Theodosius</span> <span class='ocrx_word' id='word_1_86' title='bbox 1102 948 1204 975; x_wconf 88' lang='lat' dir='ltr'>vero</span> <span class='ocrx_word' id='word_1_87' title='bbox 1239 932 1414 973; x_wconf 83' lang='lat' dir='ltr'>duobus.</span> <span class='ocrx_word' id='word_1_88' title='bbox 1475 929 1551 971; x_wconf 82' lang='lat' dir='ltr'>hos</span> <span class='ocrx_word' id='word_1_89' title='bbox 1583 934 1724 969; x_wconf 83' lang='lat' dir='ltr'>autem</span> 
     </span>
     <span class='ocr_line' id='line_1_13' title="bbox 247 990 1726 1051; baseline -0.011 -11"><span class='ocrx_word' id='word_1_90' title='bbox 247 998 496 1040; x_wconf 87' lang='lat' dir='ltr'>Iustinianus</span> <span class='ocrx_word' id='word_1_91' title='bbox 527 998 761 1051; x_wconf 85' lang='lat' dir='ltr'>imperator</span> <span class='ocrx_word' id='word_1_92' title='bbox 788 994 954 1034; x_wconf 79' lang='lat' dir='ltr'>mittens</span> <span class='ocrx_word' id='word_1_93' title='bbox 989 990 1105 1032; x_wconf 87' lang='lat' dir='ltr'>duxit</span> <span class='ocrx_word' id='word_1_94' title='bbox 1133 990 1393 1047; x_wconf 83' lang='lat' dir='ltr'>Byzantium,</span> <span class='ocrx_word' id='word_1_95' title='bbox 1421 993 1463 1028; x_wconf 86' lang='lat' dir='ltr'>et</span> <span class='ocrx_word' id='word_1_96' title='bbox 1496 993 1726 1040; x_wconf 85' lang='lat' dir='ltr'>utrumque</span> 
     </span>
     <span class='ocr_line' id='line_1_14' title="bbox 249 1044 1725 1110; baseline -0.01 -15"><span class='ocrx_word' id='word_1_97' title='bbox 249 1062 487 1110; x_wconf 79' lang='lat' dir='ltr'>separatum</span> <span class='ocrx_word' id='word_1_98' title='bbox 508 1044 726 1093; x_wconf 61' lang='lat' dir='ltr'>&#39;custodire</span> <span class='ocrx_word' id='word_1_99' title='bbox 751 1051 980 1106; x_wconf 85' lang='lat' dir='ltr'>praecepit.</span> <span class='ocrx_word' id='word_1_100' title='bbox 1011 1057 1053 1090; x_wconf 91' lang='lat' dir='ltr'>et</span> <span class='ocrx_word' id='word_1_101' title='bbox 1080 1048 1257 1089; x_wconf 88' lang='lat' dir='ltr'>Paulum</span> <span class='ocrx_word' id='word_1_102' title='bbox 1287 1044 1510 1100; x_wconf 81' lang='lat' dir='ltr'>quendam,</span> <span class='ocrx_word' id='word_1_103' title='bbox 1542 1044 1614 1099; x_wconf 86' lang='lat' dir='ltr'>qui</span> <span class='ocrx_word' id='word_1_104' title='bbox 1643 1057 1725 1097; x_wconf 84' lang='lat' dir='ltr'>pu-</span> 
     </span>
     <span class='ocr_line' id='line_1_15' title="bbox 251 1099 1728 1159; baseline -0.009 -8"><span class='ocrx_word' id='word_1_105' title='bbox 251 1114 419 1152; x_wconf 85' lang='lat' dir='ltr'>tabatur</span> <span class='ocrx_word' id='word_1_106' title='bbox 461 1110 749 1159; x_wconf 72' lang='lat' dir='ltr'>orthodoxus,</span> <span class='ocrx_word' id='word_1_107' title='bbox 798 1106 1071 1148; x_wconf 73' lang='lat' dir='ltr'>Alexandriae</span> <span class='ocrx_word' id='word_1_108' title='bbox 1103 1103 1296 1159; x_wconf 83' lang='lat' dir='ltr'>provexit</span> <span class='ocrx_word' id='word_1_109' title='bbox 1320 1102 1580 1156; x_wconf 80' lang='lat' dir='ltr'>episcopum.</span> <span class='ocrx_word' id='word_1_110' title='bbox 1657 1099 1728 1138; x_wconf 82' lang='lat' dir='ltr'>hie</span> 
     </span>
     <span class='ocr_line' id='line_1_16' title="bbox 250 1156 1730 1221; baseline -0.009 -13"><span class='ocrx_word' id='word_1_111' title='bbox 250 1169 498 1221; x_wconf 61' lang='lat' dir='ltr'>memoriam</span> <span class='ocrx_word' id='word_1_112' title='bbox 528 1166 671 1206; x_wconf 83' lang='lat' dir='ltr'>Severi</span> <span class='ocrx_word' id='word_1_113' title='bbox 702 1165 857 1205; x_wconf 86' lang='lat' dir='ltr'>scelesti</span> <span class='ocrx_word' id='word_1_114' title='bbox 888 1164 1041 1203; x_wconf 80' lang='lat' dir='ltr'>faciens</span> <span class='ocrx_word' id='word_1_115' title='bbox 1085 1163 1136 1201; x_wconf 85' lang='lat' dir='ltr'>ab</span> <span class='ocrx_word' id='word_1_116' title='bbox 1168 1161 1413 1214; x_wconf 79' lang='lat' dir='ltr'>episcopatu</span> <span class='ocrx_word' id='word_1_117' title='bbox 1447 1158 1510 1198; x_wconf 84' lang='lat' dir='ltr'>ira</span> <span class='ocrx_word' id='word_1_118' title='bbox 1542 1156 1730 1212; x_wconf 80' lang='lat' dir='ltr'>impera-</span> 
     </span>
     <span class='ocr_line' id='line_1_17' title="bbox 253 1216 1533 1274; baseline -0.009 -8"><span class='ocrx_word' id='word_1_119' title='bbox 253 1226 356 1266; x_wconf 74' lang='lat' dir='ltr'>toris</span> <span class='ocrx_word' id='word_1_120' title='bbox 387 1225 540 1265; x_wconf 84' lang='lat' dir='ltr'>eiectus</span> <span class='ocrx_word' id='word_1_121' title='bbox 569 1229 641 1274; x_wconf 82' lang='lat' dir='ltr'>cst,</span> <span class='ocrx_word' id='word_1_122' title='bbox 672 1228 713 1262; x_wconf 87' lang='lat' dir='ltr'>ct</span> <span class='ocrx_word' id='word_1_123' title='bbox 740 1221 906 1262; x_wconf 88' lang='lat' dir='ltr'>veniens</span> <span class='ocrx_word' id='word_1_124' title='bbox 939 1218 1239 1274; x_wconf 71' lang='lat' dir='ltr'>Hierosolymis</span> <span class='ocrx_word' id='word_1_125' title='bbox 1267 1216 1533 1257; x_wconf 76' lang='lat' dir='ltr'>morabatur.</span> 
     </span>
    </p>
   </div>
   <div class='ocr_carea' id='block_1_4' title="bbox 50 1304 1741 1526">
    <p class='ocr_par' dir='ltr' id='par_1_4' title="bbox 50 1304 1741 1526">
     <span class='ocr_line' id='line_1_18' title="bbox 50 1304 1731 1366; baseline -0.006 -13"><span class='ocrx_word' id='word_1_126' title='bbox 50 1327 72 1361; x_wconf 80' lang='lat' dir='ltr'><strong>p</strong></span> <span class='ocrx_word' id='word_1_127' title='bbox 105 1317 171 1353; x_wconf 61' lang='lat'>3⁴15</span> <span class='ocrx_word' id='word_1_128' title='bbox 201 1314 242 1349; x_wconf 84' lang='lat'>13</span> <span class='ocrx_word' id='word_1_129' title='bbox 365 1315 482 1353; x_wconf 87' lang='lat' dir='ltr'>Anno</span> <span class='ocrx_word' id='word_1_130' title='bbox 515 1310 827 1366; x_wconf 83' lang='lat' dir='ltr'>decimoquinto</span> <span class='ocrx_word' id='word_1_131' title='bbox 859 1310 1026 1363; x_wconf 82' lang='lat' dir='ltr'>imperii</span> <span class='ocrx_word' id='word_1_132' title='bbox 1056 1308 1301 1358; x_wconf 85' lang='lat' dir='ltr'>Iustiniani,</span> <span class='ocrx_word' id='word_1_133' title='bbox 1334 1321 1472 1346; x_wconf 86' lang='lat' dir='ltr'>mense</span> <span class='ocrx_word' id='word_1_134' title='bbox 1504 1304 1731 1355; x_wconf 69' lang='lat' dir='ltr'>octobrio,</span> 
     </span>
     <span class='ocr_line' id='line_1_19' title="bbox 256 1362 1731 1424; baseline -0.008 -14"><span class='ocrx_word' id='word_1_135' title='bbox 256 1372 364 1411; x_wconf 82' lang='lat' dir='ltr'>sacta</span> <span class='ocrx_word' id='word_1_136' title='bbox 393 1377 453 1410; x_wconf 85' lang='lat' dir='ltr'>est</span> <span class='ocrx_word' id='word_1_137' title='bbox 482 1369 666 1424; x_wconf 70' lang='lat' dir='ltr'>Byzantii</span> <span class='ocrx_word' id='word_1_138' title='bbox 698 1367 951 1415; x_wconf 81' lang='lat' dir='ltr'>mortalitas3</span> <span class='ocrx_word' id='word_1_139' title='bbox 993 1373 1034 1407; x_wconf 87' lang='lat' dir='ltr'>et</span> <span class='ocrx_word' id='word_1_140' title='bbox 1064 1367 1214 1406; x_wconf 81' lang='lat' dir='ltr'>eodem</span> <span class='ocrx_word' id='word_1_141' title='bbox 1245 1379 1355 1404; x_wconf 85' lang='lat' dir='ltr'>anno</span> <span class='ocrx_word' id='word_1_142' title='bbox 1384 1362 1617 1419; x_wconf 80' lang='lat' dir='ltr'>hypapanti</span> <span class='ocrx_word' id='word_1_143' title='bbox 1651 1362 1731 1401; x_wconf 75' lang='lat' dir='ltr'>do..</span> 
     </span>
     <span class='ocr_line' id='line_1_20' title="bbox 255 1419 1741 1480; baseline -0.006 -13"><span class='ocrx_word' id='word_1_144' title='bbox 255 1427 354 1467; x_wconf 88' lang='lat' dir='ltr'>mini</span> <span class='ocrx_word' id='word_1_145' title='bbox 390 1426 563 1480; x_wconf 78' lang='lat' dir='ltr'>sumpsit</span> <span class='ocrx_word' id='word_1_146' title='bbox 601 1425 790 1475; x_wconf 86' lang='lat' dir='ltr'>initium,</span> <span class='ocrx_word' id='word_1_147' title='bbox 833 1431 880 1464; x_wconf 88' lang='lat' dir='ltr'>ut</span> <span class='ocrx_word' id='word_1_148' title='bbox 910 1424 1201 1464; x_wconf 75' lang='lat' dir='ltr'>celebraretur</span> <span class='ocrx_word' id='word_1_149' title='bbox 1243 1420 1354 1476; x_wconf 77' lang='lat' dir='ltr'>apud</span> <span class='ocrx_word' id='word_1_150' title='bbox 1384 1419 1633 1477; x_wconf 68' lang='lat' dir='ltr'>Byzantium</span> <span class='ocrx_word' id='word_1_151' title='bbox 1666 1419 1741 1459; x_wconf 79' lang='lat' dir='ltr'>die-</span> 
     </span>
     <span class='ocr_line' id='line_1_21' title="bbox 254 1481 870 1526; baseline -0.006 -2"><span class='ocrx_word' id='word_1_152' title='bbox 254 1483 432 1526; x_wconf 79' lang='lat' dir='ltr'>secunda</span> <span class='ocrx_word' id='word_1_153' title='bbox 457 1482 681 1524; x_wconf 83' lang='lat' dir='ltr'>Februarii</span> <span class='ocrx_word' id='word_1_154' title='bbox 706 1481 870 1522; x_wconf 85' lang='lat' dir='ltr'>mensis.</span> 
     </span>
    </p>
   </div>
   <div class='ocr_carea' id='block_1_5' title="bbox 76 1561 1768 2872">
    <p class='ocr_par' dir='ltr' id='par_1_5' title="bbox 76 1561 1768 2472">
     <span class='ocr_line' id='line_1_22' title="bbox 76 1561 1735 1621; baseline -0.006 -10"><span class='ocrx_word' id='word_1_155' title='bbox 76 1573 195 1620; x_wconf 68' lang='lat' dir='ltr'><strong>p-346</strong></span> <span class='ocrx_word' id='word_1_156' title='bbox 223 1573 245 1609; x_wconf 76' lang='lat'>4</span> <span class='ocrx_word' id='word_1_157' title='bbox 370 1570 491 1609; x_wconf 91' lang='lat' dir='ltr'>Anno</span> <span class='ocrx_word' id='word_1_158' title='bbox 535 1568 812 1608; x_wconf 77' lang='lat' dir='ltr'>decimosexto</span> <span class='ocrx_word' id='word_1_159' title='bbox 853 1566 1017 1621; x_wconf 84' lang='lat' dir='ltr'>imperii</span> <span class='ocrx_word' id='word_1_160' title='bbox 1052 1564 1264 1604; x_wconf 74' lang='lat' dir='ltr'>lastiniani</span> <span class='ocrx_word' id='word_1_161' title='bbox 1316 1562 1496 1617; x_wconf 80' lang='lat' dir='ltr'>contigit</span> <span class='ocrx_word' id='word_1_162' title='bbox 1525 1561 1735 1603; x_wconf 85' lang='lat' dir='ltr'>debellare</span> 
     </span>
     <span class='ocr_line' id='line_1_23' title="bbox 259 1621 1737 1678; baseline -0.005 -12"><span class='ocrx_word' id='word_1_163' title='bbox 259 1626 436 1667; x_wconf 88' lang='lat' dir='ltr'>invicem</span> <span class='ocrx_word' id='word_1_164' title='bbox 470 1640 609 1678; x_wconf 79' lang='lat' dir='ltr'>regem</span> <span class='ocrx_word' id='word_1_165' title='bbox 649 1625 969 1664; x_wconf 88' lang='lat' dir='ltr'>Azumitensium</span> <span class='ocrx_word' id='word_1_166' title='bbox 1000 1622 1203 1662; x_wconf 80' lang='lat' dir='ltr'>Indorum</span> <span class='ocrx_word' id='word_1_167' title='bbox 1253 1621 1505 1662; x_wconf 83' lang='lat' dir='ltr'>ludaeorum</span> <span class='ocrx_word' id='word_1_168' title='bbox 1535 1635 1584 1660; x_wconf 87' lang='lat' dir='ltr'>ex</span> <span class='ocrx_word' id='word_1_169' title='bbox 1616 1634 1737 1659; x_wconf 83' lang='lat' dir='ltr'>cansa</span> 
     </span>
     <span class='ocr_line' id='line_1_24' title="bbox 259 1676 1768 1734; baseline -0.005 -12"><span class='ocrx_word' id='word_1_170' title='bbox 259 1681 557 1722; x_wconf 84' lang='lat' dir='ltr'>huiuscemodi.</span> <span class='ocrx_word' id='word_1_171' title='bbox 628 1681 952 1722; x_wconf 87' lang='lat' dir='ltr'>Azumitensium</span> <span class='ocrx_word' id='word_1_172' title='bbox 998 1694 1066 1720; x_wconf 80' lang='lat' dir='ltr'>rex</span> <span class='ocrx_word' id='word_1_173' title='bbox 1100 1680 1211 1718; x_wconf 87' lang='lat' dir='ltr'>ultra</span> <span class='ocrx_word' id='word_1_174' title='bbox 1242 1679 1475 1734; x_wconf 65' lang='lat' dir='ltr'>Aegyptum</span> <span class='ocrx_word' id='word_1_175' title='bbox 1508 1683 1568 1717; x_wconf 88' lang='lat' dir='ltr'>est</span> <span class='ocrx_word' id='word_1_176' title='bbox 1601 1676 1768 1716; x_wconf 86' lang='lat' dir='ltr'>iudai-&#39;</span> 
     </span>
     <span class='ocr_line' id='line_1_25' title="bbox 262 1734 1739 1791; baseline -0.005 -12"><span class='ocrx_word' id='word_1_177' title='bbox 262 1754 369 1781; x_wconf 80' lang='lat' dir='ltr'>zanS.</span> <span class='ocrx_word' id='word_1_178' title='bbox 463 1741 736 1778; x_wconf 60' lang='lat' dir='ltr'>{omanorum</span> <span class='ocrx_word' id='word_1_179' title='bbox 779 1745 919 1778; x_wconf 85' lang='lat' dir='ltr'>autem</span> <span class='ocrx_word' id='word_1_180' title='bbox 965 1736 1248 1791; x_wconf 77' lang='lat' dir='ltr'>negotiatores</span> <span class='ocrx_word' id='word_1_181' title='bbox 1285 1750 1365 1789; x_wconf 84' lang='lat' dir='ltr'>per</span> <span class='ocrx_word' id='word_1_182' title='bbox 1408 1734 1739 1774; x_wconf 87' lang='lat' dir='ltr'>Homeritensem</span> 
     </span>
     <span class='ocr_line' id='line_1_26' title="bbox 263 1789 1739 1849; baseline -0.005 -14"><span class='ocrx_word' id='word_1_183' title='bbox 263 1795 558 1849; x_wconf 74' lang='lat' dir='ltr'>ingrediuntur</span> <span class='ocrx_word' id='word_1_184' title='bbox 604 1794 656 1834; x_wconf 84' lang='lat' dir='ltr'>ad</span> <span class='ocrx_word' id='word_1_185' title='bbox 685 1796 986 1835; x_wconf 86' lang='lat' dir='ltr'>Azumitensem</span> <span class='ocrx_word' id='word_1_186' title='bbox 1017 1799 1058 1833; x_wconf 86' lang='lat' dir='ltr'>et</span> <span class='ocrx_word' id='word_1_187' title='bbox 1097 1793 1150 1832; x_wconf 88' lang='lat' dir='ltr'>ad</span> <span class='ocrx_word' id='word_1_188' title='bbox 1182 1793 1406 1832; x_wconf 85' lang='lat' dir='ltr'>interiores</span> <span class='ocrx_word' id='word_1_189' title='bbox 1437 1798 1578 1845; x_wconf 84' lang='lat' dir='ltr'>partes</span> <span class='ocrx_word' id='word_1_190' title='bbox 1611 1789 1739 1831; x_wconf 82' lang='lat' dir='ltr'>Indo-</span> 
     </span>
     <span class='ocr_line' id='line_1_27' title="bbox 265 1848 1742 1906; baseline -0.004 -14"><span class='ocrx_word' id='word_1_191' title='bbox 265 1867 359 1892; x_wconf 88' lang='lat' dir='ltr'>rum</span> <span class='ocrx_word' id='word_1_192' title='bbox 393 1858 519 1905; x_wconf 77' lang='lat' dir='ltr'>atque</span> <span class='ocrx_word' id='word_1_193' title='bbox 541 1851 801 1905; x_wconf 79' lang='lat' dir='ltr'>Aethiopum.</span> <span class='ocrx_word' id='word_1_194' title='bbox 863 1851 1198 1906; x_wconf 78' lang='lat' dir='ltr'>negotiatoribus</span> <span class='ocrx_word' id='word_1_195' title='bbox 1220 1857 1360 1889; x_wconf 82' lang='lat' dir='ltr'>autem</span> <span class='ocrx_word' id='word_1_196' title='bbox 1389 1848 1619 1889; x_wconf 85' lang='lat' dir='ltr'>secundum</span> <span class='ocrx_word' id='word_1_197' title='bbox 1639 1861 1742 1887; x_wconf 80' lang='lat' dir='ltr'>con-</span> 
     </span>
     <span class='ocr_line' id='line_1_28' title="bbox 265 1906 1741 1959; baseline -0.004 -10"><span class='ocrx_word' id='word_1_198' title='bbox 265 1908 525 1949; x_wconf 78' lang='lat' dir='ltr'>suetudinem</span> <span class='ocrx_word' id='word_1_199' title='bbox 567 1908 753 1959; x_wconf 64' lang='lat' dir='ltr'>ingressis</span> <span class='ocrx_word' id='word_1_200' title='bbox 794 1908 996 1949; x_wconf 87' lang='lat' dir='ltr'>terminos</span> <span class='ocrx_word' id='word_1_201' title='bbox 1042 1907 1278 1955; x_wconf 68' lang='lat' dir='ltr'>Homersti,</span> <span class='ocrx_word' id='word_1_202' title='bbox 1320 1906 1549 1946; x_wconf 79' lang='lat' dir='ltr'>Damianus</span> <span class='ocrx_word' id='word_1_203' title='bbox 1592 1919 1741 1945; x_wconf 85' lang='lat' dir='ltr'>eorum</span> 
     </span>
     <span class='ocr_line' id='line_1_29' title="bbox 267 1962 1743 2019; baseline -0.003 -14"><span class='ocrx_word' id='word_1_204' title='bbox 267 1980 337 2005; x_wconf 88' lang='lat' dir='ltr'>rex</span> <span class='ocrx_word' id='word_1_205' title='bbox 368 1965 457 2003; x_wconf 87' lang='lat' dir='ltr'>illos</span> <span class='ocrx_word' id='word_1_206' title='bbox 492 1965 659 2014; x_wconf 84' lang='lat' dir='ltr'>occidit,</span> <span class='ocrx_word' id='word_1_207' title='bbox 693 1970 734 2005; x_wconf 90' lang='lat' dir='ltr'>et</span> <span class='ocrx_word' id='word_1_208' title='bbox 763 1965 932 2005; x_wconf 84' lang='lat' dir='ltr'>abstulit</span> <span class='ocrx_word' id='word_1_209' title='bbox 959 1964 1097 2004; x_wconf 85' lang='lat' dir='ltr'>omnia</span> <span class='ocrx_word' id='word_1_210' title='bbox 1133 1964 1336 2019; x_wconf 84' lang='lat' dir='ltr'>ipsorum,</span> <span class='ocrx_word' id='word_1_211' title='bbox 1369 1962 1509 2003; x_wconf 87' lang='lat' dir='ltr'>dicens</span> <span class='ocrx_word' id='word_1_212' title='bbox 1543 1962 1743 2017; x_wconf 86' lang='lat' dir='ltr'>quoniam</span> 
     </span>
     <span class='ocr_line' id='line_1_30' title="bbox 267 2021 1743 2076; baseline -0.002 -15"><span class='ocrx_word' id='word_1_213' title='bbox 267 2021 444 2061; x_wconf 82' lang='lat' dir='ltr'>Romani</span> <span class='ocrx_word' id='word_1_214' title='bbox 480 2022 744 2061; x_wconf 79' lang='lat' dir='ltr'>malefaciunt</span> <span class='ocrx_word' id='word_1_215' title='bbox 776 2021 949 2071; x_wconf 86' lang='lat' dir='ltr'>Iudaeis,</span> <span class='ocrx_word' id='word_1_216' title='bbox 980 2021 1052 2076; x_wconf 88' lang='lat' dir='ltr'>qui</span> <span class='ocrx_word' id='word_1_217' title='bbox 1082 2022 1123 2061; x_wconf 85' lang='lat' dir='ltr'>in</span> <span class='ocrx_word' id='word_1_218' title='bbox 1154 2021 1325 2074; x_wconf 73' lang='lat' dir='ltr'>regione</span> <span class='ocrx_word' id='word_1_219' title='bbox 1354 2036 1425 2060; x_wconf 84' lang='lat' dir='ltr'>sna</span> <span class='ocrx_word' id='word_1_220' title='bbox 1455 2026 1568 2070; x_wconf 80' lang='lat' dir='ltr'>sunt,</span> <span class='ocrx_word' id='word_1_221' title='bbox 1598 2026 1640 2059; x_wconf 86' lang='lat' dir='ltr'>et</span> <span class='ocrx_word' id='word_1_222' title='bbox 1671 2035 1743 2058; x_wconf 89' lang='lat' dir='ltr'>oc-</span> 
     </span>
     <span class='ocr_line' id='line_1_31' title="bbox 268 2076 1744 2132; baseline -0.002 -15"><span class='ocrx_word' id='word_1_223' title='bbox 268 2077 416 2117; x_wconf 84' lang='lat' dir='ltr'>cidunt</span> <span class='ocrx_word' id='word_1_224' title='bbox 447 2092 527 2118; x_wconf 88' lang='lat' dir='ltr'>eos.</span> <span class='ocrx_word' id='word_1_225' title='bbox 605 2084 647 2118; x_wconf 88' lang='lat' dir='ltr'>et</span> <span class='ocrx_word' id='word_1_226' title='bbox 675 2093 722 2119; x_wconf 89' lang='lat' dir='ltr'>ex</span> <span class='ocrx_word' id='word_1_227' title='bbox 752 2078 834 2118; x_wconf 85' lang='lat' dir='ltr'>hoc</span> <span class='ocrx_word' id='word_1_228' title='bbox 864 2080 1082 2119; x_wconf 89' lang='lat' dir='ltr'>solverunt</span> <span class='ocrx_word' id='word_1_229' title='bbox 1113 2077 1445 2132; x_wconf 80' lang='lat' dir='ltr'>negotiationem</span> <span class='ocrx_word' id='word_1_230' title='bbox 1489 2076 1744 2118; x_wconf 83' lang='lat' dir='ltr'>interiorum</span> 
     </span>
     <span class='ocr_line' id='line_1_32' title="bbox 271 2132 1744 2190; baseline -0.001 -16"><span class='ocrx_word' id='word_1_231' title='bbox 271 2133 472 2174; x_wconf 82' lang='lat' dir='ltr'>ludorum</span> <span class='ocrx_word' id='word_1_232' title='bbox 511 2135 700 2175; x_wconf 86' lang='lat' dir='ltr'>Azumiti.</span> <span class='ocrx_word' id='word_1_233' title='bbox 784 2140 824 2175; x_wconf 89' lang='lat' dir='ltr'>et</span> <span class='ocrx_word' id='word_1_234' title='bbox 871 2135 1109 2190; x_wconf 82' lang='lat' dir='ltr'>indignatus</span> <span class='ocrx_word' id='word_1_235' title='bbox 1150 2134 1477 2175; x_wconf 87' lang='lat' dir='ltr'>Azumitensium</span> <span class='ocrx_word' id='word_1_236' title='bbox 1518 2148 1588 2173; x_wconf 82' lang='lat' dir='ltr'>rex</span> <span class='ocrx_word' id='word_1_237' title='bbox 1628 2132 1744 2173; x_wconf 72' lang='lat' dir='ltr'>Adad</span> 
     </span>
     <span class='ocr_line' id='line_1_33' title="bbox 271 2190 1746 2246; baseline -0.001 -16"><span class='ocrx_word' id='word_1_238' title='bbox 271 2190 381 2230; x_wconf 82' lang='lat' dir='ltr'>misit</span> <span class='ocrx_word' id='word_1_239' title='bbox 395 2190 616 2240; x_wconf 68' lang='lat' dir='ltr'>Homerifi,</span> <span class='ocrx_word' id='word_1_240' title='bbox 645 2191 739 2245; x_wconf 84' lang='lat' dir='ltr'>quia</span> <span class='ocrx_word' id='word_1_241' title='bbox 771 2191 915 2232; x_wconf 86' lang='lat' dir='ltr'>laesisti</span> <span class='ocrx_word' id='word_1_242' title='bbox 950 2207 1125 2246; x_wconf 75' lang='lat' dir='ltr'>regnum</span> <span class='ocrx_word' id='word_1_243' title='bbox 1154 2207 1292 2232; x_wconf 88' lang='lat' dir='ltr'>meum</span> <span class='ocrx_word' id='word_1_244' title='bbox 1327 2196 1370 2231; x_wconf 89' lang='lat' dir='ltr'>et</span> <span class='ocrx_word' id='word_1_245' title='bbox 1398 2190 1647 2231; x_wconf 87' lang='lat' dir='ltr'>interiorem</span> <span class='ocrx_word' id='word_1_246' title='bbox 1678 2191 1746 2229; x_wconf 88' lang='lat' dir='ltr'>ln-</span> 
     </span>
     <span class='ocr_line' id='line_1_34' title="bbox 272 2246 1748 2302; baseline 0.001 -16"><span class='ocrx_word' id='word_1_247' title='bbox 272 2247 396 2298; x_wconf 77' lang='lat' dir='ltr'>diam,</span> <span class='ocrx_word' id='word_1_248' title='bbox 426 2247 655 2301; x_wconf 85' lang='lat' dir='ltr'>prohibens</span> <span class='ocrx_word' id='word_1_249' title='bbox 687 2249 976 2288; x_wconf 82' lang='lat' dir='ltr'>Romanorum</span> <span class='ocrx_word' id='word_1_250' title='bbox 1007 2255 1263 2289; x_wconf 82' lang='lat' dir='ltr'>mercatores</span> <span class='ocrx_word' id='word_1_251' title='bbox 1294 2248 1347 2288; x_wconf 88' lang='lat' dir='ltr'>ad</span> <span class='ocrx_word' id='word_1_252' title='bbox 1375 2262 1449 2288; x_wconf 88' lang='lat' dir='ltr'>nos</span> <span class='ocrx_word' id='word_1_253' title='bbox 1481 2246 1656 2302; x_wconf 76' lang='lat' dir='ltr'>ingredi.</span> <span class='ocrx_word' id='word_1_254' title='bbox 1707 2252 1748 2287; x_wconf 87' lang='lat' dir='ltr'>et</span> 
     </span>
     <span class='ocr_line' id='line_1_35' title="bbox 273 2303 1746 2361; baseline 0.001 -19"><span class='ocrx_word' id='word_1_255' title='bbox 273 2310 480 2344; x_wconf 84' lang='lat' dir='ltr'>venerunt</span> <span class='ocrx_word' id='word_1_256' title='bbox 507 2303 548 2343; x_wconf 88' lang='lat' dir='ltr'>in</span> <span class='ocrx_word' id='word_1_257' title='bbox 578 2303 836 2344; x_wconf 85' lang='lat' dir='ltr'>inimicitiam</span> <span class='ocrx_word' id='word_1_258' title='bbox 866 2321 1069 2361; x_wconf 78' lang='lat' dir='ltr'>magnam,</span> <span class='ocrx_word' id='word_1_259' title='bbox 1098 2312 1139 2346; x_wconf 88' lang='lat' dir='ltr'>et</span> <span class='ocrx_word' id='word_1_260' title='bbox 1157 2306 1344 2346; x_wconf 85' lang='lat' dir='ltr'>inierunt</span> <span class='ocrx_word' id='word_1_261' title='bbox 1358 2305 1514 2346; x_wconf 87' lang='lat' dir='ltr'>bellum</span> <span class='ocrx_word' id='word_1_262' title='bbox 1545 2304 1586 2344; x_wconf 85' lang='lat' dir='ltr'>in</span> <span class='ocrx_word' id='word_1_263' title='bbox 1616 2304 1746 2344; x_wconf 83' lang='lat' dir='ltr'>alter-</span> 
     </span>
     <span class='ocr_line' id='line_1_36' title="bbox 274 2361 1748 2415; baseline 0.002 -17"><span class='ocrx_word' id='word_1_264' title='bbox 274 2366 429 2399; x_wconf 83' lang='lat' dir='ltr'>utrum.</span> <span class='ocrx_word' id='word_1_265' title='bbox 505 2365 547 2400; x_wconf 85' lang='lat' dir='ltr'>et</span> <span class='ocrx_word' id='word_1_266' title='bbox 589 2375 684 2400; x_wconf 87' lang='lat' dir='ltr'>cum</span> <span class='ocrx_word' id='word_1_267' title='bbox 714 2363 940 2415; x_wconf 81' lang='lat' dir='ltr'>pugnaturi</span> <span class='ocrx_word' id='word_1_268' title='bbox 984 2368 1143 2413; x_wconf 84' lang='lat' dir='ltr'>essent,</span> <span class='ocrx_word' id='word_1_269' title='bbox 1173 2361 1290 2402; x_wconf 85' lang='lat' dir='ltr'>Adad</span> <span class='ocrx_word' id='word_1_270' title='bbox 1321 2361 1647 2402; x_wconf 87' lang='lat' dir='ltr'>Azumitensium</span> <span class='ocrx_word' id='word_1_271' title='bbox 1678 2375 1748 2401; x_wconf 84' lang='lat' dir='ltr'>rex</span> 
     </span>
     <span class='ocr_line' id='line_1_37' title="bbox 274 2416 1751 2472; baseline 0.001 -17"><span class='ocrx_word' id='word_1_272' title='bbox 274 2423 421 2456; x_wconf 83' lang='lat' dir='ltr'>votum</span> <span class='ocrx_word' id='word_1_273' title='bbox 450 2417 589 2467; x_wconf 83' lang='lat' dir='ltr'>vovit,</span> <span class='ocrx_word' id='word_1_274' title='bbox 631 2416 770 2457; x_wconf 88' lang='lat' dir='ltr'>dicens</span> <span class='ocrx_word' id='word_1_275' title='bbox 814 2418 911 2472; x_wconf 81' lang='lat' dir='ltr'>quia</span> <span class='ocrx_word' id='word_1_276' title='bbox 941 2418 971 2458; x_wconf 91' lang='lat' dir='ltr'>si</span> <span class='ocrx_word' id='word_1_277' title='bbox 1018 2419 1159 2460; x_wconf 87' lang='lat' dir='ltr'>vicero</span> <span class='ocrx_word' id='word_1_278' title='bbox 1192 2419 1548 2469; x_wconf 77' lang='lat' dir='ltr'>Homeritensem,</span> <span class='ocrx_word' id='word_1_279' title='bbox 1593 2418 1751 2459; x_wconf 77' lang='lat' dir='ltr'>efficiar</span> 
     </span>
    </p>

    <p class='ocr_par' dir='ltr' id='par_1_6' title="bbox 145 2472 1754 2872">
     <span class='ocr_line' id='line_1_38' title="bbox 145 2472 1752 2530; baseline 0 -16"><span class='ocrx_word' id='word_1_280' title='bbox 145 2479 260 2525; x_wconf 52' lang='lat' dir='ltr'>pet?</span> <span class='ocrx_word' id='word_1_281' title='bbox 277 2472 547 2524; x_wconf 76' lang='lat' dir='ltr'>Christianus,</span> <span class='ocrx_word' id='word_1_282' title='bbox 579 2474 676 2528; x_wconf 89' lang='lat' dir='ltr'>quia</span> <span class='ocrx_word' id='word_1_283' title='bbox 707 2488 789 2528; x_wconf 85' lang='lat' dir='ltr'>pro</span> <span class='ocrx_word' id='word_1_284' title='bbox 819 2473 1059 2516; x_wconf 83' lang='lat' dir='ltr'>Christianis</span> <span class='ocrx_word' id='word_1_285' title='bbox 1095 2491 1249 2530; x_wconf 71' lang='lat' dir='ltr'>pugno.</span> <span class='ocrx_word' id='word_1_286' title='bbox 1308 2476 1463 2530; x_wconf 86' lang='lat' dir='ltr'>deique</span> <span class='ocrx_word' id='word_1_287' title='bbox 1496 2475 1752 2530; x_wconf 82' lang='lat' dir='ltr'>operatione</span> 
     </span>
     <span class='ocr_line' id='line_1_39' title="bbox 278 2529 1752 2587; baseline 0.002 -20"><span class='ocrx_word' id='word_1_288' title='bbox 278 2529 378 2568; x_wconf 88' lang='lat' dir='ltr'>vicit</span> <span class='ocrx_word' id='word_1_289' title='bbox 409 2530 708 2583; x_wconf 86' lang='lat' dir='ltr'>potentissime,</span> <span class='ocrx_word' id='word_1_290' title='bbox 739 2536 780 2569; x_wconf 88' lang='lat' dir='ltr'>et</span> <span class='ocrx_word' id='word_1_291' title='bbox 810 2531 971 2585; x_wconf 87' lang='lat' dir='ltr'>accepit</span> <span class='ocrx_word' id='word_1_292' title='bbox 1000 2529 1210 2587; x_wconf 71' lang='lat' dir='ltr'>captivum</span> <span class='ocrx_word' id='word_1_293' title='bbox 1240 2534 1379 2573; x_wconf 68' lang='lat' dir='ltr'>vivum</span> <span class='ocrx_word' id='word_1_294' title='bbox 1397 2533 1648 2573; x_wconf 79' lang='lat' dir='ltr'>Damianum</span> <span class='ocrx_word' id='word_1_295' title='bbox 1681 2546 1752 2571; x_wconf 87' lang='lat' dir='ltr'>re...</span> 
     </span>
     <span class='ocr_line' id='line_1_40' title="bbox 275 2587 1754 2644; baseline 0.002 -20"><span class='ocrx_word' id='word_1_296' title='bbox 275 2601 368 2638; x_wconf 71' lang='lat' dir='ltr'>gem</span> <span class='ocrx_word' id='word_1_297' title='bbox 400 2601 548 2626; x_wconf 85' lang='lat' dir='ltr'>eorum</span> <span class='ocrx_word' id='word_1_298' title='bbox 569 2593 610 2626; x_wconf 89' lang='lat' dir='ltr'>et</span> <span class='ocrx_word' id='word_1_299' title='bbox 635 2587 847 2640; x_wconf 75' lang='lat' dir='ltr'>regionem</span> <span class='ocrx_word' id='word_1_300' title='bbox 871 2588 1057 2641; x_wconf 85' lang='lat' dir='ltr'>ipsorum</span> <span class='ocrx_word' id='word_1_301' title='bbox 1079 2595 1120 2628; x_wconf 88' lang='lat' dir='ltr'>et</span> <span class='ocrx_word' id='word_1_302' title='bbox 1146 2605 1286 2641; x_wconf 68' lang='lat' dir='ltr'>regna,</span> <span class='ocrx_word' id='word_1_303' title='bbox 1315 2590 1551 2644; x_wconf 74' lang='lat' dir='ltr'>gratiasque</span> <span class='ocrx_word' id='word_1_304' title='bbox 1568 2590 1754 2630; x_wconf 85' lang='lat' dir='ltr'>reserens</span> 
     </span>
     <span class='ocr_line' id='line_1_41' title="bbox 277 2641 1750 2700; baseline 0.002 -20"><span class='ocrx_word' id='word_1_305' title='bbox 277 2641 355 2680; x_wconf 86' lang='lat' dir='ltr'>deo</span> <span class='ocrx_word' id='word_1_306' title='bbox 378 2642 491 2682; x_wconf 83' lang='lat' dir='ltr'>Adad</span> <span class='ocrx_word' id='word_1_307' title='bbox 512 2658 585 2683; x_wconf 81' lang='lat' dir='ltr'>rex</span> <span class='ocrx_word' id='word_1_308' title='bbox 604 2644 929 2683; x_wconf 85' lang='lat' dir='ltr'>Azumitensium</span> <span class='ocrx_word' id='word_1_309' title='bbox 947 2645 1056 2684; x_wconf 86' lang='lat' dir='ltr'>misit</span> <span class='ocrx_word' id='word_1_310' title='bbox 1073 2646 1122 2685; x_wconf 85' lang='lat' dir='ltr'>ad</span> <span class='ocrx_word' id='word_1_311' title='bbox 1145 2647 1410 2686; x_wconf 82' lang='lat' dir='ltr'>lustinianum</span> <span class='ocrx_word' id='word_1_312' title='bbox 1432 2646 1750 2700; x_wconf 82' lang='lat' dir='ltr'>imperatorem,</span> 
     </span>
     <span class='ocr_line' id='line_1_42' title="bbox 280 2699 1752 2764; baseline 0.003 -28"><span class='ocrx_word' id='word_1_313' title='bbox 280 2705 326 2764; x_wconf 59' lang='lat' dir='ltr'>ut</span> <span class='ocrx_word' id='word_1_314' title='bbox 357 2699 565 2762; x_wconf 73' lang='lat' dir='ltr'>acciperet</span> <span class='ocrx_word' id='word_1_315' title='bbox 611 2699 854 2753; x_wconf 82' lang='lat' dir='ltr'>episcopum</span> <span class='ocrx_word' id='word_1_316' title='bbox 899 2707 940 2741; x_wconf 90' lang='lat' dir='ltr'>ct</span> <span class='ocrx_word' id='word_1_317' title='bbox 980 2702 1176 2752; x_wconf 82' lang='lat' dir='ltr'>clericos,</span> <span class='ocrx_word' id='word_1_318' title='bbox 1207 2709 1247 2743; x_wconf 83' lang='lat' dir='ltr'>et</span> <span class='ocrx_word' id='word_1_319' title='bbox 1278 2703 1527 2753; x_wconf 70' lang='lat' dir='ltr'>doceretur,</span> <span class='ocrx_word' id='word_1_320' title='bbox 1559 2710 1600 2743; x_wconf 88' lang='lat' dir='ltr'>et</span> <span class='ocrx_word' id='word_1_321' title='bbox 1632 2704 1752 2742; x_wconf 79' lang='lat' dir='ltr'>lieret</span> 
     </span>
     <span class='ocr_line' id='line_1_43' title="bbox 281 2755 1752 2819; baseline 0.004 -28"><span class='ocrx_word' id='word_1_322' title='bbox 281 2755 549 2819; x_wconf 41' lang='lat'>‘⁷‘¹¹¹.&#39;¹⁵¹¹}¹¹¹¹¹{³·</span> <span class='ocrx_word' id='word_1_323' title='bbox 608 2762 649 2795; x_wconf 84' lang='lat' dir='ltr'>ct</span> <span class='ocrx_word' id='word_1_324' title='bbox 677 2757 836 2811; x_wconf 77' lang='lat' dir='ltr'>gavisus</span> <span class='ocrx_word' id='word_1_325' title='bbox 865 2763 924 2798; x_wconf 87' lang='lat' dir='ltr'>est</span> <span class='ocrx_word' id='word_1_326' title='bbox 955 2773 1081 2812; x_wconf 84' lang='lat' dir='ltr'>super</span> <span class='ocrx_word' id='word_1_327' title='bbox 1113 2759 1192 2799; x_wconf 77' lang='lat' dir='ltr'>lioc</span> <span class='ocrx_word' id='word_1_328' title='bbox 1223 2761 1469 2799; x_wconf 78' lang='lat' dir='ltr'>iustinianus</span> <span class='ocrx_word' id='word_1_329' title='bbox 1504 2760 1752 2814; x_wconf 83' lang='lat' dir='ltr'>plurimum,</span> 
     </span>
     <span class='ocr_line' id='line_1_44' title="bbox 281 2811 1754 2872; baseline 0.004 -22"><span class='ocrx_word' id='word_1_330' title='bbox 281 2818 319 2850; x_wconf 86' lang='lat' dir='ltr'>ct</span> <span class='ocrx_word' id='word_1_331' title='bbox 356 2816 466 2851; x_wconf 75' lang='lat' dir='ltr'>iussit</span> <span class='ocrx_word' id='word_1_332' title='bbox 496 2827 549 2852; x_wconf 75' lang='lat' dir='ltr'>cis</span> <span class='ocrx_word' id='word_1_333' title='bbox 581 2811 670 2853; x_wconf 84' lang='lat' dir='ltr'>dari</span> <span class='ocrx_word' id='word_1_334' title='bbox 713 2813 956 2870; x_wconf 79' lang='lat' dir='ltr'>episcopum</span> <span class='ocrx_word' id='word_1_335' title='bbox 987 2830 1280 2872; x_wconf 50' lang='lat' dir='ltr'>quemcunque</span> <span class='ocrx_word' id='word_1_336' title='bbox 1321 2817 1561 2869; x_wconf 76' lang='lat' dir='ltr'>voluissent,</span> <span class='ocrx_word' id='word_1_337' title='bbox 1594 2823 1634 2858; x_wconf 80' lang='lat' dir='ltr'>ct</span> <span class='ocrx_word' id='word_1_338' title='bbox 1667 2816 1754 2856; x_wconf 87' lang='lat' dir='ltr'>ele—</span> 
     </span>
    </p>
   </div>
  </div>
 </body>
</html>
