1728 3184
228 175 324 227 540
698 184 752 225 1N
796 175 1170 226 TnEOPnANEM

337 293 531 349 674,19.
588 296 634 339 ἐν
660 299 711 354 τῇ
741 298 1003 367 iyxlet'oroqc]
1025 296 1288 367 Nicephorus
1315 295 1536 350 perample
1566 295 1703 338 histo-

222 354 327 395 riam
358 355 466 395 hanc
495 361 791 410 persequutus.
825 356 870 396 ἑν
902 351 1062 411 οἰκιδίῳ
1105 351 1348 407 στενωτάτω
1379 352 1500 395 πάνυ.

333 437 428 491 675,
459 437 501 479 6.
558 438 825 504 στεφανίτην
866 437 966 479 ἀντι
1012 435 1238 492 μοναχοῦ]
1281 451 1428 476 coron
1421 452 1466 478 »c
1495 452 1516 476 a
1543 440 1700 492 sponsis

221 502 418 551 acceptae
446 495 603 550 nuptiis
647 503 689 537 et
728 496 926 549 coniugio
969 510 1121 535 nomen
1143 507 1494 560 στεφανωματος
1527 493 1700 535 honoris

219 554 390 607 plenum
419 552 586 604 dedere,
629 559 671 593 et
699 559 746 593 ut
777 553 986 606 στέφανος
1029 558 1069 592 et
1098 548 1234 603 γάμος
1260 550 1501 604 promiscue
1533 551 1700 606 accipe-

220 615 381 660 rentur,
413 610 606 650 effecere.
664 609 705 649 in
750 609 958 649 foeminae
989 609 1198 662 amplexus
1241 614 1282 647 et
1314 608 1560 662 sacrilegum
1594 623 1700 648 con-

220 666 378 720 iugiurn
409 666 575 707 irruisse
603 665 857 707 monachum
899 665 945 715 (si
977 666 1086 706 enim
1125 663 1368 718 patriarcha
1398 664 1699 706 lconomachus

216 724 332 777 prius
372 723 523 774 fuerat)
565 728 781 763 auctorem
822 721 1007 776 pudebat
1052 722 1207 761 dicere.
1267 720 1436 761 corollis
1464 722 1698 763 subiectum

219 779 487 834 nuptialibus,
521 785 564 819 et
591 779 848 833 στεφανίτην
880 778 1013 818 visum
1045 778 1276 832 publicasse
1303 784 1539 829 contentus,
1567 779 1696 819 scelus

216 837 299 877 alta
329 842 467 877 mente
498 835 761 891 perpendere
791 834 1011 875 concessit:
1042 842 1175 889 prout
1202 835 1384 875 incertus
1418 841 1569 876 auct01
1600 850 1694 889 pag.

213 889 309 934 441.
357 907 578 933 commune
619 892 776 932 facinus
815 891 1036 945 descripsit
1078 891 1338 945 Nicephorus
1381 905 1477 960 pag.
1520 891 1591 932 46.
1653 890 1697 932 τὸ

214 947 367 1001 σεμνὸν
383 944 797 1015 μεταμφιεννύμενοι
820 946 1040 998 στόλισμα,
1074 947 1253 1000 κομῆται
1284 946 1410 988 αὐτοι
1438 946 1697 1014 α’ντίκεκαρ-

211 1006 349 1057 μένων
378 1004 666 1058 διεδείκνυντο,
697 1003 771 1044 καί
781 1018 841 1051 εις
860 1002 1019 1044 λαϊκων
1037 1004 1186 1072 σχῆμα
1207 1001 1342 1051 εὐθὺς
1359 1001 1696 1058 μεθηρμόζοντο,

210 1062 377 1115 γυναιξί
406 1074 449 1101 τε
475 1055 639 1113 ὁμιλεῖν
669 1060 959 1114 κατεδέχοντο,
990 1059 1063 1100 καί
1090 1056 1134 1101 τὸ
1166 1057 1274 1112 πρὸς
1303 1059 1450 1107 αϋτοῖς
1480 1059 1692 1114 ἠσπάζον-

210 1133 256 1159 το
286 1117 560 1158 συνοικέσιον.
616 1118 780 1158 eiurata
802 1119 1063 1174 professione,
1093 1132 1141 1157 ac
1169 1118 1359 1171 religzoso
1387 1118 1460 1158 illo
1488 1119 1602 1158 cultu
1621 1119 1692 1158 de-

206 1176 353 1230 posim,
382 1189 438 1214 ex
464 1175 630 1215 attonsis
658 1175 701 1214 in
730 1183 911 1215 comatos
943 1175 1085 1214 mutati
1111 1183 1227 1224 sunt,
1256 1183 1380 1230 atque
1405 1172 1467 1214 ad
1495 1174 1692 1215 laicorum

208 1233 383 1287 speciem
415 1231 611 1281 traducti,
640 1245 731 1271 cum
760 1232 960 1272 uxoribus
987 1232 1111 1271 etiam
1136 1231 1322 1285 copulati
1346 1240 1450 1284 sunt,
1481 1240 1520 1271 et
1551 1246 1693 1271 earum

207 1303 247 1327 se
275 1287 543 1329 contuberniis
587 1288 814 1342 illigarunt.
893 1287 1119 1328 recolenda
1162 1288 1352 1342 superius
1392 1294 1596 1329 annotata
1638 1288 1691 1329 ad

207 1359 300 1400 pag.
333 1343 413 1385 213
446 1349 488 1384 et
523 1342 618 1395 238,
649 1345 801 1400 quibus
832 1350 1055 1386 attestatur
1091 1359 1186 1399 pag.
1218 1359 1393 1400 sequens
1420 1343 1520 1386 375.

321 1428 427 1471 Ibid.
458 1426 496 1469 7.
530 1424 604 1469 καί
632 1428 768 1482 κρεῶν
796 1424 1153 1483 μεταλαμβάνειν]
1192 1428 1406 1469 monachis
1440 1428 1611 1470 Graecis
1641 1428 1693 1468 ad

206 1484 484 1540 episcopalem
515 1484 761 1541 dignitatem
791 1486 972 1536 evectis,
1003 1486 1181 1541 aegrotis
1217 1501 1390 1541 quoque
1422 1501 1472 1526 ac
1500 1487 1694 1541 peregri-

207 1542 398 1582 nantibus
428 1556 571 1582 carnes
614 1542 837 1584 comedere
864 1557 1070 1598 nusquam
1110 1543 1242 1583 licuit.
1273 1542 1417 1599 Cyrilli
1451 1542 1690 1583 Calvinola..

208 1607 300 1640 trae
330 1604 426 1639 ante
451 1613 578 1639 annos
610 1599 774 1655 aliquot
805 1601 1054 1652 exautorati,
1085 1607 1127 1640 et
1157 1601 1212 1641 ob
1239 1600 1368 1665 impia
1400 1600 1589 1640 facinora
1608 1600 1690 1639 sul-

206 1656 295 1696 tani
326 1656 433 1696 iussu
463 1660 567 1697 teste
606 1656 866 1711 praefocati,
909 1656 1166 1697 monachalis
1198 1656 1341 1698 ieiunii
1369 1656 1559 1697 delibatis
1593 1671 1691 1696 car-

208 1713 329 1753 nibus
361 1713 562 1764 violatio,
602 1719 649 1753 ut
690 1713 902 1754 hominem
934 1714 1140 1754 nefarium
1166 1715 1261 1755 sede
1292 1713 1621 1764 deturbanduni,
1651 1718 1693 1753 et

207 1770 247 1809 in
277 1769 443 1809 exilium
468 1769 772 1825 ablegandum,
805 1771 920 1825 plebs
949 1770 1206 1822 Christiana,
1238 1778 1280 1812 et
1313 1770 1568 1811 cleiicorum
1596 1785 1690 1826 syn-

212 1825 314 1866 odus
342 1832 548 1880 posceret,
561 1801 796 1881 ”potissima
818 1842 938 1867 causa
969 1828 1121 1868 extitit.

319 1910 426 1951 Ibid.
444 1909 484 1950 8.
541 1910 813 1967 κιθαρῳδιῶν
843 1910 1095 1967 ἀνέχεσθαι]
1127 1910 1449 1967 perpendendas
1477 1925 1612 1952 canon
1629 1910 1689 1951 vi-

210 1966 380 2009 cesimus
410 1972 582 2022 quartus
613 1968 838 2009 Trullanae
866 1968 1028 2024 synodi.

241 2097 268 2138 h
321 2040 432 2084 Ibid.
467 2039 532 2081 15.
588 2037 778 2095 γρύπους
810 2040 1025 2095 ἐκτείνειν]
1061 2040 1250 2090 δικτύοις
1280 2043 1539 2096 πεοιβαλεῖν,
1566 2041 1689 2082 Nice-

212 2113 238 2154 p
274 2112 386 2140 orus.

320 2180 429 2223 Ibid.
464 2181 526 2223 18.
592 2178 886 2237 ἔστηλίτευσε,
916 2197 987 2224 και
1025 2181 1205 2238 ἠτίμασε
1240 2179 1287 2225 τὸ
1319 2183 1467 2237 σχῆμα
1497 2183 1578 2224 τῶν
1608 2196 1690 2235 μο-

214 2238 372 2292 ναχῶν]
404 2239 514 2280 idem
542 2253 637 2294 pag.
667 2236 736 2282 46.

322 2311 516 2364 676,10.
584 2313 904 2361 Κωνσταντῖνος
945 2311 1192 2367 πατρίκιος,
1230 2310 1304 2355 καί
1345 2313 1569 2366 λογοθέτης
1612 2313 1691 2352 τοῦ

212 2366 391 2423 δοόμου]
425 2370 546 2411 idem.
576 2366 734 2410 τούτων
776 2369 817 2409 δ’
853 2363 905 2423 ἦν
945 2369 1160 2423 Ἀντιοχος
1198 2372 1278 2423 μὲν
1309 2369 1331 2410 ὅ
1360 2370 1441 2411 τῶν
1473 2367 1690 2421 δημοσίων

213 2425 471 2493 πραγμάτων
499 2425 576 2474 τάς
603 2421 859 2494 ὑπομνήσεις
903 2426 1016 2483 αὕτῷ
1043 2427 1328 2479 διακομίζων·
1386 2427 1612 2479 λογοθέτην
1641 2424 1689 2466 δὲ

213 2482 290 2521 τοῦ
320 2479 484 2535 ὃοόμου
522 2479 601 2536 τὴν
640 2480 759 2533 ἀξίαν
788 2478 827 2522 οἱ
855 2483 956 2537 neoc*
991 2481 1042 2524 τὰ
1072 2485 1270 2536 βασίλεια
1301 2482 1490 2523 καλοῦσι.
1549 2497 1607 2522 ex
1637 2483 1689 2521 iis

216 2539 439 2580 Antiochus
485 2541 677 2594 magister
709 2541 935 2580 memoriae
953 2570 964 2588 ,
1005 2541 1055 2580 de
1098 2542 1210 2581 rebus
1237 2541 1417 2597 publicus
1447 2540 1600 2592 referre
1627 2553 1689 2579 so-

212 2595 328 2636 litus:
357 2611 472 2653 quem
502 2598 784 2652 magistratum
815 2597 1049 2651 logothetam
1082 2612 1217 2638 cursus
1243 2598 1453 2654 appellare
1479 2596 1615 2636 solent

325 2676 532 2721 Ibid.14.
591 2678 830 2732 σπαθὰοιος
872 2678 980 2721 κατὰ
1014 2680 1089 2722 τὸν
1130 2679 1298 2735 Βησήρ]
1333 2682 1486 2731 Beseri,
1518 2679 1591 2735 qui
1617 2694 1689 2719 su-

212 2748 293 2790 pra
335 2734 676 2792 σαοακηνόφρων
724 2740 932 2792 scriptus,
977 2740 1157 2779 satelles.
1199 2738 1369 2792 patricii
1412 2751 1618 2791 namque,
1650 2741 1691 2777 et

213 2793 531 2846 plovinciarum
576 2800 763 2836 rectores
805 2794 1036 2850 spatharios
1078 2795 1289 2847 habuisse,
1328 2794 1444 2836 velut
1471 2793 1689 2835 Belisarius
