1794 3250
288 171 382 221 246
503 178 783 220 ANASTAsn
819 165 1077 220 meream
1116 177 1531 220 izecffismsrim

286 310 375 337 sum
406 297 446 337 in
483 296 802 338 Catechumenia
838 297 1058 350 ecclesiae,
1089 311 1172 340 non
1201 297 1335 337 exiens
1366 296 1406 336 in
1440 295 1618 351 plateam
1646 297 1750 337 Em-

284 354 383 394 boli.
441 368 580 394 mense
608 367 711 394 vero
729 354 840 393 Maio
871 354 1054 394 eiusdem
1086 353 1323 394 indictionis
1355 360 1574 393 accusatus.
1599 359 1658 393 est
1676 354 1746 392 M-

285 410 490 463 cepborus
510 410 658 450 Caesar
688 416 729 450 et
756 410 892 450 frater-
911 410 1190 463 imperatoris,
1224 409 1336 464 quod
1359 409 1521 449 insidias
1551 415 1747 450 constru-

284 466 402 506 xisset
429 465 621 506 adversus
652 480 747 506 eum
778 480 874 506 cum
902 466 1122 520 spathariis
1153 466 1403 520 quibusdam
1434 470 1749 519 atque-‘atrato-

285 522 400 562 ribus
433 522 603 577 aliisque
631 521 867 563 hominibus
899 522 1042 576 regiis;
1085 528 1128 563 et
1160 523 1269 562 facto
1310 524 1545 575 imperator
1583 521 1747 562 silentio

285 577 396 632 apud
426 579 694 632 Magnauram
723 578 912 632 exposuit
954 579 1115 632 populo
1149 593 1255 633 quae
1286 577 1336 618 (le
1362 592 1404 618 se
1434 578 1600 617 fuerant
1628 577 1751 617 dicta.

285 635 358 690 qui
390 635 642 675 unanimiter
671 634 1006 675 exclamaverunt
1049 640 1096 675 ut
1125 641 1304 689 uterque
1334 634 1553 674 recederet
1583 634 1634 674 de
1662 649 1749 675 me-

286 691 371 741 dio,
401 705 485 730 non
515 695 793 732 memorantes
822 705 986 745 semper
1014 690 1176 745 periuri
1205 706 1248 731 se
1276 690 1389 745 patii
1419 705 1567 730 eorum
1596 690 1752 731 iurasse

284 761 369 787 non
398 746 645 788 admissuros
674 753 770 801 post
800 753 982 787 mortem
1013 748 1098 788 eius
1124 746 1320 787 iniuriam
1343 746 1433 801 pati
1463 753 1582 786 natos
1610 746 1749 801 ipsius,

284 810 344 843 ast
375 802 609 857 imperator
651 802 822 844 rebelles
852 817 988 844 caesos
1031 810 1075 844 et
1102 809 1245 844 tonsos
1275 803 1396 844 exilio
1426 802 1538 857 apud
1571 802 1751 844 Cherso-

286 874 377 900 nem
407 859 649 914 depoxtatos
679 860 773 899 fore
803 858 1003 912 decrevit,
1033 866 1076 901 et
1103 860 1268 902 climata
1290 860 1359 900 illa
1386 859 1462 901 sub
1495 859 1681 900 custodia
1712 863 1754 900 et

285 915 513 956 munimine
540 914 836 956 conservanda.

148 1000 182 1034 Ρ·
204 985 276 1022 698
396 991 517 1029 Αιιηο
547 988 712 1043 imperii
744 987 893 1028 Leonis
922 986 1103 1028 secundo
1135 987 1325 1042 confugit
1350 988 1566 1043 Telerigus
1594 988 1752 1042 Vulga-

288 1060 382 1086 rum
416 1045 605 1086 dominus
627 1044 676 1084 ad
708 1045 1018 1098 imperatorem,
1051 1044 1122 1098 qui
1142 1044 1239 1084 fecit
1265 1059 1359 1084 eum
1388 1045 1628 1099 patricium,
1660 1046 1754 1084 iun-

288 1115 382 1155 gens
416 1101 472 1141 illi
504 1107 546 1142 et
577 1101 712 1141 uxoris
751 1115 848 1140 suae
877 1100 1080 1140 Ileirenae
1121 1100 1430 1141 consobrinam.
1491 1116 1586 1141 cum
1618 1107 1755 1141 auttm

289 1158 541 1212 baptizatum
571 1172 664 1197 eum
694 1171 740 1196 ex
760 1163 899 1196 sancta
917 1170 1087 1211 quoque
1115 1157 1272 1211 piscina
1305 1157 1559 1212 suscepisset,
1592 1173 1684 1213 mab
1673 1158 1754 1197 ni-

289 1214 366 1254 fice
395 1213 619 1254 honoravit
647 1213 809 1267 pariter
842 1218 883 1253 et
912 1212 1077 1252 amavit.

400 1298 520 1338 Anno
554 1297 719 1351 imperii
749 1296 897 1336 Leonis
927 1294 1055 1337 tertio
1089 1294 1193 1336 sedit
1210 1296 1444 1336 nhimamas
1473 1296 1582 1350 apud
1610 1297 1755 1337 Dabe-

289 1367 382 1404 con,
413 1361 455 1394 et
483 1354 728 1394 seditionem
755 1353 994 1393 commovit.
1053 1354 1139 1393 Leo
1162 1358 1299 1393 autem
1331 1353 1563 1407 imperator
1590 1353 1756 1392 militias

288 1411 575 1450 Romanorum
609 1410 772 1460 direxit,
815 1416 857 1450 et
890 1409 1059 1463 ingressi
1087 1416 1191 1450 sunt
1224 1409 1388 1464 Syriam
1429 1415 1597 1450 centum
1628 1410 1758 1460 milia,

290 1466 441 1521 quibus
487 1466 610 1506 duces
650 1472 772 1507 erant
817 1465 996 1506 Michael
1037 1465 1366 1506 Lachanodraco
1406 1465 1756 1519 Thracesiorum,

291 1522 566 1563 Artahuasdus
597 1523 814 1563 Armenius
844 1522 1146 1574 Orientalium,
1185 1522 1372 1562 Tatzates
1411 1523 1757 1573 Bucellariorum‚

292 1579 542 1620 Basteratzes
573 1580 918 1619 Armeniacorum
947 1584 990 1618 et
1007 1578 1236 1632 Gregorius
1249 1579 1607 1619 Obsicianensium
1634 1593 1758 1633 prae-

292 1640 433 1682 tores;
462 1640 521 1675 .et
557 1635 872 1675 cirenmdavere
916 1635 1249 1685 Germaniciam,
1296 1635 1369 1675 ubi
1413 1641 1507 1676 erat
1546 1634 1758 1675 Hisbabali

294 1690 402 1731 thius
434 1691 557 1742 Madi,
589 1697 630 1732 et
658 1691 1028 1745 apprehenderunt
1060 1704 1201 1731 omnes
1231 1692 1406 1732 camelos
1438 1692 1536 1742 eius,
1568 1697 1610 1731 et
1641 1692 1757 1731 futu-

295 1762 389 1786 rum
418 1754 509 1787 erat
549 1754 594 1787 ut
628 1754 827 1801 caperent
866 1748 989 1788 etiam
1025 1747 1361 1799 Germaniciam,
1404 1748 1479 1788 nisi
1517 1749 1759 1788 muneribus

295 1803 556 1856 persuasisset
583 1803 951 1844 Lachanodraconi
985 1804 1202 1854 Hisbalial,
1231 1809 1272 1844 et
1303 1804 1532 1845 recessisset
1558 1820 1581 1844 a
1608 1810 1758 1844 castro.

294 1865 336 1899 et
366 1860 489 1900 exivit
516 1859 556 1899 in
588 1859 786 1913 praedam
827 1860 1022 1914 regionis,
1053 1866 1095 1901 et
1137 1860 1356 1915 captivatis
1384 1860 1606 1901 haereticis
1638 1863 1758 1901 laco..

294 1916 389 1956 bitis
402 1916 515 1970 Syris
544 1917 695 1956 iterum
721 1916 772 1956 ad
800 1923 979 1956 castrum
1009 1932 1198 1957 reversus
1227 1923 1298 1957 est.
1358 1923 1400 1958 et
1431 1917 1552 1958 misso
1587 1917 1762 1957 lthima-

157 1987 193 2022 p.
210 1974 282 2010 69)
295 1987 379 2011 mas
409 1972 593 2012 exercitu
633 1988 654 2012 a
683 1973 854 2012 Dabeco
896 1980 938 2014 et
966 1973 1216 2013 amiradibus
1259 1973 1412 2013 bellum
1441 1988 1536 2014 cum
1564 1974 1761 2014 Romanis

296 2029 512 2078 fecerunt,
551 2036 592 2068 et
638 2029 882 2069 ceciderunt
933 2029 1137 2070 amir-ades
1181 2029 1368 2094 quinque
1408 2036 1450 2070 et
1481 2025 1664 2071 Arabum
1691 2045 1758 2070 sex

294 2085 421 2135 milia,
452 2091 498 2124 ut
530 2085 679 2125 serunt.
710 2091 752 2125 et
782 2092 893 2126 sexta
926 2085 1030 2126 feria
1059 2086 1297 2126 redieiunt:
1330 2085 1498 2140 ingressi
1531 2087 1642 2127 enim
1666 2088 1759 2127 fue-

297 2147 393 2181 rant
434 2141 640 2181 dominica
685 2141 763 2182 die.
832 2148 1049 2195 praeterea
1091 2142 1325 2196 imperator
1365 2144 1474 2183 facta
1502 2143 1684 2184 maioma
1718 2142 1759 2181 in

295 2197 514 2251 Sopbianis
546 2197 693 2238 insedit
735 2198 775 2237 in
819 2198 925 2239 solio
956 2213 1049 2239 cum
1089 2199 1174 2238 filio
1215 2213 1305 2249 suo,
1339 2205 1381 2239 et
1408 2200 1464 2238 ita
1494 2199 1761 2255 divulgarunt

294 2259 512 2308 praetores
546 2254 777 2309 triumphos
809 2269 914 2309 quos
946 2261 1218 2308 sumpsera.nt
1249 2255 1464 2296 transtulit
1494 2263 1636 2297 autem
1661 2255 1761 2296 hae-

296 2310 449 2351 reticos
477 2310 643 2365 Syios
633 2326 674 2350 ιιι
702 2310 925 2362 Thracem,
957 2318 998 2352 et
1030 2312 1184 2352 locavit
1212 2325 1284 2352 eos
1317 2312 1412 2352 illic.

408 2390 528 2429 Anno
560 2404 660 2431 vero
689 2389 855 2454 imperii
886 2391 1036 2430 Leonis
1068 2395 1220 2446 quarto
1254 2392 1400 2433 suroxe
1429 2404 1619 2431 accensus
1649 2389 1761 2430 Mad}

295 2445 481 2485 Arabum
512 2445 593 2486 (lux
623 2446 753 2486 mittit
782 2446 904 2486 Hisan
937 2462 1031 2486 cum
1062 2449 1220 2487 virtute
1250 2448 1392 2497 multa,
1423 2445 1761 2501 Manrophorum

295 2501 452 2542 scilicet
479 2503 625 2558 Sytiae
674 2518 723 2542 ac
760 2503 1097 2556 Mesopotamiae,
1141 2511 1183 2544 et
1213 2504 1424 2544 descendit
1455 2518 1586 2559 usque
1616 2504 1760 2557 Dory-

295 2557 442 2619 laeum.
501 2574 646 2599 verum
679 2558 913 2612 imperator
942 2559 1158 2613 plaecepit
1199 2561 1465 2613 praetoribus
1497 2575 1548 2599 ne
1578 2558 1761 2599 debella-

295 2621 391 2654 rent
432 2630 500 2655 eos
537 2614 708 2669 publico
737 2615 872 2667 bello,
902 2615 972 2655 sed
1020 2616 1231 2656 muniient
1264 2617 1450 2656 civitates
1484 2622 1526 2656 et
1557 2615 1763 2669 populum

295 2670 616 2712 introduce1ent
644 2671 696 2712 ad
729 2687 872 2711 earum
913 2671 1157 2737 custodiam,
1189 2673 1400 2713 destinatis
1430 2679 1473 2713 et
1500 2671 1762 2727 principibus

295 2728 452 2778 m·1gnis
494 2743 570 2782 per
607 2727 784 2784 singulas
823 2727 1033 2778 civitates,
1076 2729 1237 2783 ipsique
1273 2735 1486 2770 sumerent
1530 2727 1761 2769 electorum

296 2782 474 2823 militum
510 2791 630 2825 terna
674 2785 812 2838 milia,
855 2791 897 2826 et
925 2785 1246 2840 insequerentur
1274 2799 1358 2837 eos,
1389 2800 1440 2826 ne
1473 2784 1762 2840 dispergerent
