1794 3250
251 170 363 232 ’258
491 189 774 231 ANASTASH
816 186 1012 229 IIlSTOR
1022 186 1074 228 lA
1104 180 1517 228 ECCLESIASTICA

265 301 379 359 regio
412 311 634 359 apparatu.
692 319 788 345 cum
818 309 956 344 autem
978 302 1143 342 ordines
1177 299 1343 341 collecti
1375 305 1508 340 essent
1540 298 1582 338 in
1616 297 1733 351 urbe,

263 363 469 403 consiliati
497 369 593 403 sunt
623 361 801 402 educere
829 359 1114 414 Nicephorum
1143 373 1189 398 ex
1220 359 1395 398 Caesare
1427 363 1469 396 et
1500 359 1735 410 imperato-

263 434 351 459 rem
386 426 583 460 statuere.
642 434 725 474 quo
753 423 976 472 comperto
1020 416 1314 457 Constantinus
1360 414 1494 464 misit,
1525 420 1567 453 et
1595 412 1739 452 eduxit

264 483 470 531 utrosque
497 477 604 516 filios
639 475 901 516 Constantini
946 474 1011 512 avi
1052 473 1114 513 sui
1152 471 1204 512 ad
1245 471 1285 513 S.
1316 473 1509 520 Mamam,
1540 475 1583 510 et
1611 468 1736 510 Nice-

262 531 447 587 phorum
491 532 659 588 quidem
706 531 861 582 oculis,
890 529 1244 583 Christophorum
1273 533 1400 582 atque
1434 527 1619 567 Nicetam
1650 528 1738 565 An-

262 589 526 644 thimumque
557 596 682 643 atque
713 587 948 628 Eudocium
980 587 1126 640 linguis
1152 584 1365 640 privavit;
1397 598 1490 623 cum
1527 583 1678 638 quibus
1699 587 1741 622 et

264 646 528 700 praedictum
561 645 746 686 Alexium
778 643 1000 698 patricium
1035 643 1257 696 luminibus
1282 640 1512 690 exorbavit,
1541 638 1740 679 obediens

263 702 460 742 maternis
491 710 533 742 et
562 702 741 756 praelati
773 699 981 740 Stauracii
1010 697 1179 754 patricii
1206 697 1394 745 suadelis,
1430 697 1467 736 ei
1497 710 1739 736 asseveran-

263 758 368 798 tium
395 759 511 814 quod
543 758 619 798 nisi
650 758 761 798 hunc
789 771 959 797 caecum
989 755 1197 807 redderet,
1236 755 1278 794 in
1311 755 1614 808 imperatorem
1644 767 1740 793 eum

265 817 407 856 forent
435 816 624 856 electuri.
684 815 791 854 facta
820 819 880 854 est
911 818 1050 853 autem
1081 812 1234 852 horum
1264 825 1400 865 poena
1429 824 1566 850 mense
1596 813 1741 864 Augu-

130 878 343 931 p.7265t0,
374 871 441 912 die
466 871 640 923 sabbati,
673 870 909 911 indictionis
944 869 1129 910 decimae
1150 869 1336 924 quintae,
1367 867 1474 907 hora
1507 880 1631 906 nona.
1665 881 1740 906 ve·-

267 934 501 969 rumtamen
536 944 619 969 non
655 928 694 967 in
720 927 890 983 longum
919 925 985 967 dei
1025 926 1181 965 iustitia
1209 925 1318 965 hanc
1347 924 1555 964 actionem
1586 923 1741 963 dimisit

265 985 464 1027 inultam:
495 991 589 1040 post
617 983 950 1039 quinquennium
979 997 1158 1037 namque
1184 982 1333 1022 eodem
1363 995 1502 1021 mense
1524 986 1565 1020 et
1596 979 1741 1020 eadem

264 1042 423 1082 sabbati
463 1042 531 1083 die
575 1042 752 1082 orbatur
797 1039 926 1081 oculis
984 1055 1007 1080 a
1047 1039 1225 1094 propria
1267 1044 1402 1078 matre
1445 1037 1740 1078 Constantinus

265 1098 391 1139 idem.

378 1173 496 1211 Anno
528 1169 695 1223 imperii
727 1168 988 1210 Constantini
1017 1166 1146 1208 tertio
1181 1167 1396 1208 audientes
1428 1167 1662 1208 Armeniaci
1691 1167 1743 1208 de

264 1229 405 1268 Alexio
432 1228 612 1282 patricio
659 1226 776 1281 quod
805 1241 950 1266 caecus
993 1226 1131 1266 fuerat
1158 1225 1305 1276 factus,
1338 1225 1553 1266 custodiae
1581 1224 1744 1264 manci-

265 1299 417 1339 pavere
448 1290 689 1339 praetorem
720 1298 862 1333 suum,
908 1281 1187 1323 Theodorum
1228 1281 1423 1322 videlicet
1453 1281 1743 1322 Camulianum

262 1341 502 1395 patricium.
563 1356 646 1395 quo
693 1345 913 1393 comperto
959 1339 1194 1393 imperator
1223 1339 1333 1378 misit
1360 1337 1528 1394 quidem
1562 1339 1743 1392 primum

265 1399 316 1438 ad
346 1413 414 1437 eos
436 1398 670 1445 nonnullos,
707 1402 804 1450 post
834 1402 1020 1436 sanctum
1048 1410 1149 1435 vero
1170 1395 1319 1450 pascha
1339 1396 1425 1449 ipse
1448 1410 1524 1450 per
1541 1409 1583 1435 se
1611 1395 1746 1435 movit

266 1456 491 1496 exercitum
524 1460 670 1494 contra
694 1453 860 1492 eosdem
879 1452 1145 1492 Armeniacos
1172 1468 1251 1491 una
1274 1467 1368 1492 cum
1396 1451 1566 1506 reliquis
1583 1452 1744 1492 cunctis

268 1511 532 1553 thematibus,
602 1518 642 1550 et
672 1510 850 1562 septimo
894 1508 1085 1549 kalendas
1127 1510 1261 1549 Iunias
1299 1509 1460 1563 primae
1490 1508 1745 1559 indictionis,

269 1567 335 1608 die
356 1573 520 1607 sanctae
540 1573 812 1620 pentecostes,
836 1581 929 1605 cum
952 1566 1146 1620 proditos
1164 1580 1232 1606 eos
1253 1566 1552 1606 Armeniorum
1578 1565 1743 1614 fraude,

270 1625 342 1678 qui
370 1639 463 1664 cum
494 1623 586 1677 ipsis
619 1629 751 1672 erant,
783 1622 1023 1663 debellasset
1068 1631 1196 1678 atque
1222 1623 1395 1674 vicisset,
1429 1620 1750 1677 comprehendit

137 1681 387 1729 p·727illos‚
425 1687 466 1720 et
507 1679 718 1719 interfecit
764 1679 1051 1719 Andronicum
1083 1680 1343 1733 spatharium
1387 1685 1429 1718 et
1461 1678 1748 1720 turmarcham

270 1752 444 1787 eorum,
474 1743 515 1776 et
558 1734 841 1789 Theophilum
888 1736 1174 1776 turmarcham
1206 1742 1333 1791 atque
1367 1737 1623 1791 Gregorium
1655 1734 1749 1789 epi..

268 1809 444 1848 scopum
486 1793 687 1846 Sinopae;
730 1793 913 1847 reliquos
953 1807 1056 1833 vero
1105 1808 1247 1832 rerum
1281 1792 1450 1832 iacturis
1482 1800 1524 1833 et
1556 1791 1748 1847 proscri-

268 1850 485 1905 ptionibus
521 1850 717 1890 subdidit.
791 1864 926 1903 porro
966 1849 1078 1890 mille
1118 1850 1279 1889 vinctos
1311 1850 1514 1889 exercitus
1559 1850 1749 1903 ipsorum

270 1906 505 1947 introduxit
534 1921 610 1960 per
640 1905 967 1945 Blachernarum
995 1911 1166 1959 portam
1198 1906 1236 1944 in
1274 1907 1436 1957 urbem,
1469 1921 1655 1960 quorum
1686 1906 1750 1944 fa..

271 1963 410 2004 ciebus
446 1969 680 2002 atramento
713 1968 754 2002 et
783 1963 1083 2016 punctionibus
1127 1963 1423 2017 suprascripsit
1452 1963 1750 2003 “Armeniacus

271 2019 534 2060 insidiator.''
609 2018 802 2072 dispersit
842 2034 910 2059 eos
943 2026 1026 2059 tam
1067 2019 1107 2059 in
1149 2019 1329 2059 Siciliam
1363 2035 1488 2075 quam
1519 2020 1559 2059 in
1591 2025 1748 2059 ceteras

273 2076 436 2116 insulas.
496 2075 679 2114 Armenii
710 2091 817 2122 sane,
849 2075 1089 2130 proditores
1120 2090 1288 2126 eorum,
1322 2076 1375 2115 nil
1408 2077 1459 2116 ab
1492 2076 1750 2130 imperatore

273 2133 445 2172 honoris
475 2146 544 2172 seu
577 2131 834 2172 liberalitatis
867 2133 1042 2172 assecuti
1073 2139 1255 2172 castrum
1274 2132 1506 2173 Camachan
1543 2132 1750 2173 Arabibus

277 2189 559 2230 tradiderunt.

390 2270 510 2309 Antio
543 2267 710 2322 imperii
743 2267 1005 2308 Constantini
1036 2274 1189 2323 quarto
1221 2275 1427 2324 ceperunt
1459 2269 1612 2309 Arabes
1639 2266 1751 2308 The.

277 2325 402 2366 besan
432 2331 613 2365 castrum
641 2324 716 2363 sub
748 2325 889 2375 verbo,
921 2331 1100 2379 propter
1130 2326 1244 2381 quod
1274 2332 1316 2366 et
1342 2325 1556 2381 principes
1574 2325 1659 2366 eius
1689 2323 1753 2363 di-

278 2381 483 2421 miserunt
514 2381 567 2420 ad
601 2380 791 2435 propria.

390 2455 512 2494 Anno
541 2453 707 2508 imperii
738 2453 799 2492 sui
834 2455 980 2508 quinto
1017 2456 1325 2507 Constantinus,
1359 2455 1458 2495 odio
1490 2453 1644 2495 habens
1659 2453 1754 2493 Ma-

279 2510 384 2551 riam
415 2525 588 2551 uxorem
626 2525 764 2559 suam,
807 2511 1089 2552 summissione
1134 2512 1276 2552 matris
1317 2527 1414 2551 suae
1467 2511 1754 2565 principatum

279 2567 513 2621 appetentis
543 2572 586 2608 et
614 2582 699 2621 quo
729 2567 780 2606 ab
810 2568 1001 2607 omnibus
1034 2569 1368 2622 reprehensibilis
1398 2568 1658 2608 iudicaretur
1688 2567 1755 2606 af-

278 2624 484 2672 fectantis,
520 2623 658 2679 coegit
686 2638 777 2663 eam
805 2629 851 2662 ut
880 2624 1000 2664 fieret
1027 2626 1254 2674 monacha;
1289 2640 1412 2681 quam
1446 2639 1541 2664 cum
1572 2622 1754 2664 inflexis-

279 2687 352 2730 set,
382 2680 572 2721 totondit
601 2694 739 2721 mense
771 2680 978 2719 Ianuario.
1052 2688 1093 2721 et
1137 2683 1267 2735 Aprili
1301 2696 1438 2722 mense
1468 2680 1602 2721 movit
1633 2694 1754 2720 exer-

283 2736 414 2778 eitum
446 2736 640 2777 adversus
672 2735 839 2784 Arabes,
870 2744 911 2776 et
953 2752 1093 2777 mense
1122 2739 1231 2778 Maio
1265 2739 1420 2779 bellum
1450 2736 1582 2777 iniens
1609 2737 1652 2776 in
1682 2750 1757 2776 oc-

145 2813 179 2847 p.
199 2799 268 2835 7223
282 2806 405 2833 cursu
436 2794 652 2848 ipsorum,
684 2793 724 2832 in
754 2793 847 2833 loco
878 2794 951 2849 qui
982 2793 1136 2835 dicitur
1167 2797 1372 2847 Amusan,
1402 2795 1515 2846 vicit,
1543 2793 1683 2845 vertit,
1714 2799 1756 2833 et
