1768 3268
229 214 320 259 108
427 216 710 259 ANASTAsn
753 215 1015 259 HISTORIA
1062 211 1477 258 ECCLESlASTlCA

224 336 551 389 foederatorum,
583 344 625 379 et
646 338 792 378 Ioanni
820 337 1075 394 logothetae,
1109 336 1245 377 dicens
1266 334 1364 390 quia
1384 332 1511 372 bodie
1534 335 1700 387 vesperi

223 395 409 434 volumus
445 395 746 449 imperatorem
773 394 958 450 aggredi.
988 395 1059 449 qui
1093 409 1186 434 cum
1218 393 1299 432 hoc
1332 389 1590 430 nuntiassent
1621 390 1696 432 im,

220 451 422 505 peratori,
450 452 586 492 tenuit
614 466 697 503 603,
729 458 772 493 et
800 452 958 493 invenit
986 451 1075 491 illos
1105 451 1283 490 ferentes
1314 446 1580 488 absconditos
1608 447 1694 502 gla..

221 507 327 548 dios.
387 515 429 549 et
456 508 675 549 Marcellus
706 508 874 564 quidem
906 508 1068 562 argenti
1112 505 1319 556 venditor,
1349 518 1422 558 spe
1456 504 1695 555 frustratus,

221 570 262 603 et
289 571 480 620 exempto
530 565 667 620 gladio
709 581 833 621 quem
862 565 1088 620 portabat,
1137 562 1249 604 dedit
1292 560 1369 602 sibi
1400 567 1484 602 tres
1515 560 1622 601 ictus
1653 562 1695 601 in

220 621 406 662 triclinio
438 621 779 678 compi-ehensuS‚
810 627 851 662 et
879 622 1076 665 moritur,
1136 619 1303 674 Sergius
1337 623 1477 658 autem
1505 617 1612 673 fugit
1642 617 1695 658 ad

218 677 483 730 macheram,
516 693 600 734 quo
622 678 774 720 educto
796 680 848 719 ab
869 678 1050 730 ecclesia,
1069 683 1111 717 et
1131 677 1393 730 interrogato
1408 705 1420 726 ‚
1451 689 1695 730 persuasum

219 740 279 774 est
310 735 347 775 ei
381 735 573 776 confiteri
605 735 720 791 quod
749 742 790 777 et
809 736 956 776 Isacius
986 733 1148 789 argenti
1182 731 1380 773 venditor
1408 738 1450 772 et
1473 730 1695 772 Belisarius

218 791 531 846 gloriosissimus
546 791 746 847 patricius
762 792 947 833 conscius
959 789 1196 832 huiusmodi
1216 789 1343 830 fuerit
1356 787 1691 839 machinamenti,

218 853 262 886 et
277 848 421 889 Victus
448 850 723 903 pecuniarum
751 849 949 891 venditor
977 856 1019 889 et
1031 849 1181 888 Paulus
1206 851 1382 886 curator
1412 845 1596 886 eiusdem
1613 846 1693 886 Be-

219 903 344 944 lisarii
371 905 587 946 consilium
612 905 796 947 scierint.
824 906 896 962 qui
917 903 1208 959 comprehensi
1237 909 1278 944 et
1301 902 1448 944 traditi
1472 902 1690 957 Procopio

218 962 435 1014 praesecto
474 963 647 1003 confessi
677 968 797 1014 suut,
831 968 873 1003 et
916 962 1110 1004 dixerunt
1154 961 1208 1002 de
1235 960 1459 1011 Belisario,
1491 959 1562 1015 qui
1594 974 1691 1000 mox

218 1020 350 1058 factus
382 1026 440 1060 est
473 1019 735 1074 imperatoris
766 1019 842 1060 sub
872 1021 948 1060 ira.
1008 1018 1129 1059 multi
1163 1032 1263 1058 vero
1290 1023 1332 1058 et
1361 1018 1457 1073 fuga
1488 1017 1548 1057 usi
1574 1024 1687 1057 sunt.

218 1074 378 1116 interea
419 1076 563 1130 quinta
602 1075 669 1118 die
703 1077 849 1117 mensis
887 1075 1126 1117 Decembrii
1169 1074 1269 1116 fecit
1299 1074 1535 1129 imperator
1563 1073 1690 1115 silen-

85 1149 120 1184 p.
135 1138 206 1173 369
219 1132 344 1183 tium,
375 1132 582 1173 adducens
610 1138 652 1174 et
680 1133 964 1188 patriarcham
992 1131 1260 1188 Eutychium‚
1291 1137 1334 1172 et
1364 1132 1508 1173 iubens
1536 1145 1688 1172 corum

217 1188 385 1228 recitari
417 1189 705 1230 confessiones.
762 1204 846 1246 quo
879 1190 1024 1230 audito
1039 1189 1260 1230 Belisarius
1291 1188 1451 1244 ingenti
1483 1193 1545 1229 est
1576 1203 1690 1228 mae-

216 1259 316 1286 rore
345 1252 548 1300 gramtus,
575 1252 617 1287 et
639 1246 807 1289 mittens
826 1247 1060 1301 imperator
1080 1245 1406 1302 comprehendit
1436 1259 1577 1286 omnes
1608 1244 1690 1285 ho-

215 1302 341 1342 mines
371 1304 481 1353 eius,
523 1309 565 1344 et
597 1303 731 1358 ipsum
762 1303 876 1346 domi
915 1303 1062 1344 sedere
1093 1303 1314 1358 praecepit
1346 1300 1686 1344 custodiendum.

213 1358 370 1399 interea
411 1374 548 1400 mense
570 1360 848 1413 Decembrio,
878 1360 1071 1401 vicesima
1100 1359 1189 1411 die,
1222 1362 1331 1401 facta
1359 1365 1458 1400 sunt
1488 1358 1689 1400 encaenia

212 1414 572 1471 Constantinopoli
617 1432 790 1473 magnae
835 1418 1033 1459 ecclesiae
1071 1417 1272 1459 secundo.
1349 1430 1485 1472 porro
1526 1416 1690 1471 vigiliae

211 1471 439 1512 eorundem
480 1474 777 1515 encaeniorum
823 1475 957 1515 factae
997 1480 1094 1515 sunt
1132 1473 1245 1529 apud
1286 1475 1330 1515 S.
1364 1473 1612 1524 Platonem,
1644 1479 1688 1514 et

210 1528 335 1568 exivit
363 1529 459 1570 inde
500 1531 742 1585 patriarcha
769 1531 1196 1587 Constantinopoleos
1237 1529 1469 1587 Eutychius
1499 1545 1595 1570 cum
1624 1529 1687 1571 le-

212 1585 323 1625 tania
351 1593 570 1640 praesente
588 1587 859 1643 imperatore,
889 1588 1034 1630 sedens
1065 1589 1106 1629 in
1128 1587 1279 1630 eodem
1297 1587 1491 1628 vehiculo
1510 1593 1555 1628 et
1581 1601 1687 1641 por-

209 1646 298 1682 tans
346 1643 621 1696 apostolicum
664 1646 848 1687 habitum
891 1652 934 1687 et
979 1652 1126 1687 tenens
1179 1650 1370 1687 sanctum
1410 1644 1686 1699 evangelium,

209 1698 367 1739 cunctis
416 1700 679 1754 psallentibus
718 1703 892 1744 “tollite
922 1706 1111 1758 portas.'’
1185 1702 1334 1743 eodem
1365 1716 1505 1743 mense
1536 1707 1687 1756 captae

209 1761 307 1795 sunt
337 1755 538 1810 quaedam
566 1766 704 1813 partes
735 1761 899 1801 Africae
928 1776 951 1800 a
982 1759 1230 1801 Mauritanis
1265 1758 1578 1815 insurgentibus
1607 1756 1685 1798 ad-

211 1826 349 1851 versus
376 1814 558 1854 Africam
589 1814 657 1855 ita.
732 1817 923 1858 Cutzinas
956 1818 1125 1858 nomine
1164 1816 1333 1872 quidam
1367 1831 1414 1857 ex
1444 1815 1532 1870 ipsa
1561 1820 1688 1870 gente

212 1867 410 1908 exarchus
447 1871 782 1913 Mauritanorum
824 1874 1007 1915 habebat
1058 1873 1404 1915 consuetudinem
1450 1871 1686 1927 accipiendi

212 1939 235 1964 a
264 1924 457 1980 principe
486 1928 664 1981 Africae,
699 1931 770 1986 qui
802 1945 881 1986 per
908 1939 1073 1987 tempus
1101 1938 1218 1982 erat,
1264 1936 1423 1971 certam
1470 1929 1686 1985 quantita-

211 1988 295 2045 tem
328 1983 432 2023 auri.
507 1999 601 2025 cum
642 1993 779 2027 autem
811 1988 985 2030 venisset
1026 1994 1072 2029 ut
1117 1988 1329 2043 acciperet
1358 1987 1475 2037 illud,
1512 1988 1685 2026 loannes

213 2051 407 2093 princeps
423 2040 587 2082 Africae
615 2043 771 2084 occidit
799 2059 910 2085 eum.
953 2059 1088 2100 porro
1132 2045 1452 2086 insurrexerunt
1493 2043 1566 2084 filii
1601 2044 1686 2083 Cu-

214 2094 347 2135 tzinae
367 2095 618 2139 vindicantes
647 2106 868 2154 paternum
892 2109 1128 2157 acceptum,
1160 2108 1203 2143 et
1232 2101 1364 2143 erecti
1383 2107 1534 2142 contra
1568 2099 1684 2140 illam

79 2159 198 2209 p.570
214 2158 418 2206 ceperunt
448 2154 531 2195 eius
560 2163 698 2209 partes
717 2158 871 2213 aliquas
893 2158 1212 2214 depraedantcS.
1273 2160 1510 2214 imperator
1538 2157 1683 2212 itaque

212 2207 294 2248 hoc
324 2209 463 2264 agnito
494 2211 603 2252 misit
646 2213 688 2253 in
720 2215 913 2255 auxilium
948 2216 1113 2257 Africae
1143 2217 1406 2258 Marcianum
1435 2215 1683 2270 magistrum

209 2265 405 2317 milltuln,
435 2274 630 2321 nepotem
658 2284 789 2321 suum,
820 2287 915 2312 cum
948 2274 1134 2314 exercitu
1164 2273 1216 2313 ad
1244 2271 1528 2329 pacificandos
1557 2272 1682 2311 Mau-

209 2337 305 2370 ros3
336 2327 378 2362 et
405 2323 696 2366 confluxerunt
726 2328 778 2368 ad
807 2345 918 2380 eum,
949 2331 1089 2385 sicque
1128 2345 1233 2385 pace
1257 2326 1403 2385 >potita
1432 2335 1492 2371 est
1523 2328 1682 2369 Africa.

208 2379 357 2420 eodem
388 2394 497 2420 anno
528 2381 759 2436 imperator
798 2387 1046 2440 quibusdam
1074 2388 1337 2428 turbationes
1380 2385 1683 2428 Constantino-

209 2436 296 2489 poli
318 2436 641 2488 concitantibus,
674 2441 843 2495 pollices
867 2443 1039 2484 abscidit
1059 2459 1208 2484 eorum
1237 2444 1452 2485 dumtaxat
1484 2443 1554 2500 qui
1586 2456 1683 2482 cum

209 2493 350 2546 gladiis
379 2502 684 2550 pugnaverunt.
742 2499 1013 2539 nonadecima
1044 2516 1143 2540 vero
1166 2501 1233 2542 die
1250 2501 1391 2542 Martii
1423 2499 1571 2541 mensis
1604 2499 1681 2539 ad-

208 2549 348 2589 missus
378 2557 438 2591 est
466 2551 686 2592 Belisarius
722 2556 924 2607 patricius
966 2558 1141 2611 receptis
1185 2559 1377 2599 omnibus
1409 2556 1682 2612 dignitatibus

208 2607 302 2649 suis.
361 2607 508 2647 eodem
537 2623 647 2649 anno
679 2619 886 2652 venerunt
917 2612 1037 2667 legati
1066 2616 1213 2656 Ascclti
1245 2616 1352 2671 regis
1369 2612 1680 2656 Ermccliiono-

209 2676 317 2712 rum,
350 2663 420 2718 qui
452 2665 608 2718 positus
640 2671 699 2706 cst
730 2666 839 2708 intra
879 2669 1162 2713 barbarorum
1198 2679 1364 2728 gentem
1398 2673 1509 2713 iuxta
1540 2672 1681 2711 Ocea-

209 2733 321 2770 num,
350 2721 778 2776 Constantinopolim.

22 2803 58 2838 p·
74 2791 142 2829 371
168 2793 190 2828 5
297 2793 462 2858 ‘Mundi
479 2794 724 2850 an1106056‚
745 2797 907 2838 divinae
932 2801 1227 2844 incarnationis
1246 2820 1358 2844 anno
1372 2802 1467 2853 556,
1490 2799 1680 2842 Iustinia-

201 2863 275 2890 nus
295 2864 458 2905 unpcrn
477 2853 537 2894 sui
556 2852 764 2896 tricesimo
790 2857 964 2911 septimo
998 2874 1105 2900 anno
1132 2862 1315 2915 perrexit
1335 2875 1454 2903 causa
1478 2856 1683 2901 orationis
