1768 3268
268 229 332 280 74
467 233 746 279 ANASTASH
775 233 1036 276 HISTORIA
1076 228 1493 275 ECCLESIASTlCA

264 351 449 393 Eudoxia
478 351 613 405 neptis
627 348 853 390 Theodosii
886 347 1088 390 sexdecim
1120 362 1249 388 annos
1279 346 1319 386 in
1337 345 1477 385 Africa
1509 358 1604 385 cum
1637 342 1729 385 viro

265 423 339 449 suo
370 408 585 448 Honorieo
619 408 796 457 fecisset,
826 411 868 446 et
895 420 1074 460 puerum
1087 404 1345 446 Gilderieum
1366 417 1412 444 ex
1441 402 1531 456 ipso
1564 400 1729 456 genuis-

263 471 346 516 set,
385 463 550 505 difficile
596 464 814 504 ferebatur
855 477 954 517 erga
994 462 1220 512 maritum,
1257 474 1353 500 cum
1397 465 1500 499 esset
1538 458 1728 499 Arianus.

265 521 375 562 unde
404 520 519 561 aditu
550 520 720 562 invento
752 521 848 574 fuga
887 519 999 573 lapsa
1027 518 1142 559 venit
1180 515 1524 571 Hierosolymam,
1554 520 1596 556 et
1623 513 1729 554 ado-

263 578 361 618 ratis
391 576 695 618 venerabilibus
726 576 839 627 locis,
867 575 1129 630 salutatoque
1157 573 1349 628 sepulcro
1368 570 1582 612 Eudociae
1613 571 1730 611 aviae

261 649 373 687 suae,
402 649 451 673 ac
481 634 624 688 paucis
670 633 813 674 diebus
851 631 894 672 in
923 637 1064 673 saneta
1108 630 1322 672 demorata
1351 628 1533 679 civitate,
1559 634 1730 668 mortua

264 697 326 732 est
352 691 393 730 in
422 705 539 745 pace,
569 689 760 730 omnibus
786 693 952 730 sanctae
980 686 1292 729 Resurrectioni
1322 685 1505 726 dimissis.

58 759 177 807 p.186
208 760 251 796 ¹5
375 763 518 804 Mundi
561 778 669 804 anno
696 759 1013 814 5967‚'divinae
1054 759 1348 802 incarnationis
1380 772 1487 799 anno
1519 753 1615 808 467,
1646 757 1731 797 Ba-

264 820 416 861 siliscus
455 819 497 859 in
541 821 698 874 Campo
745 818 999 859 acclamatur
1030 818 1279 873 imperator.
1363 817 1554 857 Marcum
1598 813 1728 854 filium

267 878 480 917 Caesarem
509 876 619 927 fecit,
659 881 701 916 et
726 875 954 916 Zenobiam
996 889 1168 916 uxorem
1195 889 1309 915 suam
1343 874 1566 927 Augustam
1596 884 1730 911 coro-

266 933 394 984 navit,
426 940 467 973 et
493 933 631 973 statim
661 939 809 973 contra
838 932 963 973 tidem
988 932 1212 986 praeliatus
1240 935 1313 981 est,
1342 928 1524 970 Zenobia
1552 927 1729 968 maxime

263 989 460 1031 incitante
493 989 608 1030 illum
638 988 690 1029 ad
719 987 852 1040 istud,
881 988 1234 1043 Timotheumque
1264 987 1468 1028 Helurum
1510 984 1729 1025 revocavit

263 1061 342 1100 per
369 1052 530 1102 typum,
559 1051 601 1087 et
628 1046 800 1086 Petrum
833 1045 1054 1100 Cnaphea,
1087 1045 1159 1100 qui
1192 1045 1411 1084 absconsus
1441 1047 1534 1082 erat
1562 1041 1603 1081 in
1630 1055 1729 1080 mo·-

264 1103 446 1143 nasterio
494 1102 862 1143 Acoemetensium.
933 1107 976 1143 et
1028 1106 1242 1156 quotquot
1282 1099 1352 1140 alii
1394 1098 1552 1139 inimici
1593 1097 1726 1138 sancti

263 1158 602 1200 Chalcedonensis
643 1164 763 1199 erant
801 1158 988 1209 concilii,
1037 1157 1289 1198 fiducialiter
1329 1162 1479 1196 contra
1505 1155 1727 1195 veritatem

262 1217 453 1268 agebant.
524 1214 703 1256 Helurus
745 1221 883 1255 autem
938 1214 1200 1270 congregatis
1253 1212 1449 1268 inquietis
1491 1211 1727 1268 quibusque

262 1270 555 1325 Alexandrinis,
587 1271 659 1326 qui
690 1270 1055 1325 Constantinopoli
1094 1269 1492 1327 peregrinabantur,
1524 1268 1575 1310 de
1607 1268 1728 1322 pala-

259 1329 319 1368 tio
349 1343 442 1368 cum
475 1327 620 1368 letania
649 1327 763 1368 venit
792 1327 832 1367 in
867 1327 1095 1380 ecclesiam,
1125 1332 1266 1368 vectus
1299 1325 1436 1375 asino;
1468 1325 1540 1382 qui
1568 1339 1725 1380 perve-

259 1385 370 1425 niens
400 1384 440 1424 in
485 1383 624 1424 locum
669 1383 741 1439 qui
783 1383 940 1424 dieitur
976 1384 1242 1439 Octagonus,
1272 1396 1544 1438 expavescens
1573 1381 1726 1436 pedem

256 1440 476 1491 contrivit,
511 1446 552 1481 et
590 1455 684 1480 eum
714 1441 958 1482 confusione
988 1455 1178 1482 reversus
1210 1446 1281 1481 est.
1341 1438 1556 1480 Basiliscus
1584 1444 1726 1478 autem

255 1497 367 1538 hunc
395 1495 682 1538 Alexandriam
713 1512 808 1538 cum
851 1497 960 1553 typis
999 1503 1148 1538 contra
1176 1495 1384 1553 synodum
1413 1496 1537 1546 misit,
1567 1501 1609 1535 et
1639 1495 1724 1535 Pe-

254 1559 369 1594 trum
413 1553 604 1609 Cnaphea
657 1553 940 1608 Antiochiam,
999 1559 1150 1595 contra
1202 1553 1422 1594 veritatem
1479 1553 1724 1593 confortans

255 1617 496 1665 utrumque.
573 1610 815 1650 Timotheus
861 1617 999 1651 autem
1030 1609 1341 1665 Salophaeialus
1385 1609 1603 1664 episcopus
1625 1608 1723 1648 Ale-

254 1665 489 1721 xandrinus,
520 1667 778 1721 comperiens
806 1666 1076 1708 Timotheum
1091 1668 1295 1708 Helurum
1326 1665 1539 1715 advenire,
1579 1679 1722 1706 reces-

254 1723 307 1763 sit
336 1723 388 1763 ad
419 1724 668 1763 monasteria
698 1724 872 1779 Canopi.
900 1724 1039 1764 multis
1070 1731 1212 1765 autem
1245 1723 1405 1764 afflictis
1436 1723 1616 1764 He-lurus
1646 1722 1723 1762 Ti-

255 1779 470 1820 motbeum
499 1778 660 1820 laedere
687 1795 770 1820 non
803 1780 959 1832 valuit,
990 1795 1039 1822 eo
1071 1779 1188 1836 quod
1217 1780 1466 1834 diligeretur
1495 1780 1547 1820 ab
1580 1778 1722 1819 omni-

255 1834 342 1875 bus.
374 1850 552 1890 eumque
582 1836 873 1891 ingrederetur
899 1836 1077 1878 Helurus
1093 1836 1398 1889 Alexandriam,
1429 1836 1722 1877 vociferaban-

123 1909 158 1945 ρ.
177 1898 245 1933 188
257 1897 328 1932 tur
354 1892 529 1932 studiosi
556 1892 656 1944 eius,
685 1892 786 1933 illud
816 1900 942 1948 turpe
972 1894 1155 1936 dicentes
1177 1893 1352 1935 “cibasti
1390 1893 1579 1934 inimicos
1608 1898 1719 1941 tuos,

256 1950 403 2003 papa.’'
460 1954 520 1988 ast
547 1950 766 1990 sceleratus
804 1957 953 1991 contra
995 1952 1201 1992 clamabat
1230 1950 1385 1992 “etiam
1414 1965 1514 1991 vere
1543 1949 1721 1990 cibavi.”

257 2005 327 2045 hic
354 2004 503 2058 impius
550 2006 673 2046 etiam
700 2005 1030 2049 Chalcedonense
1073 2008 1298 2049 concilium
1330 2006 1722 2048 anathematizabat.

256 2061 436 2102 Iulianus
465 2068 602 2102 autem
644 2063 920 2105 Antiochenus
966 2065 1186 2120 episcopus
1225 2080 1328 2120 prae
1370 2064 1541 2105 tristitia
1571 2077 1722 2104 eorum

257 2131 364 2172 quae
393 2118 546 2158 fiebant
576 2118 790 2159 defunctus
820 2126 889 2161 est.
920 2121 1069 2162 Petrus
1100 2129 1238 2162 autem
1256 2121 1476 2175 Cnapbeus
1504 2119 1556 2161 ad
1582 2119 1723 2161 sedem

254 2173 500 2227 perveniens
535 2174 576 2214 in
599 2175 860 2217 anathemata
889 2184 931 2218 et
959 2179 1220 2219 turbationes
1251 2178 1404 2233 erupit.
1460 2177 1560 2217 hinc
1579 2175 1723 2216 caedes

253 2229 473 2271 hominum
517 2237 560 2271 et
599 2232 769 2286 rapinae
809 2241 990 2288 propter
1027 2234 1359 2276 additamentum
1399 2233 1559 2289 trisagii
1587 2234 1724 2273 factae

255 2293 362 2327 sunt.
421 2293 636 2342 praeterea
666 2289 875 2330 Basiliscus
905 2297 1008 2346 typo
1035 2292 1218 2347 generali
1238 2290 1578 2333 Chalcedonense
1608 2289 1724 2330 abie-

257 2344 313 2383 cit
344 2344 594 2396 concilium,
635 2344 776 2385 iubens
806 2348 955 2388 Acacio
998 2348 1467 2404 Constantinopolitano
1505 2347 1546 2388 id
1587 2347 1724 2400 ipsum

256 2400 422 2441 facere:
471 2399 543 2442 sed
580 2407 670 2441 tota
702 2402 843 2443 civitas
873 2418 967 2444 cum
1008 2405 1249 2446 mulieribus
1279 2412 1320 2447 et
1349 2405 1490 2446 liberis
1522 2403 1564 2444 in
1592 2404 1725 2444 eccle-

78 2462 198 2509 p.189
225 2456 355 2496 7siam
387 2463 538 2498 contra
574 2457 810 2498 Basiliscum
853 2461 1102 2502 conveniens
1138 2461 1220 2503 hoc
1259 2463 1352 2504 fieri
1381 2461 1528 2502 vetuit.
1586 2473 1723 2514 porro

257 2513 369 2553 clero
390 2520 432 2555 et
459 2513 668 2554 monachis
689 2515 1154 2571 Constantinopolitanis
1172 2533 1252 2574 pro
1269 2516 1595 2561 Chalcedonensi
1624 2532 1724 2572 syn-

258 2570 342 2610 odo
384 2570 776 2626 propugnantibus,
822 2572 968 2613 timens
999 2575 1167 2616 Aeacius
1196 2576 1508 2616 multitudinem
1538 2589 1634 2613 eum
1666 2573 1723 2613 eis

258 2627 519 2668 concordare
556 2627 795 2676 simulabat;
836 2630 945 2670 unde
990 2646 1133 2672 eoram
1168 2634 1347 2674 ambone
1389 2638 1539 2673 eontra
1569 2630 1717 2670 Basili..

257 2696 371 2722 scum
402 2690 443 2724 et
470 2686 682 2725 Zenonem
724 2684 988 2726 acclamabat.
1057 2688 1267 2731 Basiliscus
1311 2695 1450 2731 autem
1494 2686 1724 2742 compertis

257 2737 330 2802 his,
356 2746 538 2780 metuens
582 2742 794 2781 fervorem
832 2743 985 2796 plebis,
1017 2758 1039 2783 e
1067 2745 1236 2787 civitate
1269 2747 1392 2796 exiit,
1428 2745 1571 2786 iubens
1601 2758 1723 2783 sena-

256 2801 319 2835 tui
351 2797 550 2837 neminem
583 2798 700 2852 loqui
734 2813 828 2837 cum
857 2800 1021 2839 Acacio.
1078 2803 1269 2843 futurum
1303 2804 1409 2843 enim
1443 2807 1535 2843 erat
1564 2806 1611 2840 ut
1640 2815 1722 2854 po-

256 2852 375 2907 pulus
409 2853 651 2895 incenderet
681 2855 838 2895 urbem.
898 2857 1043 2898 Daniel
1075 2864 1212 2900 autem
1242 2860 1440 2900 mirabilis
1471 2859 1627 2914 stylites
1657 2870 1719 2896 as-
