1728 3184
240 158 335 204 538
726 166 780 220 ΙΝ
820 164 1115 207 THEOPHAN
1122 166 1194 206 EM

349 273 446 327 667,
475 274 541 317 17.
599 275 799 330 Σκλάβων
827 278 874 319 δὲ
904 279 1069 318 πολλῶν
1098 274 1388 331 ἐκφυγόντων]
1419 269 1522 330 ἄχρι
1550 275 1622 319 καὶ
1651 278 1712 326 εἰς

235 329 420 384 α’ριθμὸν
447 328 555 373 dumi
587 329 661 375 καί
687 332 908 383 διακόσιας
946 331 1162 386 χιλιάδας.
1233 347 1407 386 quorum
1435 347 1625 376 numerus
1655 335 1715 375 ad

234 399 325 430 octo
354 398 393 429 ct
417 389 587 430 ducenta
618 391 753 432 millia
773 394 1010 448 pervenisse
1037 391 1204 430 dicitnr.
1238 389 1414 446 Niceph-

349 474 461 514 Ibid.
480 473 544 514 18.
603 471 675 515 ἐπὶ
709 471 784 516 τὸν
812 472 1040 531 ᾫΙρτὰναν]
1076 471 1182 528 πρὸς
1211 470 1284 515 τὸν
1301 472 1505 527 ποταμόν,
1534 470 1581 522 ὃς
1606 471 1708 528 Ἀρ-

234 526 368 577 τάνας
396 531 595 572 καλεῖται.
625 531 750 572 idem.

346 602 457 646 Ibid.
498 603 564 645 20.
625 600 704 652 ἕως
749 603 971 656 δισχιλίων
1000 580 1265 658 χελανδίων]
1316 618 1339 643 e
1378 604 1528 660 quibus
1578 604 1714 644 octin-

235 667 418 756 ἓὲῗὲιιιὲν
446 659 723 718 hippagogae.
768 660 1044 715 NicephoruS.
1089 660 1213 700 Barb.
1249 659 1380 701 codex
1420 661 1521 716 legit
1561 658 1604 700 ω’
1634 674 1714 713 χε-

346 787 442 838 668,
476 787 516 829 6.
571 790 647 843 τῆς
677 787 713 830 α’
745 788 1016 843 ι’νὸικτιῶνος]
1057 789 1244 829 concinit
1271 788 1547 845 Nicephorus.
1573 789 1709 831 ταῦτα

233 843 539 896 κατεπράττετο
565 845 675 886 κατὰ
703 843 781 900 τὴν
802 844 973 899 πρώτην
1004 845 1259 887 ἰνδικτιῶνα.

343 919 451 961 Ibid.
479 916 521 958 9.
581 912 663 958 ἇπὸ
697 913 813 971 ὧρας
839 915 891 973 ε’]
919 919 972 959 ab
1005 924 1151 959 exorto
1183 918 1291 960 solo.

343 989 440 1043 669,
454 990 495 1031 4.
554 988 776 1046 Παγανόν]
808 991 1085 1047 Nicephorus,
1115 990 1318 1033 Βαϊανόν.

343 1075 502 1117 1b1·d.5.
516 1073 777 1133 ‘Buprasium
813 1077 938 1118 Barb.
973 1076 1231 1129 Βασριιθιόν.
1266 1077 1339 1133 qui
1356 1078 1497 1119 forsan
1519 1074 1713 1133 pag.363

234 1128 464 1186 Βάσρασος
495 1133 691 1187 qurasos
723 1134 835 1188 apud
867 1134 1138 1175 Anastasium.

345 1216 454 1257 Ibid.
489 1215 552 1260 11.
614 1212 838 1270 Θεόδωρος
868 1212 889 1257 ὃ
931 1215 1194 1272 πατριάρχης
1222 1215 1498 1271 Ἀντιοχείας]
1525 1218 1710 1274 patriar-

233 1271 355 1313 cham
387 1273 556 1314 nomine
572 1273 846 1315 Theodorum
874 1280 970 1315 ante
1001 1291 1130 1316 annos
1158 1290 1224 1315 sex
1257 1275 1298 1315 in
1331 1275 1496 1316 exilium
1530 1276 1709 1317 eiectum

232 1329 415 1384 legimus.
473 1345 526 1371 an
557 1331 613 1370 ita
643 1331 729 1372 sedi
773 1331 1010 1384 restitutus,
1050 1338 1097 1372 ut
1126 1331 1209 1372 hoc
1238 1346 1349 1372 anno
1382 1333 1574 1374 Cosmum
1605 1348 1708 1374 ana-

233 1386 415 1428 themate
445 1395 668 1442 percutere
698 1389 919 1443 potuerit?

345 1458 444 1512 670,
473 1459 511 1501 6.
571 1460 790 1512 Μαδείας]
823 1462 877 1502 ita
908 1461 1182 1516 Nicephorus.
1227 1462 1473 1517 Anastasius,
1503 1462 1711 1505 Mediam.

232 1517 450 1568 misceliae‚
486 1517 664 1572 Moesia,
693 1520 756 1559 vel
790 1519 935 1573 Mysia
964 1519 1117 1573 placet.

342 1602 451 1643 Ibid.
485 1602 548 1646 12.
619 1603 696 1657 τῆς
731 1601 768 1644 δ”
800 1603 1072 1659 ἰνδικτιῶνος]
1105 1603 1178 1654 τῆς
1206 1600 1242 1655 β’
1273 1602 1533 1650 ἰνδικτιαῖνος
1565 1603 1706 1658 legen..

238 1657 361 1699 dum:
394 1660 459 1700 vel
491 1659 592 1700 haec
622 1660 662 1700 in
697 1676 850 1700 annum
880 1661 1053 1702 tertium
1085 1659 1327 1703 differenda.
1357 1675 1417 1700 ms
1449 1660 1608 1714 quippe
1636 1675 1708 1700 co-

236 1714 346 1755 dices
367 1716 452 1756 Pan.
474 1723 516 1756 et
532 1717 703 1772 Peyrez.
733 1723 966 1758 consonant
993 1733 1088 1757 cum
1118 1718 1261 1771 Regio.
1292 1717 1571 1757 Barberinum
1602 1731 1704 1757 cor..

232 1779 349 1812 recte
378 1780 419 1813 et
447 1772 628 1814 dilucide
655 1774 729 1828 τῆς
756 1774 960 1828 δευτέρας
981 1774 1160 1825 exhibet,
1191 1774 1257 1814 cui
1278 1774 1510 1814 Anastasius
1540 1781 1581 1814 et
1610 1773 1708 1815 mis..

232 1828 334 1868 cella
366 1830 649 1871 consentiunt.

342 1911 446 1965 671,
479 1914 520 1955 5.
591 1910 757 1965 ἔζωσαν
796 1912 874 1969 τὴν
917 1911 1052 1965 πόλιν]
1094 1913 1171 1966 τὴν
1199 1911 1427 1968 α’κρόπολιν
1458 1930 1551 1955 cum
1583 1916 1707 1957 Nice-

229 1970 372 2026 phoro
417 1971 630 2011 lubentior
669 1971 774 2027 lego.
831 1973 1035 2026 Mangana
1075 1973 1232 2027 quippe
1268 1971 1555 2012 machinarum
1602 1988 1708 2013 con..

232 2026 466 2068 dendarum
496 2028 632 2081 locus,
673 2035 714 2068 et
751 2029 1120 2069 armamentarium
1161 2030 1211 2070 ab
1244 2031 1431 2082 acropoii
1477 2045 1559 2069 non
1587 2030 1709 2083 longe

231 2083 422 2125 distabat.
453 2084 560 2140 orig.
582 2085 660 2126 CP.
690 2083 742 2124 de
771 2091 1041 2138 portentosae
1072 2085 1193 2125 huius
1224 2085 1369 2140 glaciei
1403 2094 1607 2140 tempore.
1639 2088 1709 2126 Ni-

231 2141 441 2196 cephorus
474 2147 569 2195 post
606 2141 866 2181 Constantini
906 2142 946 2181 in
979 2143 1177 2196 Bulgaros
1211 2142 1491 2196 irruptionem
1525 2144 1705 2197 primam

231 2212 340 2238 anno
374 2197 555 2238 eiusdem
585 2197 735 2253 quinto
778 2212 905 2252 supra
939 2199 1146 2239 decimum
1171 2214 1261 2239 eam
1290 2200 1484 2240 accidisse
1515 2215 1706 2253 narrans,

230 2272 253 2296 a
280 2254 545 2310 Theophanis
575 2254 734 2295 calculo
763 2255 886 2310 longe
916 2270 957 2297 se
986 2256 1186 2296 dissidere
1215 2262 1409 2297 testatur.

342 2334 449 2374 Ibid.
481 2333 545 2375 11.
595 2331 765 2387 ἀστέρες
798 2334 844 2375 ἐκ
872 2337 948 2375 τοῦ
980 2333 1171 2386 οὐρανοῦ
1197 2335 1429 2388 πίπτοντες]
1461 2341 1555 2375 ante
1588 2337 1699 2375 Ana-

230 2391 338 2432 stasii
366 2390 631 2446 patriarchae
659 2396 840 2431 mortem
866 2407 975 2432 anno
992 2392 1255 2447 Copronymi
1288 2391 1337 2432 13
1366 2392 1544 2432 relatum
1573 2392 1704 2432 simile

234 2453 491 2502 portentum,
519 2454 682 2489 tantum
713 2447 823 2488 idem
860 2463 944 2489 non
984 2449 1202 2504 intelligat,
1231 2447 1425 2490 accidisse
1455 2454 1602 2489 narrat
1631 2449 1705 2488 Ni-

230 2504 438 2559 cephorus
468 2520 559 2561 pag.
591 2501 660 2545 43.

341 2580 436 2634 672,
466 2581 507 2624 9.
571 2582 740 2635 μέλλειν
775 2583 819 2623 ἐν
849 2585 936 2630 τοῖς
965 2581 1095 2638 ῥισίν]
1143 2584 1228 2623 Pal.
1262 2599 1346 2639 qua
1379 2591 1471 2625 arte
1502 2583 1544 2624 id
1573 2584 1703 2625 ruerit

229 2645 481 2680 attentatum
509 2641 701 2695 exponit,
730 2645 771 2680 et
800 2655 881 2679 una
912 2648 1106 2681 correcte
1136 2640 1234 2696 legit
1263 2640 1362 2691 μέλι
1391 2639 1436 2681 ἐν
1462 2643 1549 2689 τοῖς
1571 2638 1702 2696 ῥισίν.

340 2710 437 2764 673,
469 2713 507 2757 7.
567 2710 726 2768 Κύρις]
759 2710 882 2766 Κῦρ,
916 2712 1088 2767 Κῦρος,
1119 2719 1161 2754 et
1193 2709 1359 2769 Κύρις,
1402 2713 1493 2755 vice
1522 2710 1700 2768 Κύριος.

235 2767 301 2810 adi
330 2770 561 2812 Meursium
592 2770 645 2812 de
681 2769 922 2811 huiusmodi
951 2771 1229 2811 consulturus.
