1794 3250
97 199 525 213 --‚—-—-—=.--.—z--7-.-.--->
535 197 853 208 --οι----.-οῂ----ω-ψν--κ
859 198 1004 206 νφ-ῌἎ,Α
1015 199 1037 204 -

572 750 688 794 AD
790 749 836 794 S.
903 752 952 794 P.
1020 749 1075 794 N.

176 895 1465 960 THEOPHANIS

327 1052 1316 1102 CHRONOGRAPHIAM

507 1187 569 1247 N
649 1184 708 1247 Ο
787 1187 842 1247 Τ
919 1188 978 1248 A
1056 1187 1135 1260 E,

119 1372 123 1376 ,
179 1335 582 1378 AUCTORE
641 1335 687 1377 R.
746 1335 786 1376 P.
846 1333 1177 1377 IACOBO
1236 1335 1486 1387 GOAfl,

237 1460 348 1502 ord.
385 1461 736 1502 praedicatorum
768 1461 1117 1517 Congregationis
1146 1462 1417 1502 Reformatae

475 1557 516 1598 S.
545 1555 749 1597 Ludovici
778 1557 950 1599 Vicario
977 1557 1184 1599 Generali.

1448 1772 1466 1791 δ

207 1798 259 1840 Ρ.
294 1796 337 1838 3.
365 1799 392 1837 l.
418 1797 452 1837 1.
514 1797 600 1836 Τοῦ
632 1796 676 1838 ἐν
708 1791 844 1850 ἇγιόις
871 1794 1029 1851 πατρὸς
1058 1794 1194 1852 ἡμῶν]
1224 1796 1435 1838 Beatitatis
1465 1810 1565 1851 pos-

96 1869 225 1896 sessae
255 1854 436 1905 titulum,
466 1854 681 1909 sanctique
711 1868 862 1894 nomeu
893 1854 1035 1908 operis
1061 1853 1232 1894 huiusce
1260 1853 1403 1893 titulus
1434 1868 1456 1892 a
1487 1868 1566 1903 me,

97 1914 258 1962 fateor,
296 1912 428 1951 verbo
468 1911 557 1950 solo
604 1911 843 1951 immutatus
888 1909 1054 1950 auctori
1092 1909 1340 1965 Theophani
1385 1909 1567 1952 ascribit.

97 1968 170 2010 sed
201 1981 277 2008 nec
297 1967 539 2008 mutationis
563 1967 759 2007 inductae
787 1967 1004 2021 poenitet:
1034 1981 1159 2022 quem
1181 1967 1333 2007 etenim
1362 1967 1569 2006 virtutum

99 2024 355 2064 facinoribus
391 2024 637 2078 praeclaris,
668 2023 908 2078 difficilique
951 2030 993 2064 et
1022 2022 1168 2077 insigni
1199 2023 1296 2064 fidei
1329 2022 1569 2063 testimonio

100 2081 391 2134 perfunctum,
423 2086 466 2120 et
504 2079 666 2121 sanctos
712 2080 822 2120 inter
850 2079 1057 2120 adlectum
1090 2079 1294 2133 Caelitum
1324 2078 1571 2129 honoribus,

100 2150 211 2178 anno
259 2149 430 2191 quoque
474 2135 699 2188 redeunte,
736 2137 963 2177 orientalis
1006 2136 1178 2177 ecclesia
1216 2135 1420 2183 celebrat3
1460 2134 1572 2174 hune

102 2207 199 2248 eg0‚
230 2193 390 2232 iuratus
419 2194 682 2246 quantumvis
713 2207 790 2232 mss
819 2194 903 2233 eius
925 2194 1222 2247 exemplarium
1251 2198 1408 2246 septem
1437 2195 1573 2231 secta-

101 2256 174 2289 tor
202 2249 369 2288 futurus
387 2279 398 2299 ,
430 2254 472 2288 et
502 2255 702 2304 exceptor
748 2249 876 2290 fidelis
905 2250 1068 2290 abiecta
1099 2243 1343 2303 Θεοφάνους
1374 2245 1572 2299 ἁμαρτω-

101 2304 192 2358 λοῦ,
223 2309 356 2358 prout
385 2305 453 2344 illa
486 2305 600 2345 nullo
631 2320 726 2345 cum
754 2306 991 2346 discrimine
1019 2306 1259 2361 proferunt,
1292 2302 1574 2358 appellatione

104 2359 411 2416 indigitandum
443 2361 546 2401 mihi
577 2375 840 2417 nequaquam
868 2363 989 2416 potui
1026 2361 1293 2417 persuadere.
1353 2357 1468 2414 quod
1495 2356 1574 2397 sibi

104 2423 251 2457 mutuo
292 2417 486 2457 monachi
524 2417 784 2469 orientales,
831 2418 1079 2473 Theophani
1118 2415 1324 2457 monacho
1366 2412 1573 2468 praestiti.

105 2474 164 2514 illi
195 2471 477 2524 ἁμαρτωλοὺς
506 2475 718 2526 privatim,
748 2489 796 2515 ac
833 2475 981 2529 passim
1010 2490 1051 2514 se
1079 2474 1236 2529 quique
1263 2471 1452 2526 professi,
1482 2466 1576 2521 ἄνι’-

106 2543 181 2577 ους
209 2530 387 2570 invicem
429 2544 470 2569 se
499 2530 706 2569 salutant:
749 2530 806 2570 ita
839 2536 900 2571 est
942 2538 984 2571 et
1025 2531 1148 2577 mihi;
1194 2542 1299 2583 quae
1326 2524 1576 2580 Θεοφάνους

108 2600 213 2640 opus
245 2585 327 2625 hoc
359 2593 564 2625 testantur
594 2586 859 2640 exemplaria,
888 2584 1150 2639 ἅμαρτωλοῦ
1178 2583 1340 2637 pariter
1370 2586 1574 2622 asserunt.

107 2641 212 2697 quid
240 2642 356 2682 tum?
397 2656 520 2696 quern
550 2642 719 2682 ecclesia
750 2649 939 2683 sanctum
972 2644 1099 2693 colit,
1129 2641 1243 2680 cuius
1271 2637 1393 2679 coelo
1422 2643 1465 2679 et
1494 2637 1575 2676 im-

109 2698 366 2739 mortalitate
394 2698 536 2752 dignas
558 2698 741 2738 actiones
773 2699 878 2754 lego,
907 2699 1045 2749 laudo,
1076 2697 1215 2737 refero
1243 2695 1295 2735 ad
1325 2695 1411 2735 eius
1437 2693 1577 2748 operis

50 2760 60 2766 ”
109 2753 247 2803 limen,
280 2754 456 2795 eundem
486 2768 562 2808 ego
608 2768 705 2808 erga
745 2754 970 2795 litterulam
999 2753 1211 2808 religiosus
1230 2781 1241 2801 ‚
1272 2765 1370 2806 erga
1400 2750 1577 2790 Coclites

111 2809 357 2861 iniuriosus,
390 2812 499 2852 inter
521 2809 719 2851 ecclesiae
758 2818 899 2865 patres
927 2805 1051 2863 ἅγιον
1087 2809 1120 2850 si
1149 2807 1318 2848 minime
1351 2805 1579 2848 recensuis-
