<?xml version="1.0" encoding="UTF-8"?>
<!DOCTYPE html PUBLIC "-//W3C//DTD XHTML 1.0 Transitional//EN"
    "http://www.w3.org/TR/xhtml1/DTD/xhtml1-transitional.dtd">
<html xmlns="http://www.w3.org/1999/xhtml" xml:lang="en" lang="en">
 <head>
  <title>
</title>
<meta http-equiv="Content-Type" content="text/html;charset=utf-8" />
  <meta name='ocr-system' content='tesseract 3.04.00' />
  <meta name='ocr-capabilities' content='ocr_page ocr_carea ocr_par ocr_line ocrx_word'/>
</head>
<body>
  <div class='ocr_page' id='page_1' title='image "./corpusscriptorum47niebuoft_0517.png"; bbox 0 0 1728 3184; ppageno 0'>
   <div class='ocr_carea' id='block_1_1' title="bbox 672 179 1492 225">
    <p class='ocr_par' dir='ltr' id='par_1_1' title="bbox 672 179 1492 225">
     <span class='ocr_line' id='line_1_1' title="bbox 672 179 1492 225; baseline -0.001 -2"><span class='ocrx_word' id='word_1_1' title='bbox 672 181 872 224; x_wconf 69' lang='lat' dir='ltr'><strong>NOTAE.</strong></span> <span class='ocrx_word' id='word_1_2' title='bbox 1398 179 1492 225; x_wconf 84' lang='lat'>507</span> 
     </span>
    </p>
   </div>
   <div class='ocr_carea' id='block_1_2' title="bbox 26 293 1500 701">
    <p class='ocr_par' dir='ltr' id='par_1_2' title="bbox 35 293 1498 406">
     <span class='ocr_line' id='line_1_2' title="bbox 143 293 1498 351; baseline 0.001 -16"><span class='ocrx_word' id='word_1_3' title='bbox 143 293 240 346; x_wconf 81' lang='lat'>557,</span> <span class='ocrx_word' id='word_1_4' title='bbox 267 294 312 336; x_wconf 86' lang='lat'>5.</span> <span class='ocrx_word' id='word_1_5' title='bbox 369 296 582 351; x_wconf 76' lang='grc' dir='ltr'>παρέλυσε</span> <span class='ocrx_word' id='word_1_6' title='bbox 620 294 669 337; x_wconf 80' lang='grc' dir='ltr'>δὲ</span> <span class='ocrx_word' id='word_1_7' title='bbox 702 293 783 349; x_wconf 75' lang='grc' dir='ltr'>τὴν</span> <span class='ocrx_word' id='word_1_8' title='bbox 811 294 920 348; x_wconf 81' lang='grc' dir='ltr'><strong><em>μετὰ</em></strong></span> <span class='ocrx_word' id='word_1_9' title='bbox 952 296 1038 337; x_wconf 72' lang='grc' dir='ltr'>τῶν</span> <span class='ocrx_word' id='word_1_10' title='bbox 1065 295 1342 351; x_wconf 71' lang='grc' dir='ltr'><strong><em>Βουλγᾰρων]</em></strong></span> <span class='ocrx_word' id='word_1_11' title='bbox 1371 296 1498 337; x_wconf 82' lang='lat' dir='ltr'>fusius</span> 
     </span>
     <span class='ocr_line' id='line_1_3' title="bbox 35 350 410 406; baseline 0.003 -14"><span class='ocrx_word' id='word_1_12' title='bbox 35 352 110 392; x_wconf 82' lang='lat' dir='ltr'>ista</span> <span class='ocrx_word' id='word_1_13' title='bbox 137 350 410 406; x_wconf 67' lang='lat' dir='ltr'>Nicephorum.</span> 
     </span>
    </p>

    <p class='ocr_par' dir='ltr' id='par_1_3' title="bbox 26 419 1500 701">
     <span class='ocr_line' id='line_1_4' title="bbox 137 419 1495 480; baseline -0.001 -16"><span class='ocrx_word' id='word_1_14' title='bbox 137 422 255 468; x_wconf 78' lang='lat' dir='ltr'>Ibid.</span> <span class='ocrx_word' id='word_1_15' title='bbox 281 421 323 464; x_wconf 84' lang='lat'>6.</span> <span class='ocrx_word' id='word_1_16' title='bbox 378 422 456 464; x_wconf 79' lang='grc' dir='ltr'>τοῦ</span> <span class='ocrx_word' id='word_1_17' title='bbox 492 422 649 465; x_wconf 74' lang='grc' dir='ltr'><strong><em>οἰκείου</em></strong></span> <span class='ocrx_word' id='word_1_18' title='bbox 676 420 839 478; x_wconf 82' lang='grc' dir='ltr'><em>πατρός</em></span> <span class='ocrx_word' id='word_1_19' title='bbox 865 423 1103 476; x_wconf 66' lang='grc' dir='ltr'><strong><em>ἑνορδήιους</em></strong></span> <span class='ocrx_word' id='word_1_20' title='bbox 1128 422 1302 480; x_wconf 75' lang='grc' dir='ltr'><strong><em>τύπους]</em></strong></span> <span class='ocrx_word' id='word_1_21' title='bbox 1331 421 1382 464; x_wconf 76' lang='grc' dir='ltr'>τὰ</span> <span class='ocrx_word' id='word_1_22' title='bbox 1410 419 1495 464; x_wconf 70' lang='grc' dir='ltr'>’ὑπὸ</span> 
     </span>
     <span class='ocr_line' id='line_1_5' title="bbox 32 474 1499 534; baseline 0 -15"><span class='ocrx_word' id='word_1_23' title='bbox 32 477 111 519; x_wconf 72' lang='grc' dir='ltr'>τοῦ</span> <span class='ocrx_word' id='word_1_24' title='bbox 136 474 298 532; x_wconf 74' lang='grc' dir='ltr'><strong><em>πατρὸς</em></strong></span> <span class='ocrx_word' id='word_1_25' title='bbox 325 477 400 534; x_wconf 78' lang='grc' dir='ltr'>τῆς</span> <span class='ocrx_word' id='word_1_26' title='bbox 429 476 597 534; x_wconf 72' lang='grc' dir='ltr'>εἰρήνης</span> <span class='ocrx_word' id='word_1_27' title='bbox 625 477 778 532; x_wconf 78' lang='grc' dir='ltr'><strong><em>ἕνεκεν,</em></strong></span> <span class='ocrx_word' id='word_1_28' title='bbox 808 477 883 521; x_wconf 78' lang='grc' dir='ltr'>καί</span> <span class='ocrx_word' id='word_1_29' title='bbox 910 480 986 533; x_wconf 83' lang='grc' dir='ltr'>τῆς</span> <span class='ocrx_word' id='word_1_30' title='bbox 1024 475 1154 534; x_wconf 78' lang='grc' dir='ltr'><strong><em>ἄλλης</em></strong></span> <span class='ocrx_word' id='word_1_31' title='bbox 1180 481 1397 533; x_wconf 75' lang='grc' dir='ltr'><strong><em>πολιτικῆς</em></strong></span> <span class='ocrx_word' id='word_1_32' title='bbox 1424 478 1499 519; x_wconf 71' lang='lat' dir='ltr'>sv’-</span> 
     </span>
     <span class='ocr_line' id='line_1_6' title="bbox 29 533 1497 593; baseline 0.001 -20"><span class='ocrx_word' id='word_1_33' title='bbox 29 533 179 584; x_wconf 79' lang='grc' dir='ltr'><em>ταξίας</em></span> <span class='ocrx_word' id='word_1_34' title='bbox 206 535 501 587; x_wconf 69' lang='grc' dir='ltr'><strong><em>βραβευθέντα</em></strong></span> <span class='ocrx_word' id='word_1_35' title='bbox 543 536 781 591; x_wconf 80' lang='grc' dir='ltr'><strong><em>διέστρεφε.</em></strong></span> <span class='ocrx_word' id='word_1_36' title='bbox 857 550 964 593; x_wconf 81' lang='lat' dir='ltr'>quae</span> <span class='ocrx_word' id='word_1_37' title='bbox 993 551 1020 576; x_wconf 86' lang='lat' dir='ltr'><em>a</em></span> <span class='ocrx_word' id='word_1_38' title='bbox 1052 545 1180 591; x_wconf 79' lang='lat' dir='ltr'>patre</span> <span class='ocrx_word' id='word_1_39' title='bbox 1208 551 1280 577; x_wconf 82' lang='lat' dir='ltr'>suo</span> <span class='ocrx_word' id='word_1_40' title='bbox 1305 537 1357 576; x_wconf 86' lang='lat' dir='ltr'>de</span> <span class='ocrx_word' id='word_1_41' title='bbox 1377 550 1497 591; x_wconf 84' lang='lat' dir='ltr'>pace,</span> 
     </span>
     <span class='ocr_line' id='line_1_7' title="bbox 26 591 1500 686; baseline 0 -54"><span class='ocrx_word' id='word_1_42' title='bbox 26 603 78 655; x_wconf 66' lang='lat' dir='ltr'>af:</span> <span class='ocrx_word' id='word_1_43' title='bbox 107 591 271 686; x_wconf 45' lang='lat' dir='ltr'>rizlf&#39;quaezl</span> <span class='ocrx_word' id='word_1_44' title='bbox 292 592 396 644; x_wconf 75' lang='lat' dir='ltr'>reip.</span> <span class='ocrx_word' id='word_1_45' title='bbox 426 592 685 633; x_wconf 74' lang='lat' dir='ltr'>ordinacione</span> <span class='ocrx_word' id='word_1_46' title='bbox 710 594 924 634; x_wconf 79' lang='lat' dir='ltr'>constituta</span> <span class='ocrx_word' id='word_1_47' title='bbox 941 591 1115 649; x_wconf 80' lang='lat' dir='ltr'>fuerant</span> <span class='ocrx_word' id='word_1_48' title='bbox 1127 622 1140 644; x_wconf 90' lang='lat'>‚</span> <span class='ocrx_word' id='word_1_49' title='bbox 1169 594 1306 634; x_wconf 86' lang='lat' dir='ltr'>omnia</span> <span class='ocrx_word' id='word_1_50' title='bbox 1326 606 1500 648; x_wconf 80' lang='lat' dir='ltr'>perver-</span> 
     </span>
     <span class='ocr_line' id='line_1_8' title="bbox 27 654 406 701; baseline 0.005 -15"><span class='ocrx_word' id='word_1_51' title='bbox 27 654 95 687; x_wconf 78' lang='lat' dir='ltr'>tu.</span> <span class='ocrx_word' id='word_1_52' title='bbox 166 661 257 701; x_wconf 76' lang='lat' dir='ltr'>icep</span> <span class='ocrx_word' id='word_1_53' title='bbox 271 661 406 688; x_wconf 64' lang='lat' dir='ltr'>torus.</span> 
     </span>
    </p>
   </div>
   <div class='ocr_carea' id='block_1_3' title="bbox 27 717 1497 832">
    <p class='ocr_par' dir='ltr' id='par_1_4' title="bbox 27 717 1497 832">
     <span class='ocr_line' id='line_1_9' title="bbox 141 717 1497 776; baseline 0.001 -16"><span class='ocrx_word' id='word_1_54' title='bbox 141 719 254 760; x_wconf 80' lang='lat' dir='ltr'>Ibid.</span> <span class='ocrx_word' id='word_1_55' title='bbox 287 719 355 760; x_wconf 74' lang='lat'>20.</span> <span class='ocrx_word' id='word_1_56' title='bbox 411 718 517 761; x_wconf 67' lang='lat' dir='ltr'>nard</span> <span class='ocrx_word' id='word_1_57' title='bbox 559 717 820 775; x_wconf 75' lang='grc' dir='ltr'>Μουσάρου]</span> <span class='ocrx_word' id='word_1_58' title='bbox 864 721 1058 762; x_wconf 78' lang='lat' dir='ltr'><strong>arbitror</strong></span> <span class='ocrx_word' id='word_1_59' title='bbox 1086 735 1183 762; x_wconf 86' lang='lat' dir='ltr'>eum</span> <span class='ocrx_word' id='word_1_60' title='bbox 1206 719 1276 776; x_wconf 81' lang='lat' dir='ltr'>qui</span> <span class='ocrx_word' id='word_1_61' title='bbox 1307 720 1497 775; x_wconf 82' lang='lat' dir='ltr'>superius</span> 
     </span>
     <span class='ocr_line' id='line_1_10' title="bbox 27 774 752 832; baseline 0.006 -17"><span class='ocrx_word' id='word_1_62' title='bbox 27 789 125 831; x_wconf 75' lang='lat' dir='ltr'>pag.</span> <span class='ocrx_word' id='word_1_63' title='bbox 150 775 235 816; x_wconf 84' lang='grc'>300</span> <span class='ocrx_word' id='word_1_64' title='bbox 263 774 441 816; x_wconf 82' lang='lat' dir='ltr'>Muchar</span> <span class='ocrx_word' id='word_1_65' title='bbox 468 777 648 832; x_wconf 86' lang='lat' dir='ltr'>scriptus</span> <span class='ocrx_word' id='word_1_66' title='bbox 677 785 752 820; x_wconf 84' lang='lat' dir='ltr'>est.</span> 
     </span>
    </p>
   </div>
   <div class='ocr_carea' id='block_1_4' title="bbox 26 842 1498 1074">
    <p class='ocr_par' dir='ltr' id='par_1_5' title="bbox 26 842 1498 1074">
     <span class='ocr_line' id='line_1_11' title="bbox 139 842 1497 906; baseline 0.001 -18"><span class='ocrx_word' id='word_1_67' title='bbox 139 846 238 900; x_wconf 87' lang='grc'>558,</span> <span class='ocrx_word' id='word_1_68' title='bbox 268 846 334 888; x_wconf 79' lang='grc'>16.</span> <span class='ocrx_word' id='word_1_69' title='bbox 391 842 556 902; x_wconf 76' lang='grc' dir='ltr'><strong><em>α’λόγως</em></strong></span> <span class='ocrx_word' id='word_1_70' title='bbox 570 850 835 904; x_wconf 77' lang='grc' dir='ltr'><strong><em>μετοικῆσαι]</em></strong></span> <span class='ocrx_word' id='word_1_71' title='bbox 865 851 1007 906; x_wconf 77' lang='lat' dir='ltr'>Cypro</span> <span class='ocrx_word' id='word_1_72' title='bbox 1038 850 1237 890; x_wconf 89' lang='lat' dir='ltr'>nimirum</span> <span class='ocrx_word' id='word_1_73' title='bbox 1266 849 1497 890; x_wconf 87' lang='lat' dir='ltr'>communis</span> 
     </span>
     <span class='ocr_line' id='line_1_12' title="bbox 27 903 1496 962; baseline 0.002 -20"><span class='ocrx_word' id='word_1_74' title='bbox 27 903 128 943; x_wconf 87' lang='lat' dir='ltr'>iuris</span> <span class='ocrx_word' id='word_1_75' title='bbox 157 904 377 955; x_wconf 86' lang='lat' dir='ltr'>existente,</span> <span class='ocrx_word' id='word_1_76' title='bbox 419 913 463 946; x_wconf 91' lang='lat' dir='ltr'>et</span> <span class='ocrx_word' id='word_1_77' title='bbox 508 907 679 962; x_wconf 89' lang='lat' dir='ltr'>utrique</span> <span class='ocrx_word' id='word_1_78' title='bbox 717 906 899 962; x_wconf 76' lang='lat' dir='ltr'>principi</span> <span class='ocrx_word' id='word_1_79' title='bbox 941 921 1126 947; x_wconf 84' lang='lat' dir='ltr'>annuum</span> <span class='ocrx_word' id='word_1_80' title='bbox 1155 906 1363 946; x_wconf 83' lang='lat' dir='ltr'>tributum</span> <span class='ocrx_word' id='word_1_81' title='bbox 1391 921 1496 960; x_wconf 82' lang='lat' dir='ltr'>pen-</span> 
     </span>
     <span class='ocr_line' id='line_1_13' title="bbox 26 958 1498 1019; baseline 0.002 -19"><span class='ocrx_word' id='word_1_82' title='bbox 26 958 165 1013; x_wconf 88' lang='lat' dir='ltr'>dente,</span> <span class='ocrx_word' id='word_1_83' title='bbox 193 975 241 1002; x_wconf 86' lang='lat' dir='ltr'>ex</span> <span class='ocrx_word' id='word_1_84' title='bbox 266 962 456 1016; x_wconf 87' lang='lat' dir='ltr'>superius</span> <span class='ocrx_word' id='word_1_85' title='bbox 489 962 618 1002; x_wconf 87' lang='lat' dir='ltr'>dictis.</span> <span class='ocrx_word' id='word_1_86' title='bbox 650 963 704 1003; x_wconf 92' lang='lat' dir='ltr'>de</span> <span class='ocrx_word' id='word_1_87' title='bbox 736 964 992 1018; x_wconf 81' lang='lat' dir='ltr'>Cypriorum</span> <span class='ocrx_word' id='word_1_88' title='bbox 1019 963 1271 1019; x_wconf 82' lang='lat' dir='ltr'>migratione</span> <span class='ocrx_word' id='word_1_89' title='bbox 1290 963 1498 1003; x_wconf 82' lang='lat' dir='ltr'>Constan-</span> 
     </span>
     <span class='ocr_line' id='line_1_14' title="bbox 26 1015 893 1074; baseline 0.006 -18"><span class='ocrx_word' id='word_1_90' title='bbox 26 1016 138 1058; x_wconf 82' lang='lat' dir='ltr'>tinus</span> <span class='ocrx_word' id='word_1_91' title='bbox 168 1015 221 1059; x_wconf 86' lang='lat' dir='ltr'>de</span> <span class='ocrx_word' id='word_1_92' title='bbox 254 1017 363 1058; x_wconf 84' lang='lat' dir='ltr'>adm.</span> <span class='ocrx_word' id='word_1_93' title='bbox 392 1018 492 1073; x_wconf 89' lang='lat' dir='ltr'>imp.</span> <span class='ocrx_word' id='word_1_94' title='bbox 519 1033 641 1074; x_wconf 85' lang='lat' dir='ltr'><strong>capp.</strong></span> <span class='ocrx_word' id='word_1_95' title='bbox 664 1015 718 1059; x_wconf 82' lang='grc'>47</span> <span class='ocrx_word' id='word_1_96' title='bbox 751 1025 794 1060; x_wconf 87' lang='lat' dir='ltr'>et</span> <span class='ocrx_word' id='word_1_97' title='bbox 821 1015 893 1061; x_wconf 83' lang='lat'>48.</span> 
     </span>
    </p>
   </div>
   <div class='ocr_carea' id='block_1_5' title="bbox 23 1089 1498 1301">
    <p class='ocr_par' dir='ltr' id='par_1_6' title="bbox 23 1089 1498 1301">
     <span class='ocr_line' id='line_1_15' title="bbox 134 1089 1498 1148; baseline 0 -16"><span class='ocrx_word' id='word_1_98' title='bbox 134 1089 230 1148; x_wconf 74' lang='lat'>559,</span> <span class='ocrx_word' id='word_1_99' title='bbox 263 1091 327 1132; x_wconf 84' lang='lat' dir='ltr'>ll.</span> <span class='ocrx_word' id='word_1_100' title='bbox 401 1091 480 1132; x_wconf 77' lang='grc' dir='ltr'>τοῦ</span> <span class='ocrx_word' id='word_1_101' title='bbox 524 1092 704 1146; x_wconf 54' lang='lat' dir='ltr'>Malui]</span> <span class='ocrx_word' id='word_1_102' title='bbox 746 1093 884 1148; x_wconf 84' lang='lat' dir='ltr'>placet</span> <span class='ocrx_word' id='word_1_103' title='bbox 911 1108 1014 1147; x_wconf 89' lang='lat' dir='ltr'>prae</span> <span class='ocrx_word' id='word_1_104' title='bbox 1056 1091 1225 1147; x_wconf 83' lang='lat' dir='ltr'>reliquis</span> <span class='ocrx_word' id='word_1_105' title='bbox 1253 1091 1498 1147; x_wconf 83' lang='lat' dir='ltr'>Peyreziaui</span> 
     </span>
     <span class='ocr_line' id='line_1_16' title="bbox 24 1147 1498 1205; baseline 0.001 -18"><span class='ocrx_word' id='word_1_106' title='bbox 24 1161 72 1187; x_wconf 85' lang='lat' dir='ltr'>ex</span> <span class='ocrx_word' id='word_1_107' title='bbox 95 1147 183 1191; x_wconf 73' lang='lat' dir='ltr'>Pal.</span> <span class='ocrx_word' id='word_1_108' title='bbox 214 1148 339 1189; x_wconf 82' lang='lat' dir='ltr'>lectio</span> <span class='ocrx_word' id='word_1_109' title='bbox 369 1148 553 1199; x_wconf 80' lang='grc' dir='ltr'><strong><em>Μαῖκα,</em></strong></span> <span class='ocrx_word' id='word_1_110' title='bbox 583 1164 664 1203; x_wconf 85' lang='lat' dir='ltr'>qua</span> <span class='ocrx_word' id='word_1_111' title='bbox 694 1151 837 1190; x_wconf 84' lang='lat' dir='ltr'>Mecca</span> <span class='ocrx_word' id='word_1_112' title='bbox 871 1148 1152 1205; x_wconf 69' lang='lat' dir='ltr'>Blaliometico</span> <span class='ocrx_word' id='word_1_113' title='bbox 1198 1149 1422 1202; x_wconf 85' lang='lat' dir='ltr'>sepulchro</span> <span class='ocrx_word' id='word_1_114' title='bbox 1445 1148 1498 1188; x_wconf 85' lang='lat' dir='ltr'>il-</span> 
     </span>
     <span class='ocr_line' id='line_1_17' title="bbox 23 1203 1498 1301; baseline 0 -57"><span class='ocrx_word' id='word_1_115' title='bbox 23 1203 180 1301; x_wconf 52' lang='grc' dir='ltr'>Ιοῗὲξῖῗς</span> <span class='ocrx_word' id='word_1_116' title='bbox 192 1203 458 1260; x_wconf 84' lang='lat' dir='ltr'>intelligitur.</span> <span class='ocrx_word' id='word_1_117' title='bbox 515 1206 702 1246; x_wconf 82' lang='lat' dir='ltr'>Arabum</span> <span class='ocrx_word' id='word_1_118' title='bbox 731 1219 924 1247; x_wconf 83' lang='lat' dir='ltr'>sermone</span> <span class='ocrx_word' id='word_1_119' title='bbox 953 1207 1097 1246; x_wconf 86' lang='lat' dir='ltr'>Macca</span> <span class='ocrx_word' id='word_1_120' title='bbox 1127 1203 1296 1246; x_wconf 87' lang='lat' dir='ltr'>dicitur.</span> <span class='ocrx_word' id='word_1_121' title='bbox 1356 1205 1498 1246; x_wconf 81' lang='lat' dir='ltr'>Leun-</span> 
     </span>
    </p>
   </div>
   <div class='ocr_carea' id='block_1_6' title="bbox 21 1327 1496 1487">
    <p class='ocr_par' dir='ltr' id='par_1_7' title="bbox 21 1327 1496 1487">
     <span class='ocr_line' id='line_1_18' title="bbox 133 1327 1496 1388; baseline 0.001 -15"><span class='ocrx_word' id='word_1_122' title='bbox 133 1332 247 1374; x_wconf 82' lang='lat' dir='ltr'>Ibid.</span> <span class='ocrx_word' id='word_1_123' title='bbox 282 1331 345 1373; x_wconf 87' lang='lat'>13.</span> <span class='ocrx_word' id='word_1_124' title='bbox 403 1327 428 1372; x_wconf 80' lang='grc' dir='ltr'>ὅ</span> <span class='ocrx_word' id='word_1_125' title='bbox 455 1333 533 1372; x_wconf 79' lang='grc' dir='ltr'>τοῦ</span> <span class='ocrx_word' id='word_1_126' title='bbox 558 1331 790 1388; x_wconf 60' lang='lat' dir='ltr'>Mummio]</span> <span class='ocrx_word' id='word_1_127' title='bbox 833 1335 944 1375; x_wconf 82' lang='lat' dir='ltr'>vocis</span> <span class='ocrx_word' id='word_1_128' title='bbox 992 1333 1290 1388; x_wconf 82' lang='lat' dir='ltr'>expositionem</span> <span class='ocrx_word' id='word_1_129' title='bbox 1327 1335 1496 1388; x_wconf 80' lang='lat' dir='ltr'>profert</span> 
     </span>
     <span class='ocr_line' id='line_1_19' title="bbox 21 1389 1496 1487; baseline 0.001 -58"><span class='ocrx_word' id='word_1_130' title='bbox 21 1389 291 1487; x_wconf 54' lang='lat' dir='ltr'>ppgitgarrgpse</span> <span class='ocrx_word' id='word_1_131' title='bbox 330 1403 424 1446; x_wconf 84' lang='lat' dir='ltr'>pag.</span> <span class='ocrx_word' id='word_1_132' title='bbox 452 1389 549 1431; x_wconf 85' lang='lat'><strong>350.</strong></span> <span class='ocrx_word' id='word_1_133' title='bbox 608 1390 792 1432; x_wconf 85' lang='lat' dir='ltr'>officium</span> <span class='ocrx_word' id='word_1_134' title='bbox 832 1391 1003 1432; x_wconf 84' lang='lat' dir='ltr'>videtur</span> <span class='ocrx_word' id='word_1_135' title='bbox 1031 1391 1101 1431; x_wconf 89' lang='lat' dir='ltr'>bic</span> <span class='ocrx_word' id='word_1_136' title='bbox 1143 1390 1256 1446; x_wconf 87' lang='lat' dir='ltr'>apud</span> <span class='ocrx_word' id='word_1_137' title='bbox 1284 1391 1496 1432; x_wconf 83' lang='lat' dir='ltr'>Barbaros</span> 
     </span>
    </p>
   </div>
   <div class='ocr_carea' id='block_1_7' title="bbox 21 1525 1493 1641">
    <p class='ocr_par' dir='ltr' id='par_1_8' title="bbox 21 1525 1493 1641">
     <span class='ocr_line' id='line_1_20' title="bbox 130 1525 1493 1585; baseline 0.001 -15"><span class='ocrx_word' id='word_1_138' title='bbox 130 1527 228 1581; x_wconf 82' lang='grc'><strong>560,</strong></span> <span class='ocrx_word' id='word_1_139' title='bbox 262 1525 303 1570; x_wconf 76' lang='grc'>4.</span> <span class='ocrx_word' id='word_1_140' title='bbox 362 1525 627 1582; x_wconf 74' lang='grc' dir='ltr'><strong><em>Περιούσιος</em></strong></span> <span class='ocrx_word' id='word_1_141' title='bbox 665 1527 784 1585; x_wconf 82' lang='grc' dir='ltr'><strong><em>λαός]</em></strong></span> <span class='ocrx_word' id='word_1_142' title='bbox 829 1530 923 1572; x_wconf 83' lang='lat' dir='ltr'>vide</span> <span class='ocrx_word' id='word_1_143' title='bbox 950 1545 1103 1572; x_wconf 86' lang='lat' dir='ltr'>nomen</span> <span class='ocrx_word' id='word_1_144' title='bbox 1133 1530 1242 1571; x_wconf 73' lang='grc' dir='ltr'><strong><em>λαοῦ</em></strong></span> <span class='ocrx_word' id='word_1_145' title='bbox 1270 1530 1396 1571; x_wconf 84' lang='lat' dir='ltr'>etiam</span> <span class='ocrx_word' id='word_1_146' title='bbox 1425 1545 1493 1572; x_wconf 82' lang='lat' dir='ltr'>ex-</span> 
     </span>
     <span class='ocr_line' id='line_1_21' title="bbox 21 1581 759 1641; baseline -0.001 -14"><span class='ocrx_word' id='word_1_147' title='bbox 21 1585 174 1627; x_wconf 82' lang='lat' dir='ltr'>ercitui</span> <span class='ocrx_word' id='word_1_148' title='bbox 199 1581 473 1641; x_wconf 79' lang='lat' dir='ltr'>significando</span> <span class='ocrx_word' id='word_1_149' title='bbox 503 1586 759 1641; x_wconf 85' lang='lat' dir='ltr'>impositum.</span> 
     </span>
    </p>
   </div>
   <div class='ocr_carea' id='block_1_8' title="bbox 21 1658 1494 1758">
    <p class='ocr_par' dir='ltr' id='par_1_9' title="bbox 21 1658 1494 1758">
     <span class='ocr_line' id='line_1_22' title="bbox 125 1658 1494 1718; baseline 0.001 -19"><span class='ocrx_word' id='word_1_150' title='bbox 125 1659 235 1700; x_wconf 81' lang='lat' dir='ltr'>Ibid.</span> <span class='ocrx_word' id='word_1_151' title='bbox 250 1660 290 1702; x_wconf 86' lang='lat'>5.</span> <span class='ocrx_word' id='word_1_152' title='bbox 346 1659 393 1701; x_wconf 73' lang='grc' dir='ltr'>ἒν</span> <span class='ocrx_word' id='word_1_153' title='bbox 413 1658 744 1716; x_wconf 76' lang='grc' dir='ltr'><strong><em>Σεβαστοπόλει]</em></strong></span> <span class='ocrx_word' id='word_1_154' title='bbox 773 1660 1054 1718; x_wconf 84' lang='lat' dir='ltr'>Sebastopolis</span> <span class='ocrx_word' id='word_1_155' title='bbox 1081 1661 1159 1703; x_wconf 86' lang='lat' dir='ltr'>alia</span> <span class='ocrx_word' id='word_1_156' title='bbox 1190 1659 1494 1716; x_wconf 82' lang='lat' dir='ltr'>Cappadociae,</span> 
     </span>
     <span class='ocr_line' id='line_1_23' title="bbox 21 1715 869 1758; baseline 0.002 -2"><span class='ocrx_word' id='word_1_157' title='bbox 21 1715 233 1758; x_wconf 82' lang='lat' dir='ltr'>Colchidis</span> <span class='ocrx_word' id='word_1_158' title='bbox 261 1716 315 1758; x_wconf 84' lang='lat' dir='ltr'>ad</span> <span class='ocrx_word' id='word_1_159' title='bbox 334 1717 519 1758; x_wconf 81' lang='lat' dir='ltr'>Pontum</span> <span class='ocrx_word' id='word_1_160' title='bbox 550 1717 642 1757; x_wconf 80' lang='lat' dir='ltr'>alia.</span> <span class='ocrx_word' id='word_1_161' title='bbox 670 1717 869 1758; x_wconf 84' lang='lat' dir='ltr'>Ortelius.</span> 
     </span>
    </p>
   </div>
   <div class='ocr_carea' id='block_1_9' title="bbox 0 1795 1493 2029">
    <p class='ocr_par' dir='ltr' id='par_1_10' title="bbox 0 1795 1493 2029">
     <span class='ocr_line' id='line_1_24' title="bbox 131 1795 1493 1857; baseline -0.001 -15"><span class='ocrx_word' id='word_1_162' title='bbox 131 1801 243 1844; x_wconf 82' lang='lat' dir='ltr'>lbid.</span> <span class='ocrx_word' id='word_1_163' title='bbox 270 1801 337 1846; x_wconf 78' lang='grc'>14.</span> <span class='ocrx_word' id='word_1_164' title='bbox 395 1795 528 1849; x_wconf 74' lang='grc' dir='ltr'><em>ἅστας</em></span> <span class='ocrx_word' id='word_1_165' title='bbox 556 1799 652 1842; x_wconf 80' lang='grc' dir='ltr'>α’ντί</span> <span class='ocrx_word' id='word_1_166' title='bbox 676 1798 946 1856; x_wconf 63' lang='grc' dir='ltr'><strong><em>φλαμοιῖλου]</em></strong></span> <span class='ocrx_word' id='word_1_167' title='bbox 977 1797 1103 1854; x_wconf 66' lang='grc' dir='ltr'><em>(ἵστα,</em></span> <span class='ocrx_word' id='word_1_168' title='bbox 1125 1798 1389 1857; x_wconf 74' lang='grc' dir='ltr'><strong><em>φλάμουλον,</em></strong></span> <span class='ocrx_word' id='word_1_169' title='bbox 1407 1802 1493 1841; x_wconf 80' lang='lat' dir='ltr'>ori·</span> 
     </span>
     <span class='ocr_line' id='line_1_25' title="bbox 0 1855 1492 1913; baseline 0.001 -18"><span class='ocrx_word' id='word_1_170' title='bbox 0 1855 185 1913; x_wconf 62' lang='grc' dir='ltr'>ιῘᾶιηιὶιιε,</span> <span class='ocrx_word' id='word_1_171' title='bbox 215 1858 462 1900; x_wconf 83' lang='lat' dir='ltr'>recentioris</span> <span class='ocrx_word' id='word_1_172' title='bbox 510 1858 677 1899; x_wconf 81' lang='lat' dir='ltr'>dialecti</span> <span class='ocrx_word' id='word_1_173' title='bbox 708 1858 908 1899; x_wconf 86' lang='lat' dir='ltr'>vocabula</span> <span class='ocrx_word' id='word_1_174' title='bbox 940 1861 1114 1910; x_wconf 75' lang='lat' dir='ltr'>hastam,</span> <span class='ocrx_word' id='word_1_175' title='bbox 1144 1859 1359 1909; x_wconf 76' lang='lat' dir='ltr'>vexillum,</span> <span class='ocrx_word' id='word_1_176' title='bbox 1386 1858 1492 1899; x_wconf 83' lang='lat' dir='ltr'>ban-</span> 
     </span>
     <span class='ocr_line' id='line_1_26' title="bbox 14 1911 1491 1970; baseline -0.001 -15"><span class='ocrx_word' id='word_1_177' title='bbox 14 1913 126 1963; x_wconf 81' lang='lat' dir='ltr'>dum,</span> <span class='ocrx_word' id='word_1_178' title='bbox 162 1914 370 1966; x_wconf 77' lang='lat' dir='ltr'>banniere,</span> <span class='ocrx_word' id='word_1_179' title='bbox 382 1914 508 1955; x_wconf 86' lang='lat' dir='ltr'>Gallis</span> <span class='ocrx_word' id='word_1_180' title='bbox 538 1915 785 1970; x_wconf 84' lang='lat' dir='ltr'>significant.</span> <span class='ocrx_word' id='word_1_181' title='bbox 843 1912 891 1955; x_wconf 83' lang='grc' dir='ltr'>τὸ</span> <span class='ocrx_word' id='word_1_182' title='bbox 923 1911 1182 1968; x_wconf 79' lang='grc' dir='ltr'><strong><em>κουρκουρὸν</em></strong></span> <span class='ocrx_word' id='word_1_183' title='bbox 1209 1914 1380 1956; x_wconf 82' lang='lat' dir='ltr'>inferius</span> <span class='ocrx_word' id='word_1_184' title='bbox 1407 1928 1491 1968; x_wconf 84' lang='lat' dir='ltr'>po-</span> 
     </span>
     <span class='ocr_line' id='line_1_27' title="bbox 15 1970 1492 2029; baseline -0.001 -19"><span class='ocrx_word' id='word_1_185' title='bbox 15 1970 142 2010; x_wconf 85' lang='lat' dir='ltr'>situm</span> <span class='ocrx_word' id='word_1_186' title='bbox 171 1970 388 2026; x_wconf 79' lang='lat' dir='ltr'>Xylander</span> <span class='ocrx_word' id='word_1_187' title='bbox 412 1973 660 2027; x_wconf 73' lang='lat' dir='ltr'>pharetram,</span> <span class='ocrx_word' id='word_1_188' title='bbox 689 1973 869 2014; x_wconf 88' lang='lat' dir='ltr'>miscella</span> <span class='ocrx_word' id='word_1_189' title='bbox 890 1973 1143 2029; x_wconf 82' lang='lat' dir='ltr'>marsupium</span> <span class='ocrx_word' id='word_1_190' title='bbox 1172 1971 1492 2026; x_wconf 80' lang='lat' dir='ltr'>interpretatur.</span> 
     </span>
    </p>
   </div>
   <div class='ocr_carea' id='block_1_10' title="bbox 13 2039 1491 2833">
    <p class='ocr_par' dir='ltr' id='par_1_11' title="bbox 13 2039 1491 2833">
     <span class='ocr_line' id='line_1_28' title="bbox 127 2039 1491 2100; baseline -0.003 -15"><span class='ocrx_word' id='word_1_191' title='bbox 127 2043 241 2085; x_wconf 77' lang='lat' dir='ltr'>Ibid.</span> <span class='ocrx_word' id='word_1_192' title='bbox 275 2044 339 2084; x_wconf 88' lang='lat'>15.</span> <span class='ocrx_word' id='word_1_193' title='bbox 394 2039 696 2096; x_wconf 77' lang='grc' dir='ltr'><strong><em>κρεμάσαντες]</em></strong></span> <span class='ocrx_word' id='word_1_194' title='bbox 740 2048 833 2100; x_wconf 85' lang='lat' dir='ltr'>pari</span> <span class='ocrx_word' id='word_1_195' title='bbox 870 2045 1017 2086; x_wconf 89' lang='lat' dir='ltr'>sceleri</span> <span class='ocrx_word' id='word_1_196' title='bbox 1045 2059 1126 2099; x_wconf 84' lang='lat' dir='ltr'>par</span> <span class='ocrx_word' id='word_1_197' title='bbox 1154 2058 1326 2100; x_wconf 87' lang='lat' dir='ltr'>quoqne</span> <span class='ocrx_word' id='word_1_198' title='bbox 1354 2042 1491 2083; x_wconf 80' lang='lat' dir='ltr'>vindi-</span> 
     </span>
     <span class='ocr_line' id='line_1_29' title="bbox 16 2101 1488 2156; baseline 0 -18"><span class='ocrx_word' id='word_1_199' title='bbox 16 2103 100 2150; x_wconf 83' lang='lat' dir='ltr'>cta,</span> <span class='ocrx_word' id='word_1_200' title='bbox 127 2101 374 2154; x_wconf 83' lang='lat' dir='ltr'>urgentibus</span> <span class='ocrx_word' id='word_1_201' title='bbox 393 2115 484 2140; x_wconf 86' lang='lat' dir='ltr'>eam</span> <span class='ocrx_word' id='word_1_202' title='bbox 514 2101 697 2142; x_wconf 81' lang='lat' dir='ltr'>foederis</span> <span class='ocrx_word' id='word_1_203' title='bbox 719 2102 843 2142; x_wconf 82' lang='lat' dir='ltr'>fracti</span> <span class='ocrx_word' id='word_1_204' title='bbox 872 2102 1163 2156; x_wconf 86' lang='lat' dir='ltr'>sponsionibus</span> <span class='ocrx_word' id='word_1_205' title='bbox 1191 2117 1215 2143; x_wconf 89' lang='lat' dir='ltr'>e</span> <span class='ocrx_word' id='word_1_206' title='bbox 1241 2105 1369 2141; x_wconf 89' lang='lat' dir='ltr'>conto</span> <span class='ocrx_word' id='word_1_207' title='bbox 1400 2114 1488 2139; x_wconf 87' lang='lat' dir='ltr'>sus-</span> 
     </span>
     <span class='ocr_line' id='line_1_30' title="bbox 18 2155 1489 2212; baseline -0.001 -17"><span class='ocrx_word' id='word_1_208' title='bbox 18 2155 156 2208; x_wconf 87' lang='lat' dir='ltr'>pensis</span> <span class='ocrx_word' id='word_1_209' title='bbox 181 2171 204 2196; x_wconf 84' lang='lat' dir='ltr'>a</span> <span class='ocrx_word' id='word_1_210' title='bbox 238 2156 318 2197; x_wconf 88' lang='lat' dir='ltr'>deo</span> <span class='ocrx_word' id='word_1_211' title='bbox 359 2155 529 2197; x_wconf 81' lang='lat' dir='ltr'>inflicta.</span> <span class='ocrx_word' id='word_1_212' title='bbox 599 2161 721 2197; x_wconf 87' lang='lat' dir='ltr'>“cum</span> <span class='ocrx_word' id='word_1_213' title='bbox 757 2160 867 2199; x_wconf 89' lang='lat' dir='ltr'>enim</span> <span class='ocrx_word' id='word_1_214' title='bbox 910 2158 1161 2199; x_wconf 76' lang='lat' dir='ltr'>Theodorus</span> <span class='ocrx_word' id='word_1_215' title='bbox 1194 2155 1400 2212; x_wconf 84' lang='lat' dir='ltr'>angelus‚&#39;’</span> <span class='ocrx_word' id='word_1_216' title='bbox 1442 2160 1489 2194; x_wconf 87' lang='lat' dir='ltr'>ut</span> 
     </span>
     <span class='ocr_line' id='line_1_31' title="bbox 15 2213 1489 2270; baseline -0.001 -19"><span class='ocrx_word' id='word_1_217' title='bbox 15 2213 223 2267; x_wconf 76' lang='lat' dir='ltr'>Georgius</span> <span class='ocrx_word' id='word_1_218' title='bbox 254 2214 499 2267; x_wconf 80' lang='lat' dir='ltr'>Acropolita</span> <span class='ocrx_word' id='word_1_219' title='bbox 535 2213 730 2255; x_wconf 88' lang='lat' dir='ltr'>editionis</span> <span class='ocrx_word' id='word_1_220' title='bbox 758 2215 911 2270; x_wconf 80' lang='lat' dir='ltr'>Regiae</span> <span class='ocrx_word' id='word_1_221' title='bbox 956 2230 1045 2269; x_wconf 81' lang='lat' dir='ltr'>cap.</span> <span class='ocrx_word' id='word_1_222' title='bbox 1082 2214 1133 2254; x_wconf 75' lang='lat'>25</span> <span class='ocrx_word' id='word_1_223' title='bbox 1164 2215 1308 2261; x_wconf 86' lang='lat' dir='ltr'>refert,</span> <span class='ocrx_word' id='word_1_224' title='bbox 1366 2215 1489 2251; x_wconf 85' lang='lat' dir='ltr'>“cum</span> 
     </span>
     <span class='ocr_line' id='line_1_32' title="bbox 15 2268 1488 2326; baseline -0.002 -18"><span class='ocrx_word' id='word_1_225' title='bbox 15 2272 154 2308; x_wconf 77' lang='lat' dir='ltr'>Asano</span> <span class='ocrx_word' id='word_1_226' title='bbox 186 2270 340 2310; x_wconf 81' lang='lat' dir='ltr'>Ioanne</span> <span class='ocrx_word' id='word_1_227' title='bbox 370 2269 685 2310; x_wconf 84' lang='lat' dir='ltr'>conditionibus</span> <span class='ocrx_word' id='word_1_228' title='bbox 728 2286 778 2312; x_wconf 86' lang='lat' dir='ltr'>ac</span> <span class='ocrx_word' id='word_1_229' title='bbox 813 2271 1087 2326; x_wconf 87' lang='lat' dir='ltr'>petitionibus</span> <span class='ocrx_word' id='word_1_230' title='bbox 1130 2268 1386 2324; x_wconf 84' lang='lat' dir='ltr'>perturbatis</span> <span class='ocrx_word' id='word_1_231' title='bbox 1414 2282 1488 2307; x_wconf 85' lang='lat' dir='ltr'>au-</span> 
     </span>
     <span class='ocr_line' id='line_1_33' title="bbox 18 2323 1485 2381; baseline -0.001 -17"><span class='ocrx_word' id='word_1_232' title='bbox 18 2323 166 2365; x_wconf 87' lang='lat' dir='ltr'>dacior</span> <span class='ocrx_word' id='word_1_233' title='bbox 192 2332 319 2380; x_wconf 80' lang='lat' dir='ltr'>esset,</span> <span class='ocrx_word' id='word_1_234' title='bbox 348 2332 478 2381; x_wconf 85' lang='lat' dir='ltr'>atque</span> <span class='ocrx_word' id='word_1_235' title='bbox 517 2326 793 2368; x_wconf 86' lang='lat' dir='ltr'>inordinatius</span> <span class='ocrx_word' id='word_1_236' title='bbox 836 2343 920 2369; x_wconf 91' lang='lat' dir='ltr'>non</span> <span class='ocrx_word' id='word_1_237' title='bbox 948 2329 1082 2369; x_wconf 87' lang='lat' dir='ltr'>solum</span> <span class='ocrx_word' id='word_1_238' title='bbox 1114 2327 1154 2366; x_wconf 92' lang='lat' dir='ltr'>in</span> <span class='ocrx_word' id='word_1_239' title='bbox 1189 2326 1315 2380; x_wconf 83' lang='lat' dir='ltr'>regia,</span> <span class='ocrx_word' id='word_1_240' title='bbox 1342 2323 1413 2364; x_wconf 88' lang='lat' dir='ltr'>sed</span> <span class='ocrx_word' id='word_1_241' title='bbox 1443 2323 1485 2363; x_wconf 91' lang='lat' dir='ltr'>in</span> 
     </span>
     <span class='ocr_line' id='line_1_34' title="bbox 13 2378 1487 2438; baseline 0 -18"><span class='ocrx_word' id='word_1_242' title='bbox 13 2379 103 2421; x_wconf 87' lang='lat' dir='ltr'>aliis</span> <span class='ocrx_word' id='word_1_243' title='bbox 131 2381 322 2423; x_wconf 90' lang='lat' dir='ltr'>civilibus</span> <span class='ocrx_word' id='word_1_244' title='bbox 352 2382 527 2438; x_wconf 87' lang='lat' dir='ltr'>negotiis</span> <span class='ocrx_word' id='word_1_245' title='bbox 557 2397 641 2423; x_wconf 90' lang='lat' dir='ltr'>sese</span> <span class='ocrx_word' id='word_1_246' title='bbox 661 2383 933 2436; x_wconf 86' lang='lat' dir='ltr'>immisceret,</span> <span class='ocrx_word' id='word_1_247' title='bbox 970 2398 1175 2438; x_wconf 76' lang='lat' dir='ltr'>saepeque</span> <span class='ocrx_word' id='word_1_248' title='bbox 1202 2378 1487 2421; x_wconf 79' lang='lat' dir='ltr'>iusiurandum</span> 
     </span>
     <span class='ocr_line' id='line_1_35' title="bbox 14 2437 1485 2495; baseline -0.003 -17"><span class='ocrx_word' id='word_1_249' title='bbox 14 2437 262 2493; x_wconf 81' lang='lat' dir='ltr'>negligeret,</span> <span class='ocrx_word' id='word_1_250' title='bbox 295 2437 505 2494; x_wconf 87' lang='lat' dir='ltr'>fidemque</span> <span class='ocrx_word' id='word_1_251' title='bbox 531 2439 724 2490; x_wconf 74' lang='lat' dir='ltr'>violaret,</span> <span class='ocrx_word' id='word_1_252' title='bbox 755 2441 795 2480; x_wconf 89' lang='lat' dir='ltr'>in</span> <span class='ocrx_word' id='word_1_253' title='bbox 824 2440 963 2481; x_wconf 86' lang='lat' dir='ltr'>affines</span> <span class='ocrx_word' id='word_1_254' title='bbox 984 2441 1184 2495; x_wconf 85' lang='lat' dir='ltr'>Bulgaros</span> <span class='ocrx_word' id='word_1_255' title='bbox 1213 2437 1362 2492; x_wconf 86' lang='lat' dir='ltr'>pedem</span> <span class='ocrx_word' id='word_1_256' title='bbox 1389 2449 1485 2475; x_wconf 88' lang='lat' dir='ltr'>mo..</span> 
     </span>
     <span class='ocr_line' id='line_1_36' title="bbox 16 2493 1486 2553; baseline -0.001 -21"><span class='ocrx_word' id='word_1_257' title='bbox 16 2493 94 2545; x_wconf 83' lang='lat' dir='ltr'>vit,</span> <span class='ocrx_word' id='word_1_258' title='bbox 124 2500 166 2535; x_wconf 85' lang='lat' dir='ltr'>et</span> <span class='ocrx_word' id='word_1_259' title='bbox 194 2509 242 2536; x_wconf 81' lang='lat' dir='ltr'>ex</span> <span class='ocrx_word' id='word_1_260' title='bbox 269 2496 491 2546; x_wconf 81' lang='lat' dir='ltr'>Romanis,</span> <span class='ocrx_word' id='word_1_261' title='bbox 521 2501 649 2551; x_wconf 82' lang='lat' dir='ltr'>atque</span> <span class='ocrx_word' id='word_1_262' title='bbox 681 2497 790 2537; x_wconf 76' lang='lat' dir='ltr'>Italis</span> <span class='ocrx_word' id='word_1_263' title='bbox 812 2497 1020 2553; x_wconf 87' lang='lat' dir='ltr'>ingentem</span> <span class='ocrx_word' id='word_1_264' title='bbox 1052 2496 1224 2536; x_wconf 86' lang='lat' dir='ltr'>militem</span> <span class='ocrx_word' id='word_1_265' title='bbox 1254 2497 1486 2547; x_wconf 77' lang='lat' dir='ltr'>exaggerat,</span> 
     </span>
     <span class='ocr_line' id='line_1_37' title="bbox 15 2548 1486 2608; baseline -0.001 -18"><span class='ocrx_word' id='word_1_266' title='bbox 15 2556 59 2590; x_wconf 81' lang='lat' dir='ltr'>et</span> <span class='ocrx_word' id='word_1_267' title='bbox 75 2551 395 2606; x_wconf 82' lang='lat' dir='ltr'>Adrianopolim</span> <span class='ocrx_word' id='word_1_268' title='bbox 427 2559 767 2607; x_wconf 86' lang='lat' dir='ltr'>praetergressus,</span> <span class='ocrx_word' id='word_1_269' title='bbox 797 2553 838 2593; x_wconf 89' lang='lat' dir='ltr'>in</span> <span class='ocrx_word' id='word_1_270' title='bbox 870 2555 1132 2608; x_wconf 80' lang='lat' dir='ltr'>superiorein</span> <span class='ocrx_word' id='word_1_271' title='bbox 1159 2557 1324 2604; x_wconf 74' lang='lat' dir='ltr'>partem</span> <span class='ocrx_word' id='word_1_272' title='bbox 1353 2548 1486 2589; x_wconf 83' lang='lat' dir='ltr'>Hebri</span> 
     </span>
     <span class='ocr_line' id='line_1_38' title="bbox 15 2606 1485 2664; baseline -0.002 -17"><span class='ocrx_word' id='word_1_273' title='bbox 15 2607 179 2661; x_wconf 77' lang='lat' dir='ltr'>agmine</span> <span class='ocrx_word' id='word_1_274' title='bbox 207 2607 350 2659; x_wconf 79' lang='lat' dir='ltr'>ducto,</span> <span class='ocrx_word' id='word_1_275' title='bbox 380 2623 477 2648; x_wconf 87' lang='lat' dir='ltr'>cum</span> <span class='ocrx_word' id='word_1_276' title='bbox 501 2609 690 2663; x_wconf 80' lang='lat' dir='ltr'>Bulgaris</span> <span class='ocrx_word' id='word_1_277' title='bbox 719 2611 931 2664; x_wconf 84' lang='lat' dir='ltr'>poscebat,</span> <span class='ocrx_word' id='word_1_278' title='bbox 959 2611 1027 2650; x_wconf 88' lang='lat' dir='ltr'>sed</span> <span class='ocrx_word' id='word_1_279' title='bbox 1061 2607 1229 2648; x_wconf 81' lang='lat' dir='ltr'>exitium</span> <span class='ocrx_word' id='word_1_280' title='bbox 1245 2606 1321 2645; x_wconf 87' lang='lat' dir='ltr'>sibi</span> <span class='ocrx_word' id='word_1_281' title='bbox 1353 2619 1485 2661; x_wconf 77' lang='lat' dir='ltr'>quae-</span> 
     </span>
     <span class='ocr_line' id='line_1_39' title="bbox 15 2663 1486 2720; baseline -0.001 -18"><span class='ocrx_word' id='word_1_282' title='bbox 15 2671 125 2712; x_wconf 82' lang='lat' dir='ltr'>rens,</span> <span class='ocrx_word' id='word_1_283' title='bbox 157 2665 247 2705; x_wconf 86' lang='lat' dir='ltr'>acie</span> <span class='ocrx_word' id='word_1_284' title='bbox 275 2665 515 2719; x_wconf 85' lang='lat' dir='ltr'>confligere.</span> <span class='ocrx_word' id='word_1_285' title='bbox 574 2666 795 2706; x_wconf 71' lang='lat' dir='ltr'>videbatur</span> <span class='ocrx_word' id='word_1_286' title='bbox 830 2667 939 2707; x_wconf 85' lang='lat' dir='ltr'>enim</span> <span class='ocrx_word' id='word_1_287' title='bbox 971 2666 1170 2720; x_wconf 83' lang='lat' dir='ltr'>Bulgaros</span> <span class='ocrx_word' id='word_1_288' title='bbox 1199 2663 1352 2703; x_wconf 87' lang='lat' dir='ltr'>timore</span> <span class='ocrx_word' id='word_1_289' title='bbox 1382 2676 1486 2715; x_wconf 87' lang='lat' dir='ltr'>per-</span> 
     </span>
     <span class='ocr_line' id='line_1_40' title="bbox 16 2720 1484 2776; baseline -0.002 -17"><span class='ocrx_word' id='word_1_290' title='bbox 16 2721 122 2760; x_wconf 80' lang='lat' dir='ltr'>citos</span> <span class='ocrx_word' id='word_1_291' title='bbox 150 2736 429 2776; x_wconf 81' lang='lat' dir='ltr'>nequaquam,</span> <span class='ocrx_word' id='word_1_292' title='bbox 460 2722 522 2763; x_wconf 89' lang='lat' dir='ltr'>vel</span> <span class='ocrx_word' id='word_1_293' title='bbox 552 2722 687 2761; x_wconf 83' lang='lat' dir='ltr'>solum</span> <span class='ocrx_word' id='word_1_294' title='bbox 713 2723 776 2763; x_wconf 82' lang='lat' dir='ltr'>sui</span> <span class='ocrx_word' id='word_1_295' title='bbox 810 2724 1012 2764; x_wconf 81' lang='lat' dir='ltr'>exereitus</span> <span class='ocrx_word' id='word_1_296' title='bbox 1040 2722 1241 2773; x_wconf 86' lang='lat' dir='ltr'>impetum</span> <span class='ocrx_word' id='word_1_297' title='bbox 1268 2720 1484 2759; x_wconf 83' lang='lat' dir='ltr'>sustinere:</span> 
     </span>
     <span class='ocr_line' id='line_1_41' title="bbox 15 2775 1485 2833; baseline 0 -19"><span class='ocrx_word' id='word_1_298' title='bbox 15 2780 57 2815; x_wconf 81' lang='lat' dir='ltr'>at</span> <span class='ocrx_word' id='word_1_299' title='bbox 88 2791 171 2817; x_wconf 89' lang='lat' dir='ltr'>non</span> <span class='ocrx_word' id='word_1_300' title='bbox 199 2777 259 2818; x_wconf 81' lang='lat' dir='ltr'>sic</span> <span class='ocrx_word' id='word_1_301' title='bbox 282 2778 463 2833; x_wconf 82' lang='lat' dir='ltr'>Bulgari.</span> <span class='ocrx_word' id='word_1_302' title='bbox 523 2777 592 2818; x_wconf 84' lang='lat' dir='ltr'>sed</span> <span class='ocrx_word' id='word_1_303' title='bbox 620 2781 773 2820; x_wconf 76' lang='lat' dir='ltr'>Asanus</span> <span class='ocrx_word' id='word_1_304' title='bbox 812 2782 983 2821; x_wconf 80' lang='lat' dir='ltr'>loannes</span> <span class='ocrx_word' id='word_1_305' title='bbox 1014 2776 1208 2833; x_wconf 80' lang='lat' dir='ltr'>pertidia,</span> <span class='ocrx_word' id='word_1_306' title='bbox 1236 2790 1284 2816; x_wconf 86' lang='lat' dir='ltr'>ac</span> <span class='ocrx_word' id='word_1_307' title='bbox 1314 2775 1485 2816; x_wconf 82' lang='lat' dir='ltr'>foedere</span> 
     </span>
    </p>
   </div>
  </div>
 </body>
</html>
