1728 3184
205 165 305 219 314
706 177 762 218 lN
801 170 1181 218 THEOPHANEM

202 299 383 341 hibenda
411 299 455 340 in
486 298 744 340 Christianos
775 300 1068 355 persecutione
1097 298 1320 340 Maximino
1351 299 1451 339 dant
1483 299 1640 341 litteras
1661 317 1674 343 τ

202 357 289 410 ipse
319 370 431 397 anno
470 357 653 397 secundo
702 356 868 398 ditionis
909 373 1006 398 suae
1051 356 1267 411 praefectis
1311 370 1434 410 pares
1463 357 1606 409 mittit,
1635 366 1678 400 at

200 414 378 455 subinde
405 413 632 455 modestiae
665 413 814 454 limites
845 428 986 455 omnes
1028 412 1274 468 imperando
1301 415 1676 469 praetergreditur.

201 470 330 511 tertio
365 468 472 510 κατὰ
515 484 602 511 των
618 470 722 536 ..τῆς
751 469 972 521 βασιλείας
1001 470 1233 520 κοινωνῶν,
1263 469 1392 510 verba
1420 479 1516 512 sunt
1544 472 1676 513 Euse-

199 526 273 580 bii,
302 526 468 580 πρῶτον
496 521 660 567 ἓαυτων
683 531 776 574 ταῖς
801 530 945 578 τιμαῖς
975 523 1239 580 α’ναγορευει,
1270 541 1317 567 ex
1348 526 1515 581 imperii
1545 528 1676 569 colle..

199 598 251 639 ga
279 583 553 624 Constantino
582 589 625 625 et
653 583 843 624 Licinnio
874 584 1033 638 negatis
1063 583 1194 638 impp.
1225 582 1460 624 honoribus
1488 585 1567 625 soli
1596 585 1676 626 sibi

199 640 356 695 primas
389 647 588 694 arrogat,
631 639 746 696 quod
776 615 952 680 auctori)
957 641 1147 695 superius
1179 639 1294 690 dixit,
1322 635 1458 680 ὲαυτῶ
1490 638 1565 694 τὴν
1596 642 1677 694 βα-

198 699 364 738 σιλείαν
383 695 641 748 ἐπιτρέψας·
687 711 735 737 ac
761 711 887 737 novas
918 696 1090 751 insupei
1120 697 1172 737 ad
1202 681 1519 762 provinciaium
1549 706 1677 763 plae-

198 754 362 822 positos
387 753 576 795 simulate
615 753 773 794 litteras
812 754 986 794 scribit:
1016 752 1229 794 δοθέντων
1267 749 1528 819 γραμμάτων
1570 751 1678 807 πρὸς

197 808 297 856 τούς
337 805 548 863 ἡγεμόνας
595 805 772 863 ἑκάστης
812 808 1022 863 ἑπαοχίας
1070 810 1128 865 τῶ
1180 806 1434 862 παρελθόντι
1477 811 1675 867 ἐνιαυτιῦ.

199 873 353 922 quarto
386 866 599 908 Licinnius
631 867 673 906 in
707 882 802 907 eum
826 867 984 908 bellum
1003 872 1159 916 movet,
1191 871 1233 906 et
1259 866 1383 906 variis
1412 867 1579 921 praeliis
1613 869 1678 906 fa-

199 924 313 979 tigat.
383 922 530 963 ultimo
581 923 768 974 tandem,
814 924 887 979 qui
929 923 980 963 ab
1011 930 1181 976 arrepta
1226 937 1418 977 suprema
1451 923 1676 978 tyrannide

197 981 277 1020 fuit
305 981 466 1031 tertius,
498 985 540 1020 et
567 980 802 1020 aMaxentii
826 980 939 1021 letho
959 980 1142 1035 quintus,
1165 980 1313 1020 misere
1340 980 1527 1021 interiit:
1564 979 1677 1036 quod

197 1037 437 1077 brevissime
472 1037 663 1078 Aurelius
694 1037 846 1077 Victor
895 1038 1134 1091 complexus
1171 1043 1245 1076 est.
1313 1036 1577 1077 Maximinus
1622 1037 1682 1077 ad

201 1094 404 1133 Orientem
421 1123 432 1143 ,
453 1102 547 1148 post
585 1093 739 1134 biennii
777 1103 983 1148 angustum
1015 1094 1233 1148 imperium
1247 1122 1260 1143 ,
1291 1091 1475 1147 intellige
1502 1093 1677 1134 tertium

198 1165 221 1190 a
247 1149 494 1206 tyrannide,
514 1148 653 1204 fusus,
665 1152 920 1206 ficgatusque
947 1164 978 1190 a
994 1150 1154 1190 Licinio
1184 1148 1300 1204 apud
1332 1150 1504 1190 Tarsum
1527 1151 1672 1206 periit.

312 1217 377 1268 21,
411 1217 448 1257 1.
508 1214 728 1266 πεποιθώς
764 1212 787 1256 ὅ
825 1215 1126 1273 Μαξιμιανός]
1167 1215 1406 1257 Maximiani
1438 1233 1554 1268 voce,
1585 1219 1678 1259 Ma-

195 1273 399 1315 ximinum
429 1273 625 1329 intellige,
655 1279 698 1314 et
726 1275 991 1329 superiorem
1022 1280 1167 1314 notam
1197 1274 1366 1314 tertiam
1394 1276 1578 1316 consule.

306 1343 417 1383 Ibid.
441 1341 508 1383 13.
566 1339 639 1382 τὸν
666 1340 902 1395 Γαλλέριον
920 1338 1216 1398 ΠΙαξιμιανόν]
1248 1342 1364 1398 quod
1387 1343 1558 1384 Gallerii
1582 1344 1679 1383 Ma-

195 1399 363 1439 ximiani
395 1399 500 1439 filius
535 1406 637 1439 esset
663 1398 900 1453 adoptivuS,
931 1399 1179 1440 Maximinus
1209 1405 1252 1440 et
1270 1399 1555 1451 Maximianus,
1578 1399 1678 1440 Gal-

196 1456 319 1496 lerius
350 1470 520 1511 qnoque
547 1456 789 1510 promiscue
819 1455 968 1496 dietus.
1037 1455 1089 1496 de
1132 1456 1240 1496 illius
1272 1462 1411 1497 morte
1443 1455 1676 1498 chronicon

195 1514 522 1553 Alexamhinnm
554 1513 606 1552 ad
638 1527 793 1552 annum
827 1512 1087 1552 Constantini
1121 1513 1401 1553 undecimum.
1470 1513 1679 1564 Γαλὲριος

194 1566 472 1619 ]ΙἸαξιμιανὸς
519 1563 690 1620 ν’δοωπι
721 1568 845 1624 δεινῶ
874 1566 1098 1636 πιασθείς,
1128 1568 1173 1608 ἐν
1202 1566 1423 1617 Σαλώναις
1452 1570 1678 1612 ἀπέθανεν.

197 1627 387 1665 Galerius
406 1625 707 1666 Maximianus
735 1609 921 1682 hydrope
943 1628 1072 1678 gravi
1097 1627 1287 1668 laborans
1306 1626 1473 1668 Salonis
1503 1629 1672 1681 (auctoi

193 1697 289 1722 cum
325 1682 502 1723 Victore
533 1682 575 1721 in
605 1682 766 1733 Cilicia)
796 1683 977 1722 decessit.

308 1749 447 1800 22,1.
507 1744 642 1806 τούτω
685 1748 744 1804 τῶ
774 1745 860 1789 ἔτει
892 1750 1099 1805 Λικιννίω
1129 1745 1481 1803 συμμαχήσαντι]
1511 1749 1676 1804 phrasis

192 1806 491 1874 grammaticae
523 1789 680 1871 legibus
707 1805 838 1846 aliena
871 1805 913 1845 in
934 1805 1045 1845 hunc
1075 1807 1249 1846 modum
1278 1806 1678 1847 iestituitui.A1..

188 1860 311 1928 -κινίῳι
340 1857 689 1930 συμμαχήσαντι,
722 1877 792 1902 και
814 1859 1130 1932 υποκρινομένῳ
1153 1862 1336 1916 δολερῶς
1366 1860 1442 1903 τὸν
1463 1862 1678 1914 Χριστια-

192 1902 341 1988 νισμὸν
368 1915 394 1958 ὅ
427 1919 541 1966 θεῖος
570 1919 895 1967 Κωνσταντῖνος
925 1916 1138 1973 ἀφορίσας
1163 1922 1321 1974 μοῖοαν
1352 1919 1428 1973 τῆς
1452 1916 1678 1972 Ῥωμαίων

191 1974 268 2029 γῆς
297 1974 503 2026 α’πὲνεμεν
539 1972 692 2054 (ξρχήν.

311 2042 419 2083 Ibid.
438 2042 479 2083 2.
539 2039 757 2096 ἀφορίσας
783 2045 941 2095 μοῖοαν
967 2040 1040 2095 τῆς
1065 2039 1290 2094 Ῥωμαίων
1319 2043 1413 2099 γῆς]
1448 2043 1558 2084 haud
1587 2044 1679 2084 col-

195 2098 279 2137 hto
308 2106 506 2140 recenter
531 2099 726 2153 imperio,
757 2099 827 2140 sed
861 2099 1028 2139 devicto
1056 2100 1295 2150 Maximino,
1330 2115 1438 2140 nov-1
1470 2102 1675 2140 Constan-

192 2155 329 2196 tinum
360 2155 473 2196 inter
507 2161 549 2196 et
578 2156 784 2196 Licinium
819 2155 998 2196 Romani
1044 2156 1158 2196 orbis
1196 2158 1306 2197 sacta
1340 2157 1514 2197 divisio:
1547 2157 1677 2197 illud-

193 2227 277 2267 que
315 2218 375 2254 est
392 2211 527 2280 quod
555 2211 607 2252 ad
646 2211 848 2252 historiae
883 2218 1139 2267 postremam
1168 2214 1322 2254 calcem
1369 2213 1516 2254 scribit
1545 2213 1680 2254 Euse-

190 2269 301 2309 hius.
360 2266 473 2308 οὕτω
503 2268 613 2322 δῆτα
644 2269 731 2309 τῶν
755 2268 983 2335 δυσσέβῶν
1011 2269 1365 2322 ἐκκαθαρθέντων
1395 2267 1542 2320 μόνοις
1569 2269 1677 2324 ἐφυ-

192 2323 360 2365 adusto
379 2322 431 2366 τὰ
452 2325 525 2378 τῆς
530 2321 843 2395 προσησηύσης
860 2326 1080 2377 βασιλείας
1097 2323 1252 2378 βεβαιά
1277 2341 1319 2367 τε
1345 2326 1419 2366 καί
1437 2324 1675 2380 ανεπίφθο-

192 2396 243 2421 ια
277 2378 591 2437 Κωνσταντίνῳ
623 2397 693 2422 και
717 2381 939 2437 Λικιννίῳ.
999 2384 1056 2422 sic
1083 2385 1212 2436 i‘gztur
1238 2384 1454 2437 impiorum
1481 2383 1674 2424 sordibus

193 2440 434 2494 expurgatis
452 2469 463 2490 ‚
499 2439 719 2494 praeclara
758 2440 922 2494 imperti
963 2440 1238 2492 gubernacula
1269 2439 1435 2495 firma,
1476 2439 1675 2490 stabilita,

191 2496 324 2535 omnis
353 2496 538 2536 mvidiae
565 2496 767 2551 expertia,
795 2497 891 2535 solis
931 2495 1194 2536 Constancmo
1237 2506 1277 2537 et
1301 2497 1462 2536 Licinio
1491 2497 1578 2535 iure
1608 2509 1675 2535 re-

192 2561 436 2593 manserunt.
496 2567 602 2606 quae
633 2552 774 2592 subdit
814 2559 966 2593 auctor
1011 2567 1058 2593 ex
1103 2553 1253 2593 eodem
1294 2554 1529 2593 Eusebiano
1559 2553 1678 2592 fonte

193 2616 376 2651 manant.
437 2609 608 2663 utrique
652 2609 843 2650 Aurelius
875 2610 1031 2650 Vietm
1076 2625 1214 2663 nuper
1244 2610 1396 2650 lelatus
1427 2609 1675 2652 adsentitur.

194 2663 457 2705 Blacci'mmus
486 2666 544 2706 ad
574 2666 799 2718 Orientem,
828 2676 902 2708 etc.
929 2668 988 2707 ita
1014 2675 1193 2722 potestas
1225 2668 1334 2708 orbzs
1364 2666 1543 2707 Romani
1570 2664 1674 2705 duo-

193 2721 261 2760 bus
290 2724 496 2776 quaesita.

305 2794 412 2835 lbid.
437 2794 478 2836 8.
552 2790 829 2850 μονοκρὰτωρ
862 2794 1102 2852 γενόμενος]
1144 2797 1380 2853 imperabat
1407 2795 1529 2837 simul
1557 2794 1675 2836 Lici-
