1768 3268
572 223 645 267 Ex
680 223 1027 266 THEOPHANE.
1439 217 1532 266 165

71 338 247 392 ignotos.
304 335 348 376 hi
378 350 519 378 omnes
551 338 797 378 habitabant
813 337 1066 377 madianiten
1085 337 1313 390 heremum,
1345 344 1386 379 et
1414 339 1454 377 in
1484 351 1535 377 eo

72 393 316 434 nutriebant
342 407 512 448 pecora,
543 394 586 434 in
614 393 888 434 tabernaculis
908 399 1218 434 conversantes.
1274 400 1369 434 sunt
1400 399 1537 435 autem

68 456 113 490 et
140 449 204 490 his
232 449 464 504 interiores,
497 451 570 506 qui
595 465 678 490 non
709 457 806 491 sunt
834 451 885 490 de
911 451 1027 491 tribu
1062 451 1248 504 ipsorum
1277 450 1348 490 sed
1376 465 1423 492 ex
1437 451 1540 492 Let-

70 511 172 557 tam,
197 505 394 546 videlicet
421 507 464 546 hi
493 506 565 561 qui
594 515 802 547 vocantur
818 506 1091 557 Ammanitae,
1122 506 1163 546 id
1195 512 1255 546 est
1282 507 1536 547 Homeritae.

72 561 243 617 quidam
271 577 368 602 sane
409 562 595 617 ipsorum
645 563 969 617 negotiabantur
1009 562 1049 602 in
1082 561 1245 602 camelis
1272 563 1369 602 suis.
1443 577 1540 603 cum

70 623 209 659 autem
237 618 357 673 inops
392 626 434 659 et
461 618 675 673 orphanus
704 618 941 674 praedictus
969 623 1071 659 esset
1085 618 1313 666 Maometh,
1347 619 1452 658 visus
1480 625 1541 660 est

70 674 150 715 sibi
177 675 230 716 ad
269 675 480 729 quandam
520 676 680 716 intrare
715 676 934 716 mulierem
964 675 1214 728 locupletem
1250 680 1291 713 et
1318 681 1540 728 cognatam

69 745 206 782 suam,
250 732 418 771 nomine
451 730 690 786 Chadigan,
719 731 1000 772 mercenarius
1036 730 1088 770 ad
1119 731 1415 785 negotiandum
1445 746 1540 771 cum

69 787 234 828 camelis
263 788 344 827 suis
371 786 484 841 apud
510 791 746 843 Aegyptum
774 793 816 830 et
831 787 1118 828 Palaestinam.
1175 787 1375 841 paulatim
1403 793 1541 827 autem

70 842 222 884 fiducia
251 858 376 898 penes
405 844 536 898 ipsam
567 851 768 899 percepta
805 844 1044 895 mulierem,
1076 858 1183 899 quae
1211 843 1336 883 vidua
1365 850 1469 894 erat,
1500 849 1542 884 et

70 901 236 955 accepit
263 914 354 940 eam
382 914 570 951 uxorem,
603 907 647 941 et
664 900 811 942 habuit
832 900 1009 941 camelos
1039 900 1165 955 ipsius
1194 905 1321 955 atque
1348 899 1543 940 substan-

69 956 187 996 tiam.
245 970 426 1011 cumque
470 957 634 998 veniret
678 957 719 998 in
749 957 1046 1009 Palaestinam,
1088 957 1416 997 conversabatur
1446 970 1542 996 cum

69 1011 232 1053 Iudaeis
261 1019 305 1053 et
335 1012 590 1053 Christianis.
648 1014 840 1068 capiebat
867 1020 1006 1053 autem
1035 1013 1088 1053 ab
1119 1014 1175 1053 eis
1206 1012 1405 1068 quasdam
1435 1012 1543 1052 scri-

100 1074 230 1109 turas.
285 1082 422 1123 porro
450 1068 633 1110 habebat
659 1071 892 1124 passionem
909 1070 1144 1123 epilepsiae.
1204 1084 1288 1123 quo
1318 1075 1539 1122 comperto
1554 1082 1590 1118 p.
1607 1070 1678 1106 513

66 1083 206 1166 Baius.
234 1125 387 1166 coniux
429 1125 589 1181 oppido
619 1127 893 1178 tristabatur,
924 1132 1073 1180 utpote
1105 1125 1266 1176 nobilis,
1297 1131 1339 1166 et
1371 1139 1478 1180 quae
1501 1140 1543 1165 se

69 1180 307 1222 huiusmodi
350 1182 575 1236 copularit,
608 1197 738 1237 egeno
782 1183 940 1223 scilicet
967 1189 1010 1222 et
1039 1182 1277 1236 epilepticO.
1338 1188 1544 1236 procurat

70 1251 173 1278 vero
203 1238 292 1292 ipse
336 1238 507 1293 placare
536 1238 646 1278 illam
676 1240 839 1291 taliter,
882 1239 1020 1279 diceus
1052 1238 1148 1293 quia
1178 1237 1379 1278 visionem
1410 1252 1543 1292 quan-

70 1293 166 1334 dam
198 1293 333 1349 angeli
364 1294 571 1334 Gabrielis
603 1295 703 1335 dicti
737 1295 1017 1349 contemplor,
1048 1302 1090 1335 et
1120 1293 1231 1334 baud
1260 1294 1395 1334 ferens
1422 1293 1543 1334 huius

69 1356 282 1404 aspectum
307 1357 448 1391 mente
470 1350 617 1392 deficio
646 1357 687 1391 et
714 1351 830 1392 cado.
860 1353 944 1406 ipsa
977 1366 1078 1391 vero
1110 1365 1205 1390 cum
1221 1350 1395 1390 baberet
1422 1349 1544 1390 adul·-

69 1412 208 1447 terum
249 1405 458 1462 quendam
498 1413 679 1461 propter
717 1408 1003 1448 infidelitatem
1045 1407 1200 1447 ibidem
1232 1406 1389 1447 exulem
1420 1405 1543 1446 habi-

67 1469 252 1514 tantem,
283 1463 463 1503 amicum
490 1477 623 1514 suum,
652 1463 854 1504 indicavit
881 1464 917 1505 ei
947 1463 1110 1514 omnia,
1145 1468 1184 1503 et
1215 1477 1367 1503 nomen
1397 1461 1543 1516 angeli.

68 1525 112 1560 at
144 1518 214 1559 ille
243 1518 384 1560 volens
425 1533 516 1560 eam
548 1519 729 1560 reddere
758 1527 918 1561 certam
947 1520 1049 1560 dixit
1080 1519 1124 1560 ei
1148 1519 1394 1560 “veritatem
1426 1519 1543 1559 locu-

67 1582 133 1615 tus
164 1582 250 1616 est:
280 1575 434 1616 etenim
465 1576 540 1616 iste
571 1577 735 1631 angelus
768 1576 954 1616 mittitur
982 1575 1034 1615 ad
1063 1582 1235 1616 cunctos
1273 1574 1543 1630 propbetas.'’

67 1631 155 1686 ipsa
184 1646 286 1688 ergo
303 1632 442 1687 prima
460 1639 651 1687 suscepto
670 1631 1025 1687 pseudomonachi
1057 1632 1191 1672 verbo
1211 1632 1392 1672 credidit
1421 1631 1472 1684 ei,
1502 1637 1544 1672 et

66 1687 328 1742 praedicavit
358 1688 401 1729 id
433 1687 520 1729 aliis
551 1688 795 1729 mulieribus
827 1688 1136 1730 contribulibus
1165 1688 1259 1738 suis,
1290 1687 1541 1742 proplietam

66 1758 162 1784 eum
191 1759 299 1793 esse;
345 1751 388 1786 et
428 1746 571 1786 taliter
598 1759 645 1785 ex
683 1745 845 1786 feminis
876 1747 985 1786 fama
1011 1745 1128 1785 venit
1151 1743 1202 1784 ad
1231 1744 1371 1792 viros,
1401 1743 1540 1798 primo

67 1800 267 1841 duntaxat
297 1800 348 1841 ad
379 1801 714 1855 Abubacharum,
744 1816 867 1857 quem
899 1808 942 1842 et
968 1816 1244 1842 successorem
1275 1800 1443 1841 dimisit.
1501 1806 1544 1841 et

66 1857 202 1897 tenuit
233 1858 411 1898 haeresis
459 1858 544 1898 eius
583 1865 721 1912 partes
759 1858 956 1910 Ethribi,
1005 1864 1222 1912 postremo
1257 1872 1337 1912 per
1373 1856 1542 1897 henum.

67 1929 161 1953 nam
191 1914 375 1968 primum
406 1915 575 1970 quidem
603 1913 769 1955 occulte
810 1915 925 1956 annis
956 1914 1112 1964 decem,
1142 1921 1185 1955 et
1214 1914 1326 1954 bello
1354 1913 1543 1953 similiter

67 1969 240 2021 decem,
291 1976 333 2011 et
360 1972 574 2011 manifeste
615 1986 778 2011 novem.
852 1971 998 2012 docuit
1034 1977 1173 2011 autem
1203 1971 1417 2010 auditores
1446 1985 1542 2009 suos

66 2025 181 2081 quod
212 2026 284 2080 qui
315 2027 473 2067 occidit
520 2026 736 2068 inimicum
769 2027 834 2069 vel
862 2028 913 2068 ab
944 2027 1113 2067 inimico
1141 2026 1367 2077 occiditur,
1397 2025 1439 2066 in
1468 2041 1543 2080 pa-

66 2081 250 2122 radisum
279 2082 526 2138 ingreditur.
594 2083 833 2138 paradisum
875 2098 978 2124 vero
1020 2084 1194 2124 carnalis
1224 2083 1306 2123 cibi
1339 2098 1388 2123 ac
1418 2089 1540 2136 potus
1553 2100 1591 2136 p.
1611 2086 1682 2123 514

66 2146 108 2178 et
138 2139 442 2180 commixtionis
484 2141 709 2181 mulierum
754 2140 1030 2195 perhibebat,
1068 2139 1328 2195 fluviumque
1366 2139 1451 2180 vini
1493 2153 1542 2178 ac

64 2194 196 2236 mellis
225 2201 267 2235 et
299 2196 431 2247 lactis,
462 2203 504 2236 et
534 2197 782 2237 feminarum
815 2211 899 2236 non
929 2197 1212 2251 praesentium
1244 2196 1314 2236 sed
1345 2196 1539 2245 aliarum,

66 2257 110 2291 et
140 2251 364 2292 mixturam
396 2252 626 2293 multorum
655 2268 863 2294 annorum
894 2254 1094 2302 futuram,
1127 2259 1169 2293 et
1197 2256 1430 2293 affluentem
1462 2266 1540 2289 vo.-

63 2307 281 2361 luptatem,
311 2323 387 2348 nec
415 2324 497 2349 non
528 2317 570 2350 et
599 2311 675 2349 alia
706 2310 909 2365 quaedam
940 2311 1102 2350 luxuria
1129 2315 1172 2350 et
1198 2309 1373 2350 stultitia
1402 2307 1540 2360 plena,

64 2365 247 2418 compati
291 2371 429 2404 tamen
474 2365 648 2411 invicem
694 2372 736 2406 et
767 2366 954 2406 auxiliari
982 2366 1171 2421 patienti.
1228 2378 1362 2420 porro
1394 2362 1539 2402 eodem

65 2435 175 2459 anno
210 2428 328 2462 natus
370 2428 429 2461 est
470 2421 512 2461 in
555 2422 731 2463 Oriente
758 2422 896 2462 David
926 2423 1031 2462 filius
1061 2422 1178 2473 eius,
1208 2422 1440 2474 eodemque
1473 2418 1541 2459 die

65 2483 184 2517 natus
214 2483 275 2518 est
304 2477 520 2518 Heraclius
563 2478 667 2517 filius
697 2479 878 2519 Heraclii
916 2479 1118 2530 iunioris,
1155 2478 1226 2533 qui
1256 2484 1298 2517 et
1330 2477 1540 2516 Constan-

65 2533 176 2574 tinus
206 2534 437 2588 appellatus
468 2541 527 2574 est
560 2542 601 2574 et
628 2535 860 2590 baptizatus
890 2541 951 2575 est
991 2551 1014 2575 a
1042 2536 1191 2589 Sergio
1221 2531 1480 2587 patriarcba.

177 2608 298 2647 Anno
340 2607 506 2661 imperii
557 2609 737 2648 Heraclii
784 2610 837 2649 22
879 2609 1089 2649 Modestus
1135 2606 1538 2659 Hierosolymitanus

63 2661 246 2702 habetur
287 2665 454 2704 antistes
501 2670 543 2704 et
572 2665 871 2706 Abubacharus
918 2665 1000 2705 dux
1042 2665 1257 2713 Arabum,
1299 2661 1373 2716 qui
1402 2662 1537 2702 tribus

64 2719 323 2773 principatus
354 2728 414 2760 est
436 2721 562 2760 annis.
621 2722 773 2762 Persae
802 2736 903 2762 vero
934 2722 1250 2761 insurrexerunt
1277 2718 1468 2768 invicem,
1497 2725 1540 2759 et

65 2788 149 2815 sese
176 2782 325 2816 mutuo
359 2777 582 2817 debellant.
661 2793 739 2831 per
769 2778 879 2819 idem
917 2791 1088 2832 quoque
1115 2783 1278 2828 tempus
1308 2789 1377 2815 rex
1410 2775 1540 2815 Indo-

68 2845 161 2871 rum
205 2833 336 2874 mittit
375 2833 735 2889 congratulatoria
777 2835 970 2877 Heraclio
1012 2834 1053 2874 in
1094 2833 1316 2873 Persarum
1345 2830 1538 2874 victoria.
