1728 3184
663 173 867 216 NOTAE.
1397 165 1494 217 485

139 290 242 345 466,
269 290 309 334 3.
365 292 472 346 μηνὶ
501 289 736 348 Ἀπριλλίῳ
765 290 827 345 δ’]
870 293 1050 334 Heraclii
1090 299 1204 349 gesta
1228 293 1495 349 Theophani,

31 352 76 389 et
102 348 309 390 chronico
351 348 574 390 Alexandr.
618 349 903 390 concordibus
931 349 1096 404 scriptis
1126 350 1271 404 relata,
1293 351 1334 390 in
1365 364 1496 392 annos

30 404 136 446 duos
172 405 428 460 posteriores
469 406 521 445 ab
568 404 647 445 isto
684 410 975 459 seponuntur:
1017 407 1216 460 quocirca
1263 407 1499 460 praesentia

30 460 83 501 ad
109 461 291 503 Heraclii
322 457 374 502 14
412 468 455 502 et
491 461 765 502 indictionem
800 461 851 502 12
892 467 1139 503 occurrunt.
1203 463 1400 516 legendae
1427 461 1499 504 hic

29 517 460 616 pssaeeclzzaefill'etavii
493 517 763 559 coniecturae
789 516 831 558 iu
860 516 1159 572 Nicephorum,
1188 519 1380 560 editionis
1410 520 1495 560 Re..

29 588 55 629 g
143 577 248 682 ἷόἰῒί.
281 641 322 681 5.
380 636 522 692 λαβών
550 638 598 680 δὲ
626 637 678 681 τὰ
720 638 804 681 τῶν
830 637 999 694 εὖαγαῖν
1029 634 1154 681 οἴκων
1176 638 1395 696 χρήματα]
1424 640 1497 681 Νί-

29 697 240 753 cephorus
269 697 324 738 ad
355 712 510 737 annum
543 696 639 737 621.
1228 721 1233 726 -

142 770 251 814 Ibid.
277 769 323 820 7.
386 767 697 824 πολυκᾰνδηλα]
740 767 956 821 κανδῆλα,
989 768 1160 809 lucerna
1190 775 1249 808 est
1278 768 1423 808 lumini
1453 783 1500 810 ex

29 827 126 868 oleo
155 825 424 868 accendendo
454 825 618 866 idonea.
651 822 966 879 πολυκιὶνδηλον
996 822 1157 872 σκεῦος.
1187 823 1284 865 inde
1314 825 1470 865 oritur.

137 897 252 941 Ibid.
281 898 323 940 8.
379 898 641 951 μιλιαρίσια]
671 897 832 938 Suidas.
888 896 1162 950 μιλιαρίσιον,
1193 893 1241 937 τὸ
1271 896 1347 936 τοῦ
1378 897 1500 946 νομί.

32 967 192 1005 σματος
221 954 478 1005 δωδέκατον,
509 953 756 995 duodecima
770 955 1022 994 numismatis
1042 967 1158 1007 pars.
1217 952 1339 1006 plura
1356 956 1503 994 Meur-

29 1012 128 1059 sius‚
162 1017 205 1052 et
233 1010 285 1051 ad
325 1026 505 1066 aequum
534 1010 755 1051 doctrinae
797 1009 961 1064 pondus
991 1009 1183 1050 Petavius
1210 1009 1292 1049 suis
1325 1010 1366 1050 in
1395 1009 1503 1063 Epi-

28 1068 231 1122 phaniam
262 1068 384 1108 notis.

139 1131 249 1177 Ibicl.
287 1133 326 1175 9.
395 1134 590 1175 κατέλιπε
628 1132 676 1174 δὲ
716 1129 791 1174 τὸν
831 1128 938 1173 ἴδιον
965 1128 1083 1187 υἱόν]
1126 1132 1386 1186 Nicepliorus
1425 1146 1503 1186 pa-

31 1191 218 1232 triarcha
248 1205 356 1231 anno
387 1189 483 1231 622.
552 1190 625 1245 qui
653 1203 788 1244 porro
825 1187 895 1229 hic
939 1185 1143 1242 Βονοσός,
1173 1188 1377 1230 chronico
1405 1190 1504 1229 Ale..

29 1247 175 1289 xaudr.
203 1243 350 1299 Βόιός,
382 1246 619 1302 Nicephoro
644 1247 790 1293 Βῶνος
816 1244 1028 1285 scribitur.

129 1316 244 1371 ·467,
273 1319 315 1360 5.
378 1318 555 1375 μορφήν
597 1315 650 1372 ἢν
674 1321 818 1371 χεῖρες
844 1316 921 1356 οῦκ
950 1313 1162 1369 ἔγραψαν]
1192 1316 1244 1357 de
1272 1331 1355 1371 qua
1384 1318 1504 1357 laco-

33 1376 111 1417 bus
139 1377 360 1418 Gretserus
390 1377 526 1430 ample
557 1375 759 1430 opusculo
790 1373 841 1414 de
868 1373 1113 1427 imaginibus
1143 1386 1229 1413 non
1258 1372 1522 1420 manufactis

35 1447 156 1488 capp.
189 1429 243 1474 14
272 1438 314 1473 et
350 1433 418 1485 15,
447 1438 490 1472 et
517 1433 720 1472 Bai-ouius
751 1430 803 1470 ad
839 1430 884 1470 C.
915 1444 1070 1469 annum
1099 1427 1196 1472 621.

146 1500 247 1556 468,
281 1504 346 1545 12.
403 1504 566 1557 πλῆθος
606 1500 789 1557 ἱππέων]
830 1517 881 1541 an
920 1501 1033 1556 quod
1064 1500 1187 1542 aliter
1211 1500 1361 1555 legerit
1393 1500 1506 1539 Ana..

33 1561 196 1612 saisias,
226 1561 560 1615 interpretatur?
617 1560 918 1600 Saracenorum
948 1572 1044 1597 vem
1073 1558 1146 1597 sub
1167 1557 1307 1612 pactis
1338 1555 1400 1609 (id
1430 1561 1506 1606 est,

32 1633 213 1672 appensa
240 1618 439 1672 pecunia)
480 1619 710 1657 Persarum
749 1615 1050 1655 constitutorum
1089 1611 1306 1653 multitudo
1331 1613 1508 1668 equitum

34 1676 146 1716 clam
171 1677 218 1715 in
246 1676 346 1730 imp.
374 1675 532 1713 irruere
558 1672 838 1712 meditabatur.

148 1748 255 1789 Ibid.
294 1746 358 1786 17.
435 1745 690 1792 α’ποκλείσας
728 1741 752 1783 ὅ
801 1737 1006 1795 βασιλεῦς
1050 1737 1095 1780 td
1140 1737 1326 1781 Πόντιον
1363 1737 1508 1793 κλῑζιια]

35 1803 199 1859 legebat
229 1802 461 1844 Anastasius
511 1800 768 1851 ἀποκλίνας,
807 1799 935 1839 vertit
970 1797 1202 1853 siquidem:
1236 1797 1334 1852 quia
1370 1797 1510 1847 hyeme

33 1860 271 1913 accedente,
311 1863 410 1915 imp.
445 1858 505 1898 ad
543 1858 761 1899 Ponticum
807 1856 931 1897 clima
957 1854 1145 1906 divertit,
1174 1853 1305 1893 visum
1330 1861 1391 1891 est
1417 1852 1511 1891 bar-

34 1917 141 1957 haris
171 1916 356 1957 obsidere
383 1915 499 1955 illum
529 1916 573 1954 in
599 1916 673 1953 hoc
699 1915 971 1966 hyemantem.

147 1994 244 2049 469,
272 1998 312 2040 3.
371 1993 393 2037 ὅ
427 1998 475 2038 δὲ
502 1996 733 2051 βάρβαρος]
766 1995 937 2052 quidam
978 1992 1100 2034 codd.
1134 1989 1157 2032 ὃ
1186 1991 1234 2033 δὲ
1265 1986 1508 2043 Σάρβαρος·

36 2056 95 2095 ita
122 2055 289 2110 pariter
317 2054 419 2110 legit
435 2055 666 2095 Anastasius
687 2054 893 2093 scribens:
914 2051 1123 2092 Barbarus
1141 2049 1363 2090 Persarum
1384 2061 1511 2101 prae-

36 2119 122 2163 tor,
154 2118 234 2152 etc.

147 2185 256 2226 Ibid.
291 2182 354 2223 13.
410 2182 458 2222 ἐκ
482 2178 635 2222 τούτου
663 2181 820 2221 ἑδειλιά
850 2177 873 2218 ὅ
900 2175 1104 2233 σαβαρός]
1134 2177 1271 2217 invitis
1304 2173 1511 2228 exempla-

36 2241 154 2282 ribus
174 2240 337 2281 cunctis
366 2239 472 2293 lego,
500 2235 523 2276 ὅ
552 2233 790 2288 Σὰρβαρος,
820 2236 1050 2277 Anastasius
1079 2235 1236 2289 quippe
1254 2234 1512 2284 interpreta-

36 2302 128 2338 tur:
160 2313 219 2338 ex
246 2299 318 2338 Izoc
342 2293 607 2341 fbrtnidabat
623 2294 824 2333 Sarbarus
853 2307 942 2333 cum
970 2295 1068 2347 imp.
1094 2288 1297 2343 congredi,
1320 2294 1399 2327 etc.

149 2366 246 2420 470,
273 2368 314 2410 3.
372 2362 693 2421 ἐσκηνοβάῐουν]
731 2366 1026 2406 mombantur:
1057 2363 1116 2404 ait
1143 2360 1395 2403 Anastasius:
1420 2356 1513 2398 vult

39 2426 198 2482 quippe
227 2428 441 2467 Romanos
475 2423 535 2463 ibi
567 2423 708 2463 sedem
732 2422 939 2462 habuisse.

150 2509 320 2554 Ibid.8.
378 2504 399 2548 ὃ
430 2507 477 2548 δὲ
506 2503 694 2559 σοβαρὸς
718 2505 886 2559 μηκέτι]
916 2502 1146 2545 Anastasius
1175 2513 1340 2539 rursum
1370 2511 1515 2538 exem-

38 2565 176 2620 plaria
206 2572 350 2606 nostra
377 2564 562 2604 falsitatis
592 2562 807 2603 convincit
835 2561 912 2601 hac
948 2557 1314 2613 interpretatione:
1346 2563 1393 2595 at
1418 2566 1516 2593 vero

39 2621 243 2663 Sat-barus
259 2618 371 2663 altra
397 2620 758 2662 commorationem
785 2632 866 2658 non
875 2619 1044 2670 fimus,
1073 2619 1152 2655 etc.

156 2700 253 2758 471,
285 2704 349 2746 14.
423 2698 556 2759 τούτῳ
596 2702 654 2758 τῷ
700 2697 786 2742 ἔτει
831 2697 995 2751 Μάμεδ
1037 2693 1189 2750 ἐφάνη]
1222 2691 1518 2755 celeberrimae

45 2761 160 2816 apud
189 2760 506 2802 mahumetanos
535 2773 678 2800 omnes
708 2772 756 2798 ac
776 2755 1002 2798 Orientalis
1030 2753 1176 2807 plagae
1204 2749 1359 2803 incolas
1386 2749 1515 2802 Hegi-
