<?xml version="1.0" encoding="UTF-8"?>
<!DOCTYPE html PUBLIC "-//W3C//DTD XHTML 1.0 Transitional//EN"
    "http://www.w3.org/TR/xhtml1/DTD/xhtml1-transitional.dtd">
<html xmlns="http://www.w3.org/1999/xhtml" xml:lang="en" lang="en">
 <head>
  <title>
</title>
<meta http-equiv="Content-Type" content="text/html;charset=utf-8" />
  <meta name='ocr-system' content='tesseract 3.04.00' />
  <meta name='ocr-capabilities' content='ocr_page ocr_carea ocr_par ocr_line ocrx_word'/>
</head>
<body>
  <div class='ocr_page' id='page_1' title='image "./corpusscriptorum47niebuoft_0073.png"; bbox 0 0 1768 3268; ppageno 0'>
   <div class='ocr_carea' id='block_1_1' title="bbox 548 199 1517 248">
    <p class='ocr_par' dir='ltr' id='par_1_1' title="bbox 548 199 1517 248">
     <span class='ocr_line' id='line_1_1' title="bbox 548 199 1517 248; baseline 0.004 -4"><span class='ocrx_word' id='word_1_1' title='bbox 548 201 620 244; x_wconf 74' lang='lat' dir='ltr'><strong>Ex</strong></span> <span class='ocrx_word' id='word_1_2' title='bbox 657 200 1007 244; x_wconf 60' lang='lat' dir='ltr'><strong>&#39;mmmm-113.</strong></span> <span class='ocrx_word' id='word_1_3' title='bbox 1452 199 1517 248; x_wconf 82' lang='lat'><strong>63</strong></span> 
     </span>
    </p>
   </div>
   <div class='ocr_carea' id='block_1_2' title="bbox 29 305 1728 2746">
    <p class='ocr_par' dir='ltr' id='par_1_2' title="bbox 29 305 1728 2746">
     <span class='ocr_line' id='line_1_2' title="bbox 46 305 1728 362; baseline -0.004 -11"><span class='ocrx_word' id='word_1_4' title='bbox 46 308 230 351; x_wconf 78' lang='lat' dir='ltr'><strong>coneilio</strong></span> <span class='ocrx_word' id='word_1_5' title='bbox 258 305 480 350; x_wconf 83' lang='lat' dir='ltr'><strong>retinendi.</strong></span> <span class='ocrx_word' id='word_1_6' title='bbox 540 306 685 362; x_wconf 82' lang='lat' dir='ltr'><strong>itaque</strong></span> <span class='ocrx_word' id='word_1_7' title='bbox 705 305 903 361; x_wconf 76' lang='lat' dir='ltr'><strong>vigesimo</strong></span> <span class='ocrx_word' id='word_1_8' title='bbox 934 305 1085 362; x_wconf 84' lang='lat' dir='ltr'><strong>quinto</strong></span> <span class='ocrx_word' id='word_1_9' title='bbox 1118 306 1287 362; x_wconf 83' lang='lat' dir='ltr'><strong>imperil</strong></span> <span class='ocrx_word' id='word_1_10' title='bbox 1314 307 1566 359; x_wconf 80' lang='lat' dir='ltr'><strong>Theodo-p-</strong></span> <span class='ocrx_word' id='word_1_11' title='bbox 1589 310 1657 346; x_wconf 78' lang='lat'><strong>138</strong></span> <span class='ocrx_word' id='word_1_12' title='bbox 1684 309 1728 346; x_wconf 72' lang='lat'><strong>14</strong></span> 
     </span>
     <span class='ocr_line' id='line_1_3' title="bbox 44 361 1517 421; baseline -0.001 -13"><span class='ocrx_word' id='word_1_13' title='bbox 44 366 94 409; x_wconf 90' lang='lat' dir='ltr'><strong>sii</strong></span> <span class='ocrx_word' id='word_1_14' title='bbox 121 380 233 407; x_wconf 86' lang='lat' dir='ltr'><strong>anno</strong></span> <span class='ocrx_word' id='word_1_15' title='bbox 279 364 392 420; x_wconf 88' lang='lat' dir='ltr'><strong>apud</strong></span> <span class='ocrx_word' id='word_1_16' title='bbox 421 361 634 418; x_wconf 83' lang='lat' dir='ltr'>Ephesum</span> <span class='ocrx_word' id='word_1_17' title='bbox 681 362 922 403; x_wconf 87' lang='lat' dir='ltr'><strong>celebratur</strong></span> <span class='ocrx_word' id='word_1_18' title='bbox 961 363 1087 404; x_wconf 83' lang='lat' dir='ltr'><strong>tertia</strong></span> <span class='ocrx_word' id='word_1_19' title='bbox 1129 371 1272 405; x_wconf 88' lang='lat' dir='ltr'><strong>sancta</strong></span> <span class='ocrx_word' id='word_1_20' title='bbox 1318 365 1517 421; x_wconf 82' lang='lat' dir='ltr'><strong>synodus.</strong></span> 
     </span>
     <span class='ocr_line' id='line_1_4' title="bbox 45 419 1517 472; baseline -0.001 -8"><span class='ocrx_word' id='word_1_21' title='bbox 45 423 238 464; x_wconf 84' lang='lat' dir='ltr'><strong>omnibus</strong></span> <span class='ocrx_word' id='word_1_22' title='bbox 264 436 363 463; x_wconf 85' lang='lat' dir='ltr'><strong>sane</strong></span> <span class='ocrx_word' id='word_1_23' title='bbox 400 419 653 461; x_wconf 78' lang='lat' dir='ltr'><strong>antistitibus</strong></span> <span class='ocrx_word' id='word_1_24' title='bbox 681 419 1056 472; x_wconf 85' lang='lat' dir='ltr'><strong>convenientibus,</strong></span> <span class='ocrx_word' id='word_1_25' title='bbox 1087 421 1261 461; x_wconf 83' lang='lat' dir='ltr'><strong>loannes</strong></span> <span class='ocrx_word' id='word_1_26' title='bbox 1289 422 1517 464; x_wconf 82' lang='lat' dir='ltr'><strong>Antioche-</strong></span> 
     </span>
     <span class='ocr_line' id='line_1_5' title="bbox 44 475 1517 532; baseline -0.001 -11"><span class='ocrx_word' id='word_1_27' title='bbox 44 494 120 521; x_wconf 86' lang='lat' dir='ltr'><strong>nus</strong></span> <span class='ocrx_word' id='word_1_28' title='bbox 146 483 190 520; x_wconf 86' lang='lat' dir='ltr'><strong>et</strong></span> <span class='ocrx_word' id='word_1_29' title='bbox 234 478 470 520; x_wconf 86' lang='lat' dir='ltr'><strong>Orientales</strong></span> <span class='ocrx_word' id='word_1_30' title='bbox 508 476 550 516; x_wconf 87' lang='lat' dir='ltr'><strong>in</strong></span> <span class='ocrx_word' id='word_1_31' title='bbox 581 475 693 517; x_wconf 86' lang='lat' dir='ltr'><strong>dicta</strong></span> <span class='ocrx_word' id='word_1_32' title='bbox 721 475 814 528; x_wconf 83' lang='lat' dir='ltr'><strong>die,</strong></span> <span class='ocrx_word' id='word_1_33' title='bbox 844 482 887 517; x_wconf 91' lang='lat' dir='ltr'><strong>et</strong></span> <span class='ocrx_word' id='word_1_34' title='bbox 914 491 1023 532; x_wconf 85' lang='lat' dir='ltr'><strong>quae</strong></span> <span class='ocrx_word' id='word_1_35' title='bbox 1062 482 1159 518; x_wconf 90' lang='lat' dir='ltr'><strong>ante</strong></span> <span class='ocrx_word' id='word_1_36' title='bbox 1185 483 1338 518; x_wconf 82' lang='lat' dir='ltr'><strong>statuta</strong></span> <span class='ocrx_word' id='word_1_37' title='bbox 1366 480 1517 531; x_wconf 85' lang='lat' dir='ltr'><strong>fuerat,</strong></span> 
     </span>
     <span class='ocr_line' id='line_1_6' title="bbox 43 532 1517 590; baseline -0.003 -13"><span class='ocrx_word' id='word_1_38' title='bbox 43 536 217 577; x_wconf 87' lang='lat' dir='ltr'><strong>minime</strong></span> <span class='ocrx_word' id='word_1_39' title='bbox 241 540 566 575; x_wconf 85' lang='lat' dir='ltr'><strong>concurrerunt.</strong></span> <span class='ocrx_word' id='word_1_40' title='bbox 634 547 771 587; x_wconf 88' lang='lat' dir='ltr'><strong>porro</strong></span> <span class='ocrx_word' id='word_1_41' title='bbox 805 532 967 574; x_wconf 89' lang='lat' dir='ltr'><strong>decima</strong></span> <span class='ocrx_word' id='word_1_42' title='bbox 994 540 1106 575; x_wconf 84' lang='lat' dir='ltr'><strong>sexta</strong></span> <span class='ocrx_word' id='word_1_43' title='bbox 1136 534 1205 575; x_wconf 88' lang='lat' dir='ltr'><strong>die</strong></span> <span class='ocrx_word' id='word_1_44' title='bbox 1236 539 1333 589; x_wconf 86' lang='lat' dir='ltr'><strong>post</strong></span> <span class='ocrx_word' id='word_1_45' title='bbox 1360 537 1517 590; x_wconf 83' lang='lat' dir='ltr'><strong>praefi-</strong></span> 
     </span>
     <span class='ocr_line' id='line_1_7' title="bbox 44 590 1518 644; baseline 0 -11"><span class='ocrx_word' id='word_1_46' title='bbox 44 593 200 643; x_wconf 87' lang='lat' dir='ltr'><strong>nitam,</strong></span> <span class='ocrx_word' id='word_1_47' title='bbox 229 593 385 633; x_wconf 83' lang='lat' dir='ltr'><strong>Ioanne</strong></span> <span class='ocrx_word' id='word_1_48' title='bbox 425 604 512 631; x_wconf 85' lang='lat' dir='ltr'><strong>non</strong></span> <span class='ocrx_word' id='word_1_49' title='bbox 548 590 761 641; x_wconf 88' lang='lat' dir='ltr'><strong>veniente,</strong></span> <span class='ocrx_word' id='word_1_50' title='bbox 790 590 985 644; x_wconf 87' lang='lat' dir='ltr'><strong>pervenit</strong></span> <span class='ocrx_word' id='word_1_51' title='bbox 1022 591 1236 632; x_wconf 82' lang='lat' dir='ltr'><strong>Nestorius</strong></span> <span class='ocrx_word' id='word_1_52' title='bbox 1265 605 1360 631; x_wconf 88' lang='lat' dir='ltr'><strong>cum</strong></span> <span class='ocrx_word' id='word_1_53' title='bbox 1386 594 1518 633; x_wconf 89' lang='lat' dir='ltr'><strong>multa</strong></span> 
     </span>
     <span class='ocr_line' id='line_1_8' title="bbox 42 646 1518 704; baseline 0 -14"><span class='ocrx_word' id='word_1_54' title='bbox 42 649 259 701; x_wconf 75' lang='lat' dir='ltr'><strong>iactantia,</strong></span> <span class='ocrx_word' id='word_1_55' title='bbox 289 647 569 703; x_wconf 85' lang='lat' dir='ltr'><strong>vicesimaque</strong></span> <span class='ocrx_word' id='word_1_56' title='bbox 598 646 748 687; x_wconf 85' lang='lat' dir='ltr'><strong>mensis</strong></span> <span class='ocrx_word' id='word_1_57' title='bbox 769 646 876 687; x_wconf 86' lang='lat' dir='ltr'><strong>Iunii</strong></span> <span class='ocrx_word' id='word_1_58' title='bbox 896 646 964 687; x_wconf 88' lang='lat' dir='ltr'><strong>die</strong></span> <span class='ocrx_word' id='word_1_59' title='bbox 990 647 1200 688; x_wconf 88' lang='lat' dir='ltr'><strong>celebrata</strong></span> <span class='ocrx_word' id='word_1_60' title='bbox 1233 653 1294 688; x_wconf 72' lang='lat' dir='ltr'><strong>est</strong></span> <span class='ocrx_word' id='word_1_61' title='bbox 1321 649 1518 704; x_wconf 85' lang='lat' dir='ltr'><strong>synodus,</strong></span> 
     </span>
     <span class='ocr_line' id='line_1_9' title="bbox 41 702 1516 761; baseline -0.001 -13"><span class='ocrx_word' id='word_1_62' title='bbox 41 705 240 748; x_wconf 76' lang='lat' dir='ltr'><strong>Nestor-io</strong></span> <span class='ocrx_word' id='word_1_63' title='bbox 286 703 446 761; x_wconf 86' lang='lat' dir='ltr'><strong>Cyrillo</strong></span> <span class='ocrx_word' id='word_1_64' title='bbox 488 710 531 744; x_wconf 90' lang='lat' dir='ltr'><strong>et</strong></span> <span class='ocrx_word' id='word_1_65' title='bbox 565 703 749 744; x_wconf 89' lang='lat' dir='ltr'><strong>Iuvenali</strong></span> <span class='ocrx_word' id='word_1_66' title='bbox 787 702 1131 758; x_wconf 81' lang='lat' dir='ltr'><strong>praesidentibus.</strong></span> <span class='ocrx_word' id='word_1_67' title='bbox 1189 717 1325 760; x_wconf 84' lang='lat' dir='ltr'><strong>porro</strong></span> <span class='ocrx_word' id='word_1_68' title='bbox 1357 705 1516 761; x_wconf 90' lang='lat' dir='ltr'><strong>Cyrillo</strong></span> 
     </span>
     <span class='ocr_line' id='line_1_10' title="bbox 43 759 1518 818; baseline 0 -15"><span class='ocrx_word' id='word_1_69' title='bbox 43 762 226 804; x_wconf 78' lang='lat' dir='ltr'><strong>Romani</strong></span> <span class='ocrx_word' id='word_1_70' title='bbox 253 759 466 818; x_wconf 82' lang='lat' dir='ltr'><strong>pontificis</strong></span> <span class='ocrx_word' id='word_1_71' title='bbox 482 760 591 801; x_wconf 90' lang='lat' dir='ltr'><strong>vices</strong></span> <span class='ocrx_word' id='word_1_72' title='bbox 609 765 757 816; x_wconf 82' lang='lat' dir='ltr'><strong>agente</strong></span> <span class='ocrx_word' id='word_1_73' title='bbox 777 767 820 801; x_wconf 91' lang='lat' dir='ltr'><strong>et</strong></span> <span class='ocrx_word' id='word_1_74' title='bbox 841 766 992 801; x_wconf 88' lang='lat' dir='ltr'><strong>cuncta</strong></span> <span class='ocrx_word' id='word_1_75' title='bbox 1014 759 1252 816; x_wconf 84' lang='lat' dir='ltr'><strong>theologice</strong></span> <span class='ocrx_word' id='word_1_76' title='bbox 1266 760 1518 816; x_wconf 82' lang='lat' dir='ltr'><strong>disputante,</strong></span> 
     </span>
     <span class='ocr_line' id='line_1_11' title="bbox 42 815 1519 873; baseline 0 -14"><span class='ocrx_word' id='word_1_77' title='bbox 42 818 149 860; x_wconf 85' lang='lat' dir='ltr'><strong>dicit</strong></span> <span class='ocrx_word' id='word_1_78' title='bbox 163 817 379 860; x_wconf 84' lang='lat' dir='ltr'><strong>Nestorius</strong></span> <span class='ocrx_word' id='word_1_79' title='bbox 401 831 498 858; x_wconf 90' lang='lat' dir='ltr'><strong>cum</strong></span> <span class='ocrx_word' id='word_1_80' title='bbox 517 815 649 857; x_wconf 88' lang='lat' dir='ltr'><strong>multa</strong></span> <span class='ocrx_word' id='word_1_81' title='bbox 668 817 867 858; x_wconf 89' lang='lat' dir='ltr'><strong>iaetantia</strong></span> <span class='ocrx_word' id='word_1_82' title='bbox 898 821 1003 872; x_wconf 78' lang='lat' dir='ltr'><strong>“ego</strong></span> <span class='ocrx_word' id='word_1_83' title='bbox 1035 818 1152 859; x_wconf 86' lang='lat' dir='ltr'><strong>illum</strong></span> <span class='ocrx_word' id='word_1_84' title='bbox 1180 818 1253 873; x_wconf 86' lang='lat' dir='ltr'><strong>qui</strong></span> <span class='ocrx_word' id='word_1_85' title='bbox 1281 818 1519 859; x_wconf 81' lang='lat' dir='ltr'><strong>bimenstris</strong></span> 
     </span>
     <span class='ocr_line' id='line_1_12' title="bbox 42 873 1518 930; baseline 0.001 -14"><span class='ocrx_word' id='word_1_86' title='bbox 42 883 84 916; x_wconf 84' lang='lat' dir='ltr'><strong>et</strong></span> <span class='ocrx_word' id='word_1_87' title='bbox 104 874 357 917; x_wconf 82' lang='lat' dir='ltr'><strong>trimenstris</strong></span> <span class='ocrx_word' id='word_1_88' title='bbox 377 874 511 915; x_wconf 85' lang='lat' dir='ltr'><strong>factus</strong></span> <span class='ocrx_word' id='word_1_89' title='bbox 530 879 603 925; x_wconf 87' lang='lat' dir='ltr'><strong>est,</strong></span> <span class='ocrx_word' id='word_1_90' title='bbox 634 888 850 930; x_wconf 88' lang='lat' dir='ltr'><strong>nunquam</strong></span> <span class='ocrx_word' id='word_1_91' title='bbox 872 873 995 915; x_wconf 89' lang='lat' dir='ltr'><strong>deum</strong></span> <span class='ocrx_word' id='word_1_92' title='bbox 1018 875 1336 926; x_wconf 84' lang='lat' dir='ltr'><strong>nominaverim,</strong></span> <span class='ocrx_word' id='word_1_93' title='bbox 1366 881 1408 916; x_wconf 87' lang='lat' dir='ltr'><strong>et</strong></span> <span class='ocrx_word' id='word_1_94' title='bbox 1424 876 1518 917; x_wconf 85' lang='lat' dir='ltr'><strong>ideo</strong></span> 
     </span>
     <span class='ocr_line' id='line_1_13' title="bbox 40 930 1521 987; baseline 0.001 -14"><span class='ocrx_word' id='word_1_95' title='bbox 40 931 219 973; x_wconf 86' lang='lat' dir='ltr'><strong>mundus</strong></span> <span class='ocrx_word' id='word_1_96' title='bbox 240 946 332 973; x_wconf 88' lang='lat' dir='ltr'><strong>sum</strong></span> <span class='ocrx_word' id='word_1_97' title='bbox 350 946 374 971; x_wconf 86' lang='lat' dir='ltr'><strong>a</strong></span> <span class='ocrx_word' id='word_1_98' title='bbox 396 931 597 987; x_wconf 85' lang='lat' dir='ltr'><strong>sanguine</strong></span> <span class='ocrx_word' id='word_1_99' title='bbox 614 937 769 982; x_wconf 83' lang='lat' dir='ltr'><strong>vestre,</strong></span> <span class='ocrx_word' id='word_1_100' title='bbox 800 936 842 972; x_wconf 91' lang='lat' dir='ltr'><strong>et</strong></span> <span class='ocrx_word' id='word_1_101' title='bbox 862 945 908 972; x_wconf 86' lang='lat' dir='ltr'><strong>ex</strong></span> <span class='ocrx_word' id='word_1_102' title='bbox 926 930 1008 972; x_wconf 90' lang='lat' dir='ltr'><strong>hoc</strong></span> <span class='ocrx_word' id='word_1_103' title='bbox 1030 931 1083 971; x_wconf 90' lang='lat' dir='ltr'><strong>ad</strong></span> <span class='ocrx_word' id='word_1_104' title='bbox 1102 945 1175 973; x_wconf 87' lang='lat' dir='ltr'><strong>vos</strong></span> <span class='ocrx_word' id='word_1_105' title='bbox 1195 931 1427 973; x_wconf 88' lang='lat' dir='ltr'><strong>nullatenus</strong></span> <span class='ocrx_word' id='word_1_106' title='bbox 1448 948 1521 974; x_wconf 89' lang='lat' dir='ltr'><strong>re-</strong></span> 
     </span>
     <span class='ocr_line' id='line_1_14' title="bbox 40 986 1519 1044; baseline 0.001 -16"><span class='ocrx_word' id='word_1_107' title='bbox 40 987 257 1043; x_wconf 80' lang='lat' dir='ltr'><strong>pedabo;&#39;’</strong></span> <span class='ocrx_word' id='word_1_108' title='bbox 286 995 331 1030; x_wconf 90' lang='lat' dir='ltr'><strong>et</strong></span> <span class='ocrx_word' id='word_1_109' title='bbox 358 987 418 1029; x_wconf 83' lang='lat' dir='ltr'><strong>his</strong></span> <span class='ocrx_word' id='word_1_110' title='bbox 439 987 559 1029; x_wconf 88' lang='lat' dir='ltr'><strong>dietis</strong></span> <span class='ocrx_word' id='word_1_111' title='bbox 578 1001 676 1029; x_wconf 89' lang='lat' dir='ltr'><strong>cum</strong></span> <span class='ocrx_word' id='word_1_112' title='bbox 691 1002 759 1028; x_wconf 88' lang='lat' dir='ltr'><strong>sex</strong></span> <span class='ocrx_word' id='word_1_113' title='bbox 778 986 996 1043; x_wconf 78' lang='lat' dir='ltr'><strong>episcopiS‚</strong></span> <span class='ocrx_word' id='word_1_114' title='bbox 1030 988 1105 1044; x_wconf 90' lang='lat' dir='ltr'><strong>qui</strong></span> <span class='ocrx_word' id='word_1_115' title='bbox 1122 989 1361 1029; x_wconf 82' lang='lat' dir='ltr'><strong>voluntarie</strong></span> <span class='ocrx_word' id='word_1_116' title='bbox 1388 989 1519 1030; x_wconf 87' lang='lat' dir='ltr'><strong>secuti</strong></span> 
     </span>
     <span class='ocr_line' id='line_1_15' title="bbox 39 1044 1519 1101; baseline 0 -15"><span class='ocrx_word' id='word_1_117' title='bbox 39 1052 139 1086; x_wconf 88' lang='lat' dir='ltr'><strong>sunt</strong></span> <span class='ocrx_word' id='word_1_118' title='bbox 170 1059 279 1092; x_wconf 89' lang='lat' dir='ltr'><strong>eum,</strong></span> <span class='ocrx_word' id='word_1_119' title='bbox 310 1044 429 1086; x_wconf 83' lang='lat' dir='ltr'><strong>abiit.</strong></span> <span class='ocrx_word' id='word_1_120' title='bbox 459 1044 489 1085; x_wconf 88' lang='lat' dir='ltr'><strong>ii</strong></span> <span class='ocrx_word' id='word_1_121' title='bbox 517 1059 622 1086; x_wconf 86' lang='lat' dir='ltr'><strong>vero</strong></span> <span class='ocrx_word' id='word_1_122' title='bbox 651 1044 726 1100; x_wconf 92' lang='lat' dir='ltr'><strong>qui</strong></span> <span class='ocrx_word' id='word_1_123' title='bbox 754 1044 867 1084; x_wconf 84' lang='lat' dir='ltr'><strong>circa</strong></span> <span class='ocrx_word' id='word_1_124' title='bbox 885 1045 1089 1101; x_wconf 87' lang='lat' dir='ltr'><strong>Cyrillum</strong></span> <span class='ocrx_word' id='word_1_125' title='bbox 1105 1051 1228 1086; x_wconf 91' lang='lat' dir='ltr'><strong>erant</strong></span> <span class='ocrx_word' id='word_1_126' title='bbox 1254 1051 1422 1100; x_wconf 87' lang='lat' dir='ltr'><strong>postera</strong></span> <span class='ocrx_word' id='word_1_127' title='bbox 1452 1045 1519 1087; x_wconf 88' lang='lat' dir='ltr'><strong>die</strong></span> 
     </span>
     <span class='ocr_line' id='line_1_16' title="bbox 41 1100 1520 1156; baseline 0.001 -14"><span class='ocrx_word' id='word_1_128' title='bbox 41 1101 356 1150; x_wconf 85' lang='lat' dir='ltr'><strong>convenientes,</strong></span> <span class='ocrx_word' id='word_1_129' title='bbox 385 1101 537 1142; x_wconf 88' lang='lat' dir='ltr'><strong>misere</strong></span> <span class='ocrx_word' id='word_1_130' title='bbox 564 1106 649 1142; x_wconf 76' lang='lat' dir='ltr'><strong>tres</strong></span> <span class='ocrx_word' id='word_1_131' title='bbox 678 1100 902 1156; x_wconf 88' lang='lat' dir='ltr'><strong>episcopos</strong></span> <span class='ocrx_word' id='word_1_132' title='bbox 922 1115 1075 1143; x_wconf 82' lang='lat' dir='ltr'><strong>vocare</strong></span> <span class='ocrx_word' id='word_1_133' title='bbox 1098 1101 1228 1154; x_wconf 88' lang='lat' dir='ltr'><strong>illum,</strong></span> <span class='ocrx_word' id='word_1_134' title='bbox 1260 1108 1303 1144; x_wconf 87' lang='lat' dir='ltr'><strong>et</strong></span> <span class='ocrx_word' id='word_1_135' title='bbox 1324 1116 1409 1142; x_wconf 92' lang='lat' dir='ltr'><strong>non</strong></span> <span class='ocrx_word' id='word_1_136' title='bbox 1437 1102 1520 1143; x_wconf 89' lang='lat' dir='ltr'><strong>ob·-</strong></span> 
     </span>
     <span class='ocr_line' id='line_1_17' title="bbox 40 1155 1519 1215; baseline 0 -17"><span class='ocrx_word' id='word_1_137' title='bbox 40 1155 215 1200; x_wconf 66' lang='lat' dir='ltr'><strong>audivit.</strong></span> <span class='ocrx_word' id='word_1_138' title='bbox 234 1158 330 1214; x_wconf 90' lang='lat' dir='ltr'><strong>pari</strong></span> <span class='ocrx_word' id='word_1_139' title='bbox 345 1158 476 1199; x_wconf 89' lang='lat' dir='ltr'><strong>modo</strong></span> <span class='ocrx_word' id='word_1_140' title='bbox 491 1156 675 1199; x_wconf 89' lang='lat' dir='ltr'><strong>secundo</strong></span> <span class='ocrx_word' id='word_1_141' title='bbox 693 1165 737 1199; x_wconf 92' lang='lat' dir='ltr'><strong>et</strong></span> <span class='ocrx_word' id='word_1_142' title='bbox 756 1158 884 1199; x_wconf 82' lang='lat' dir='ltr'><strong>tertio</strong></span> <span class='ocrx_word' id='word_1_143' title='bbox 899 1165 944 1199; x_wconf 93' lang='lat' dir='ltr'><strong>et</strong></span> <span class='ocrx_word' id='word_1_144' title='bbox 960 1163 1114 1214; x_wconf 87' lang='lat' dir='ltr'><strong>quarto</strong></span> <span class='ocrx_word' id='word_1_145' title='bbox 1134 1174 1158 1199; x_wconf 84' lang='lat' dir='ltr'><strong>a</strong></span> <span class='ocrx_word' id='word_1_146' title='bbox 1170 1159 1332 1215; x_wconf 89' lang='lat' dir='ltr'><strong>synodo</strong></span> <span class='ocrx_word' id='word_1_147' title='bbox 1356 1173 1519 1199; x_wconf 91' lang='lat' dir='ltr'><strong>convo-</strong></span> 
     </span>
     <span class='ocr_line' id='line_1_18' title="bbox 38 1214 1519 1270; baseline 0.001 -15"><span class='ocrx_word' id='word_1_148' title='bbox 38 1222 156 1256; x_wconf 86' lang='lat' dir='ltr'><strong>catus</strong></span> <span class='ocrx_word' id='word_1_149' title='bbox 184 1229 269 1256; x_wconf 88' lang='lat' dir='ltr'><strong>non</strong></span> <span class='ocrx_word' id='word_1_150' title='bbox 300 1215 434 1256; x_wconf 84' lang='lat' dir='ltr'><strong>venit:</strong></span> <span class='ocrx_word' id='word_1_151' title='bbox 463 1214 537 1256; x_wconf 89' lang='lat' dir='ltr'><strong>sed</strong></span> <span class='ocrx_word' id='word_1_152' title='bbox 567 1219 610 1256; x_wconf 90' lang='lat' dir='ltr'><strong>et</strong></span> <span class='ocrx_word' id='word_1_153' title='bbox 649 1214 740 1255; x_wconf 83' lang='lat' dir='ltr'><strong>illos</strong></span> <span class='ocrx_word' id='word_1_154' title='bbox 763 1214 838 1270; x_wconf 91' lang='lat' dir='ltr'><strong>qui</strong></span> <span class='ocrx_word' id='word_1_155' title='bbox 873 1215 983 1256; x_wconf 88' lang='lat' dir='ltr'><strong>missi</strong></span> <span class='ocrx_word' id='word_1_156' title='bbox 1015 1215 1199 1267; x_wconf 79' lang='lat' dir='ltr'><strong>fuerant,</strong></span> <span class='ocrx_word' id='word_1_157' title='bbox 1228 1215 1390 1256; x_wconf 88' lang='lat' dir='ltr'><strong>iniuriis</strong></span> <span class='ocrx_word' id='word_1_158' title='bbox 1421 1217 1519 1257; x_wconf 88' lang='lat' dir='ltr'><strong>fecit</strong></span> 
     </span>
     <span class='ocr_line' id='line_1_19' title="bbox 39 1270 1513 1327; baseline -0.002 -14"><span class='ocrx_word' id='word_1_159' title='bbox 39 1278 83 1313; x_wconf 89' lang='lat' dir='ltr'><strong>et</strong></span> <span class='ocrx_word' id='word_1_160' title='bbox 112 1270 375 1314; x_wconf 87' lang='lat' dir='ltr'><strong>contumeliis</strong></span> <span class='ocrx_word' id='word_1_161' title='bbox 405 1270 529 1312; x_wconf 78' lang='lat' dir='ltr'><strong>affici.</strong></span> <span class='ocrx_word' id='word_1_162' title='bbox 588 1277 692 1311; x_wconf 89' lang='lat' dir='ltr'><strong>tunc</strong></span> <span class='ocrx_word' id='word_1_163' title='bbox 721 1270 903 1327; x_wconf 85' lang='lat' dir='ltr'><strong>synodus</strong></span> <span class='ocrx_word' id='word_1_164' title='bbox 931 1270 1095 1312; x_wconf 89' lang='lat' dir='ltr'><strong>iniuriis</strong></span> <span class='ocrx_word' id='word_1_165' title='bbox 1125 1277 1168 1312; x_wconf 89' lang='lat' dir='ltr'><strong>et</strong></span> <span class='ocrx_word' id='word_1_166' title='bbox 1194 1272 1421 1327; x_wconf 83' lang='lat' dir='ltr'><strong>ignominia</strong></span> <span class='ocrx_word' id='word_1_167' title='bbox 1451 1273 1513 1313; x_wconf 65' lang='lat' dir='ltr'><strong>la-</strong></span> 
     </span>
     <span class='ocr_line' id='line_1_20' title="bbox 38 1327 1514 1384; baseline -0.001 -16"><span class='ocrx_word' id='word_1_168' title='bbox 38 1328 191 1370; x_wconf 87' lang='lat' dir='ltr'><strong>cessitis</strong></span> <span class='ocrx_word' id='word_1_169' title='bbox 219 1328 440 1383; x_wconf 70' lang='lat' dir='ltr'><strong>epioeopis,</strong></span> <span class='ocrx_word' id='word_1_170' title='bbox 471 1327 544 1384; x_wconf 90' lang='lat' dir='ltr'><strong>qui</strong></span> <span class='ocrx_word' id='word_1_171' title='bbox 575 1327 686 1369; x_wconf 90' lang='lat' dir='ltr'><strong>missi</strong></span> <span class='ocrx_word' id='word_1_172' title='bbox 706 1328 885 1379; x_wconf 79' lang='lat' dir='ltr'><strong>fuerant,</strong></span> <span class='ocrx_word' id='word_1_173' title='bbox 914 1328 1109 1383; x_wconf 89' lang='lat' dir='ltr'><strong>receptis,</strong></span> <span class='ocrx_word' id='word_1_174' title='bbox 1135 1329 1382 1370; x_wconf 88' lang='lat' dir='ltr'><strong>sententiam</strong></span> <span class='ocrx_word' id='word_1_175' title='bbox 1410 1343 1514 1383; x_wconf 84' lang='lat' dir='ltr'><strong>pro-</strong></span> 
     </span>
     <span class='ocr_line' id='line_1_21' title="bbox 37 1383 1514 1441; baseline 0.001 -17"><span class='ocrx_word' id='word_1_176' title='bbox 37 1385 138 1426; x_wconf 87' lang='lat' dir='ltr'><strong>tulit</strong></span> <span class='ocrx_word' id='word_1_177' title='bbox 166 1385 206 1425; x_wconf 93' lang='lat' dir='ltr'><strong>in</strong></span> <span class='ocrx_word' id='word_1_178' title='bbox 241 1399 352 1438; x_wconf 89' lang='lat' dir='ltr'><strong>eum,</strong></span> <span class='ocrx_word' id='word_1_179' title='bbox 371 1389 415 1426; x_wconf 85' lang='lat' dir='ltr'><strong>et</strong></span> <span class='ocrx_word' id='word_1_180' title='bbox 442 1383 625 1425; x_wconf 83' lang='lat' dir='ltr'><strong>alienum</strong></span> <span class='ocrx_word' id='word_1_181' title='bbox 653 1385 748 1424; x_wconf 86' lang='lat' dir='ltr'><strong>fore</strong></span> <span class='ocrx_word' id='word_1_182' title='bbox 777 1384 829 1425; x_wconf 89' lang='lat' dir='ltr'><strong>ab</strong></span> <span class='ocrx_word' id='word_1_183' title='bbox 860 1385 975 1425; x_wconf 87' lang='lat' dir='ltr'><strong>omni</strong></span> <span class='ocrx_word' id='word_1_184' title='bbox 994 1399 1112 1426; x_wconf 88' lang='lat' dir='ltr'><strong>sacra</strong></span> <span class='ocrx_word' id='word_1_185' title='bbox 1134 1385 1335 1441; x_wconf 80' lang='lat' dir='ltr'><strong>dignitate</strong></span> <span class='ocrx_word' id='word_1_186' title='bbox 1364 1385 1514 1426; x_wconf 88' lang='lat' dir='ltr'><strong>decre-</strong></span> 
     </span>
     <span class='ocr_line' id='line_1_22' title="bbox 38 1440 1514 1496; baseline 0.001 -14"><span class='ocrx_word' id='word_1_187' title='bbox 38 1441 112 1494; x_wconf 88' lang='lat' dir='ltr'><strong>vit,</strong></span> <span class='ocrx_word' id='word_1_188' title='bbox 149 1441 191 1482; x_wconf 87' lang='lat' dir='ltr'><strong>in</strong></span> <span class='ocrx_word' id='word_1_189' title='bbox 229 1441 379 1483; x_wconf 76' lang='lat' dir='ltr'><strong>faciem</strong></span> <span class='ocrx_word' id='word_1_190' title='bbox 409 1440 447 1493; x_wconf 72' lang='lat'><strong>⁴¹)</strong></span> <span class='ocrx_word' id='word_1_191' title='bbox 485 1440 524 1481; x_wconf 91' lang='lat' dir='ltr'><strong>ei</strong></span> <span class='ocrx_word' id='word_1_192' title='bbox 569 1440 833 1494; x_wconf 89' lang='lat' dir='ltr'><strong>depositione</strong></span> <span class='ocrx_word' id='word_1_193' title='bbox 878 1441 1006 1496; x_wconf 89' lang='lat' dir='ltr'><strong>ipsius</strong></span> <span class='ocrx_word' id='word_1_194' title='bbox 1044 1442 1296 1483; x_wconf 87' lang='lat' dir='ltr'><strong>transmissa.</strong></span> <span class='ocrx_word' id='word_1_195' title='bbox 1363 1441 1426 1483; x_wconf 86' lang='lat' dir='ltr'><strong>bis</strong></span> <span class='ocrx_word' id='word_1_196' title='bbox 1456 1443 1514 1484; x_wconf 88' lang='lat' dir='ltr'><strong>ita</strong></span> 
     </span>
     <span class='ocr_line' id='line_1_23' title="bbox 35 1496 1511 1554; baseline 0 -16"><span class='ocrx_word' id='word_1_197' title='bbox 35 1497 162 1540; x_wconf 81' lang='lat' dir='ltr'><strong>finitis</strong></span> <span class='ocrx_word' id='word_1_198' title='bbox 191 1497 306 1540; x_wconf 90' lang='lat' dir='ltr'><strong>venit</strong></span> <span class='ocrx_word' id='word_1_199' title='bbox 334 1502 431 1552; x_wconf 88' lang='lat' dir='ltr'><strong>post</strong></span> <span class='ocrx_word' id='word_1_200' title='bbox 458 1502 543 1538; x_wconf 75' lang='lat' dir='ltr'><strong>tres</strong></span> <span class='ocrx_word' id='word_1_201' title='bbox 574 1496 658 1538; x_wconf 76' lang='lat' dir='ltr'><strong>dies</strong></span> <span class='ocrx_word' id='word_1_202' title='bbox 686 1498 860 1538; x_wconf 75' lang='lat' dir='ltr'><strong>Ioannes</strong></span> <span class='ocrx_word' id='word_1_203' title='bbox 887 1496 1171 1539; x_wconf 83' lang='lat' dir='ltr'><strong>Antiochenus</strong></span> <span class='ocrx_word' id='word_1_204' title='bbox 1199 1499 1416 1554; x_wconf 88' lang='lat' dir='ltr'><strong>episcopus</strong></span> <span class='ocrx_word' id='word_1_205' title='bbox 1447 1498 1511 1539; x_wconf 84' lang='lat' dir='ltr'><strong>vi-</strong></span> 
     </span>
     <span class='ocr_line' id='line_1_24' title="bbox 37 1552 1511 1611; baseline -0.002 -16"><span class='ocrx_word' id='word_1_206' title='bbox 37 1555 143 1610; x_wconf 82' lang='lat' dir='ltr'><strong>giuti</strong></span> <span class='ocrx_word' id='word_1_207' title='bbox 171 1569 240 1596; x_wconf 85' lang='lat' dir='ltr'><strong>sex</strong></span> <span class='ocrx_word' id='word_1_208' title='bbox 265 1569 408 1597; x_wconf 87' lang='lat' dir='ltr'><strong>secum</strong></span> <span class='ocrx_word' id='word_1_209' title='bbox 434 1553 640 1609; x_wconf 85' lang='lat' dir='ltr'><strong>episcopis</strong></span> <span class='ocrx_word' id='word_1_210' title='bbox 669 1552 845 1603; x_wconf 77' lang='lat' dir='ltr'><strong>habitis3</strong></span> <span class='ocrx_word' id='word_1_211' title='bbox 879 1554 953 1611; x_wconf 87' lang='lat' dir='ltr'><strong>qui</strong></span> <span class='ocrx_word' id='word_1_212' title='bbox 981 1569 1079 1595; x_wconf 90' lang='lat' dir='ltr'><strong>cnm</strong></span> <span class='ocrx_word' id='word_1_213' title='bbox 1099 1554 1335 1596; x_wconf 87' lang='lat' dir='ltr'><strong>didicissent</strong></span> <span class='ocrx_word' id='word_1_214' title='bbox 1365 1556 1511 1596; x_wconf 83' lang='lat' dir='ltr'><strong>Nesto-</strong></span> 
     </span>
     <span class='ocr_line' id='line_1_25' title="bbox 40 1609 1510 1665; baseline -0.001 -13"><span class='ocrx_word' id='word_1_215' title='bbox 40 1610 152 1652; x_wconf 87' lang='lat' dir='ltr'><strong>rium</strong></span> <span class='ocrx_word' id='word_1_216' title='bbox 181 1611 265 1652; x_wconf 82' lang='lat' dir='ltr'><strong>iam</strong></span> <span class='ocrx_word' id='word_1_217' title='bbox 293 1609 544 1665; x_wconf 87' lang='lat' dir='ltr'><strong>depositum,</strong></span> <span class='ocrx_word' id='word_1_218' title='bbox 571 1610 684 1652; x_wconf 88' lang='lat' dir='ltr'><strong>scissi</strong></span> <span class='ocrx_word' id='word_1_219' title='bbox 711 1625 735 1651; x_wconf 84' lang='lat' dir='ltr'><strong>a</strong></span> <span class='ocrx_word' id='word_1_220' title='bbox 758 1616 896 1651; x_wconf 86' lang='lat' dir='ltr'><strong>sancta</strong></span> <span class='ocrx_word' id='word_1_221' title='bbox 926 1610 1087 1665; x_wconf 84' lang='lat' dir='ltr'><strong>synodo</strong></span> <span class='ocrx_word' id='word_1_222' title='bbox 1119 1618 1162 1653; x_wconf 88' lang='lat' dir='ltr'><strong>et</strong></span> <span class='ocrx_word' id='word_1_223' title='bbox 1190 1627 1286 1653; x_wconf 90' lang='lat' dir='ltr'><strong>cum</strong></span> <span class='ocrx_word' id='word_1_224' title='bbox 1315 1612 1510 1653; x_wconf 79' lang='lat' dir='ltr'><strong>Nestor-io</strong></span> 
     </span>
     <span class='ocr_line' id='line_1_26' title="bbox 38 1667 1510 1725; baseline 0.001 -18"><span class='ocrx_word' id='word_1_225' title='bbox 38 1667 297 1710; x_wconf 82' lang='lat' dir='ltr'><strong>considentes</strong></span> <span class='ocrx_word' id='word_1_226' title='bbox 320 1667 566 1722; x_wconf 84' lang='lat' dir='ltr'><strong>deposuere,</strong></span> <span class='ocrx_word' id='word_1_227' title='bbox 595 1674 643 1708; x_wconf 92' lang='lat' dir='ltr'><strong>ut</strong></span> <span class='ocrx_word' id='word_1_228' title='bbox 673 1667 974 1722; x_wconf 85' lang='lat' dir='ltr'><strong>opinabantur,</strong></span> <span class='ocrx_word' id='word_1_229' title='bbox 1013 1668 1216 1725; x_wconf 87' lang='lat' dir='ltr'><strong>Cyrillum</strong></span> <span class='ocrx_word' id='word_1_230' title='bbox 1247 1674 1290 1710; x_wconf 88' lang='lat' dir='ltr'><strong>et</strong></span> <span class='ocrx_word' id='word_1_231' title='bbox 1316 1671 1510 1710; x_wconf 88' lang='lat' dir='ltr'><strong>Memno-</strong></span> 
     </span>
     <span class='ocr_line' id='line_1_27' title="bbox 38 1723 1638 1783; baseline 0.001 -18"><span class='ocrx_word' id='word_1_232' title='bbox 38 1739 133 1766; x_wconf 91' lang='lat' dir='ltr'><strong>nem</strong></span> <span class='ocrx_word' id='word_1_233' title='bbox 162 1724 433 1779; x_wconf 87' lang='lat' dir='ltr'><strong>Ephesinum.</strong></span> <span class='ocrx_word' id='word_1_234' title='bbox 491 1723 777 1766; x_wconf 83' lang='lat' dir='ltr'><strong>Theodoritus</strong></span> <span class='ocrx_word' id='word_1_235' title='bbox 797 1738 894 1765; x_wconf 90' lang='lat' dir='ltr'><strong>sane</strong></span> <span class='ocrx_word' id='word_1_236' title='bbox 924 1732 1076 1780; x_wconf 88' lang='lat' dir='ltr'><strong>putans</strong></span> <span class='ocrx_word' id='word_1_237' title='bbox 1096 1725 1299 1782; x_wconf 85' lang='lat' dir='ltr'><strong>Cyrillum</strong></span> <span class='ocrx_word' id='word_1_238' title='bbox 1330 1729 1372 1766; x_wconf 90' lang='lat' dir='ltr'><strong>in</strong></span> <span class='ocrx_word' id='word_1_239' title='bbox 1399 1725 1508 1766; x_wconf 84' lang='lat' dir='ltr'><strong>duo·</strong></span> <span class='ocrx_word' id='word_1_240' title='bbox 1521 1735 1638 1783; x_wconf 81' lang='lat' dir='ltr'><strong>p.140</strong></span> 
     </span>
     <span class='ocr_line' id='line_1_28' title="bbox 37 1780 1508 1836; baseline 0.001 -15"><span class='ocrx_word' id='word_1_241' title='bbox 37 1780 173 1822; x_wconf 88' lang='lat' dir='ltr'><strong>decim</strong></span> <span class='ocrx_word' id='word_1_242' title='bbox 205 1780 388 1835; x_wconf 85' lang='lat' dir='ltr'><strong>capitula</strong></span> <span class='ocrx_word' id='word_1_243' title='bbox 421 1780 656 1834; x_wconf 76' lang='lat' dir='ltr'><strong>offendisse,</strong></span> <span class='ocrx_word' id='word_1_244' title='bbox 686 1786 858 1836; x_wconf 88' lang='lat' dir='ltr'><strong>praeter</strong></span> <span class='ocrx_word' id='word_1_245' title='bbox 877 1782 1096 1824; x_wconf 83' lang='lat' dir='ltr'><strong>veritatem</strong></span> <span class='ocrx_word' id='word_1_246' title='bbox 1126 1783 1414 1824; x_wconf 86' lang='lat' dir='ltr'><strong>narrationem</strong></span> <span class='ocrx_word' id='word_1_247' title='bbox 1443 1784 1508 1823; x_wconf 86' lang='lat' dir='ltr'><strong>fa.-</strong></span> 
     </span>
     <span class='ocr_line' id='line_1_29' title="bbox 35 1837 1508 1895; baseline 0 -17"><span class='ocrx_word' id='word_1_248' title='bbox 35 1838 161 1890; x_wconf 87' lang='lat' dir='ltr'><strong>ciens,</strong></span> <span class='ocrx_word' id='word_1_249' title='bbox 195 1838 351 1879; x_wconf 86' lang='lat' dir='ltr'><strong>ibidem</strong></span> <span class='ocrx_word' id='word_1_250' title='bbox 378 1837 558 1879; x_wconf 84' lang='lat' dir='ltr'><strong>Nestorii</strong></span> <span class='ocrx_word' id='word_1_251' title='bbox 587 1852 795 1878; x_wconf 88' lang='lat' dir='ltr'><strong>venenum</strong></span> <span class='ocrx_word' id='word_1_252' title='bbox 828 1839 1027 1880; x_wconf 86' lang='lat' dir='ltr'><strong>evomuit.</strong></span> <span class='ocrx_word' id='word_1_253' title='bbox 1087 1839 1266 1895; x_wconf 88' lang='lat' dir='ltr'><strong>Cyrillus</strong></span> <span class='ocrx_word' id='word_1_254' title='bbox 1293 1853 1397 1881; x_wconf 87' lang='lat' dir='ltr'><strong>vero</strong></span> <span class='ocrx_word' id='word_1_255' title='bbox 1427 1853 1508 1894; x_wconf 88' lang='lat' dir='ltr'><strong>po·</strong></span> 
     </span>
     <span class='ocr_line' id='line_1_30' title="bbox 35 1893 1507 1950; baseline 0 -14"><span class='ocrx_word' id='word_1_256' title='bbox 35 1900 177 1936; x_wconf 83' lang='lat' dir='ltr'><strong>tenter</strong></span> <span class='ocrx_word' id='word_1_257' title='bbox 215 1909 437 1950; x_wconf 83' lang='lat' dir='ltr'><strong>exsurgens</strong></span> <span class='ocrx_word' id='word_1_258' title='bbox 476 1909 559 1948; x_wconf 87' lang='lat' dir='ltr'><strong>pro</strong></span> <span class='ocrx_word' id='word_1_259' title='bbox 590 1893 742 1936; x_wconf 87' lang='lat' dir='ltr'><strong>eisdem</strong></span> <span class='ocrx_word' id='word_1_260' title='bbox 767 1895 958 1950; x_wconf 87' lang='lat' dir='ltr'><strong>capitulis</strong></span> <span class='ocrx_word' id='word_1_261' title='bbox 997 1895 1205 1937; x_wconf 87' lang='lat' dir='ltr'><strong>rationem</strong></span> <span class='ocrx_word' id='word_1_262' title='bbox 1234 1895 1431 1946; x_wconf 86' lang='lat' dir='ltr'><strong>reddidit,</strong></span> <span class='ocrx_word' id='word_1_263' title='bbox 1458 1910 1507 1937; x_wconf 87' lang='lat' dir='ltr'><strong>ea</strong></span> 
     </span>
     <span class='ocr_line' id='line_1_31' title="bbox 36 1950 1506 2007; baseline -0.001 -16"><span class='ocrx_word' id='word_1_264' title='bbox 36 1966 143 2007; x_wconf 90' lang='lat' dir='ltr'><strong>quae</strong></span> <span class='ocrx_word' id='word_1_265' title='bbox 175 1951 217 1992; x_wconf 88' lang='lat' dir='ltr'><strong>in</strong></span> <span class='ocrx_word' id='word_1_266' title='bbox 248 1951 304 1992; x_wconf 90' lang='lat' dir='ltr'><strong>eis</strong></span> <span class='ocrx_word' id='word_1_267' title='bbox 335 1951 546 1992; x_wconf 83' lang='lat' dir='ltr'><strong>habentur</strong></span> <span class='ocrx_word' id='word_1_268' title='bbox 576 1950 880 2006; x_wconf 87' lang='lat' dir='ltr'><strong>interpretans,</strong></span> <span class='ocrx_word' id='word_1_269' title='bbox 908 1958 952 1994; x_wconf 88' lang='lat' dir='ltr'><strong>et</strong></span> <span class='ocrx_word' id='word_1_270' title='bbox 990 1953 1311 1995; x_wconf 88' lang='lat' dir='ltr'><strong>ecclesiasticum</strong></span> <span class='ocrx_word' id='word_1_271' title='bbox 1338 1953 1506 1994; x_wconf 68' lang='lat' dir='ltr'><strong>thesau-</strong></span> 
     </span>
     <span class='ocr_line' id='line_1_32' title="bbox 34 2007 1508 2064; baseline 0.001 -16"><span class='ocrx_word' id='word_1_272' title='bbox 34 2022 132 2048; x_wconf 88' lang='lat' dir='ltr'><strong>rum</strong></span> <span class='ocrx_word' id='word_1_273' title='bbox 160 2022 246 2050; x_wconf 87' lang='lat' dir='ltr'><strong>esse</strong></span> <span class='ocrx_word' id='word_1_274' title='bbox 277 2007 576 2059; x_wconf 87' lang='lat' dir='ltr'><strong>demonstrans,</strong></span> <span class='ocrx_word' id='word_1_275' title='bbox 608 2013 737 2064; x_wconf 84' lang='lat' dir='ltr'><strong>atque</strong></span> <span class='ocrx_word' id='word_1_276' title='bbox 764 2010 877 2063; x_wconf 86' lang='lat' dir='ltr'><strong>piam</strong></span> <span class='ocrx_word' id='word_1_277' title='bbox 914 2009 1191 2052; x_wconf 88' lang='lat' dir='ltr'><strong>intentionem</strong></span> <span class='ocrx_word' id='word_1_278' title='bbox 1228 2026 1344 2052; x_wconf 90' lang='lat' dir='ltr'><strong>suam</strong></span> <span class='ocrx_word' id='word_1_279' title='bbox 1375 2010 1508 2050; x_wconf 81' lang='lat' dir='ltr'><strong>mani-</strong></span> 
     </span>
     <span class='ocr_line' id='line_1_33' title="bbox 33 2064 1505 2120; baseline 0.001 -16"><span class='ocrx_word' id='word_1_280' title='bbox 33 2065 182 2106; x_wconf 74' lang='lat' dir='ltr'><strong>festans</strong></span> <span class='ocrx_word' id='word_1_281' title='bbox 212 2064 417 2106; x_wconf 86' lang='lat' dir='ltr'><strong>omnibus.</strong></span> <span class='ocrx_word' id='word_1_282' title='bbox 474 2064 618 2120; x_wconf 87' lang='lat' dir='ltr'><strong>itaque</strong></span> <span class='ocrx_word' id='word_1_283' title='bbox 635 2065 918 2107; x_wconf 82' lang='lat' dir='ltr'><strong>Antiochenus</strong></span> <span class='ocrx_word' id='word_1_284' title='bbox 948 2067 1122 2108; x_wconf 85' lang='lat' dir='ltr'><strong>Ioannes</strong></span> <span class='ocrx_word' id='word_1_285' title='bbox 1152 2082 1177 2108; x_wconf 93' lang='lat' dir='ltr'><strong>a</strong></span> <span class='ocrx_word' id='word_1_286' title='bbox 1209 2067 1388 2108; x_wconf 89' lang='lat' dir='ltr'><strong>concilio</strong></span> <span class='ocrx_word' id='word_1_287' title='bbox 1415 2074 1505 2107; x_wconf 84' lang='lat' dir='ltr'><strong>ter.</strong></span> 
     </span>
     <span class='ocr_line' id='line_1_34' title="bbox 33 2121 1505 2174; baseline 0.001 -13"><span class='ocrx_word' id='word_1_288' title='bbox 33 2121 95 2161; x_wconf 88' lang='lat' dir='ltr'><strong>tio</strong></span> <span class='ocrx_word' id='word_1_289' title='bbox 130 2127 332 2171; x_wconf 89' lang='lat' dir='ltr'><strong>vocatus,</strong></span> <span class='ocrx_word' id='word_1_290' title='bbox 373 2128 417 2162; x_wconf 89' lang='lat' dir='ltr'><strong>et</strong></span> <span class='ocrx_word' id='word_1_291' title='bbox 442 2135 528 2162; x_wconf 89' lang='lat' dir='ltr'><strong>non</strong></span> <span class='ocrx_word' id='word_1_292' title='bbox 569 2121 799 2163; x_wconf 83' lang='lat' dir='ltr'><strong>obaudiens</strong></span> <span class='ocrx_word' id='word_1_293' title='bbox 838 2129 887 2164; x_wconf 88' lang='lat' dir='ltr'><strong>ut</strong></span> <span class='ocrx_word' id='word_1_294' title='bbox 926 2123 1112 2174; x_wconf 79' lang='lat' dir='ltr'><strong>veniret,</strong></span> <span class='ocrx_word' id='word_1_295' title='bbox 1145 2124 1393 2166; x_wconf 85' lang='lat' dir='ltr'><strong>sententiam</strong></span> <span class='ocrx_word' id='word_1_296' title='bbox 1424 2138 1505 2163; x_wconf 83' lang='lat' dir='ltr'><strong>una</strong></span> 
     </span>
     <span class='ocr_line' id='line_1_35' title="bbox 32 2177 1504 2234; baseline 0.001 -16"><span class='ocrx_word' id='word_1_297' title='bbox 32 2192 127 2218; x_wconf 88' lang='lat' dir='ltr'><strong>cum</strong></span> <span class='ocrx_word' id='word_1_298' title='bbox 156 2177 218 2218; x_wconf 88' lang='lat' dir='ltr'><strong>bis</strong></span> <span class='ocrx_word' id='word_1_299' title='bbox 254 2177 330 2232; x_wconf 90' lang='lat' dir='ltr'><strong>qui</strong></span> <span class='ocrx_word' id='word_1_300' title='bbox 363 2192 506 2219; x_wconf 90' lang='lat' dir='ltr'><strong>secum</strong></span> <span class='ocrx_word' id='word_1_301' title='bbox 543 2184 664 2219; x_wconf 87' lang='lat' dir='ltr'><strong>erant</strong></span> <span class='ocrx_word' id='word_1_302' title='bbox 692 2179 874 2234; x_wconf 84' lang='lat' dir='ltr'><strong>excepit,</strong></span> <span class='ocrx_word' id='word_1_303' title='bbox 906 2185 955 2220; x_wconf 87' lang='lat' dir='ltr'><strong>nt</strong></span> <span class='ocrx_word' id='word_1_304' title='bbox 983 2179 1107 2220; x_wconf 86' lang='lat' dir='ltr'><strong>alieni</strong></span> <span class='ocrx_word' id='word_1_305' title='bbox 1134 2181 1278 2222; x_wconf 84' lang='lat' dir='ltr'><strong>forent</strong></span> <span class='ocrx_word' id='word_1_306' title='bbox 1310 2181 1362 2221; x_wconf 86' lang='lat' dir='ltr'><strong>ab</strong></span> <span class='ocrx_word' id='word_1_307' title='bbox 1390 2179 1504 2221; x_wconf 86' lang='lat' dir='ltr'><strong>omni</strong></span> 
     </span>
     <span class='ocr_line' id='line_1_36' title="bbox 34 2234 1503 2293; baseline 0.001 -18"><span class='ocrx_word' id='word_1_308' title='bbox 34 2234 310 2275; x_wconf 87' lang='lat' dir='ltr'><strong>ecclesiastica</strong></span> <span class='ocrx_word' id='word_1_309' title='bbox 351 2235 674 2286; x_wconf 88' lang='lat' dir='ltr'><strong>communione,</strong></span> <span class='ocrx_word' id='word_1_310' title='bbox 724 2250 856 2292; x_wconf 90' lang='lat' dir='ltr'><strong>usque</strong></span> <span class='ocrx_word' id='word_1_311' title='bbox 896 2235 997 2276; x_wconf 91' lang='lat' dir='ltr'><strong>dum</strong></span> <span class='ocrx_word' id='word_1_312' title='bbox 1030 2251 1116 2278; x_wconf 90' lang='lat' dir='ltr'><strong>sese</strong></span> <span class='ocrx_word' id='word_1_313' title='bbox 1158 2243 1503 2293; x_wconf 81' lang='lat' dir='ltr'><strong>recognoscentes</strong></span> 
     </span>
     <span class='ocr_line' id='line_1_37' title="bbox 31 2291 1502 2349; baseline 0.001 -19"><span class='ocrx_word' id='word_1_314' title='bbox 31 2291 258 2346; x_wconf 85' lang='lat' dir='ltr'><strong>proprium</strong></span> <span class='ocrx_word' id='word_1_315' title='bbox 287 2291 594 2332; x_wconf 84' lang='lat' dir='ltr'><strong>confiterentur</strong></span> <span class='ocrx_word' id='word_1_316' title='bbox 624 2306 846 2333; x_wconf 86' lang='lat' dir='ltr'><strong>excessum.</strong></span> <span class='ocrx_word' id='word_1_317' title='bbox 919 2297 1108 2349; x_wconf 89' lang='lat' dir='ltr'><strong>tuncque</strong></span> <span class='ocrx_word' id='word_1_318' title='bbox 1137 2295 1319 2349; x_wconf 81' lang='lat' dir='ltr'><strong>synodus</strong></span> <span class='ocrx_word' id='word_1_319' title='bbox 1348 2293 1502 2336; x_wconf 89' lang='lat' dir='ltr'><strong>diffini-</strong></span> 
     </span>
     <span class='ocr_line' id='line_1_38' title="bbox 31 2346 1500 2403; baseline 0.002 -16"><span class='ocrx_word' id='word_1_320' title='bbox 31 2347 107 2399; x_wconf 83' lang='lat' dir='ltr'><strong>vit,</strong></span> <span class='ocrx_word' id='word_1_321' title='bbox 140 2362 248 2403; x_wconf 88' lang='lat' dir='ltr'><strong>quae</strong></span> <span class='ocrx_word' id='word_1_322' title='bbox 275 2347 328 2388; x_wconf 81' lang='lat' dir='ltr'><strong>ab</strong></span> <span class='ocrx_word' id='word_1_323' title='bbox 358 2346 643 2389; x_wconf 86' lang='lat' dir='ltr'><strong>Orientalibus</strong></span> <span class='ocrx_word' id='word_1_324' title='bbox 686 2348 729 2388; x_wconf 90' lang='lat' dir='ltr'><strong>in</strong></span> <span class='ocrx_word' id='word_1_325' title='bbox 758 2348 956 2390; x_wconf 90' lang='lat' dir='ltr'><strong>iniuriam</strong></span> <span class='ocrx_word' id='word_1_326' title='bbox 982 2350 1333 2392; x_wconf 87' lang='lat' dir='ltr'><strong>sanctissimorum</strong></span> <span class='ocrx_word' id='word_1_327' title='bbox 1364 2350 1500 2392; x_wconf 89' lang='lat' dir='ltr'><strong>eccle-</strong></span> 
     </span>
     <span class='ocr_line' id='line_1_39' title="bbox 31 2404 1502 2462; baseline 0.001 -18"><span class='ocrx_word' id='word_1_328' title='bbox 31 2404 115 2445; x_wconf 85' lang='lat' dir='ltr'><strong>siae</strong></span> <span class='ocrx_word' id='word_1_329' title='bbox 142 2405 382 2458; x_wconf 75' lang='lat' dir='ltr'><strong>praesulum</strong></span> <span class='ocrx_word' id='word_1_330' title='bbox 407 2404 552 2459; x_wconf 87' lang='lat' dir='ltr'><strong>Cyrilli</strong></span> <span class='ocrx_word' id='word_1_331' title='bbox 583 2411 627 2446; x_wconf 90' lang='lat' dir='ltr'><strong>et</strong></span> <span class='ocrx_word' id='word_1_332' title='bbox 654 2405 885 2447; x_wconf 90' lang='lat' dir='ltr'><strong>Memnonis</strong></span> <span class='ocrx_word' id='word_1_333' title='bbox 913 2406 1080 2460; x_wconf 87' lang='lat' dir='ltr'><strong>prolata</strong></span> <span class='ocrx_word' id='word_1_334' title='bbox 1108 2415 1219 2458; x_wconf 91' lang='lat' dir='ltr'><strong>sunt,</strong></span> <span class='ocrx_word' id='word_1_335' title='bbox 1239 2413 1389 2462; x_wconf 89' lang='lat' dir='ltr'><strong>utpote</strong></span> <span class='ocrx_word' id='word_1_336' title='bbox 1414 2406 1502 2447; x_wconf 86' lang='lat' dir='ltr'><strong>sine</strong></span> 
     </span>
     <span class='ocr_line' id='line_1_40' title="bbox 34 2458 1498 2519; baseline 0.003 -20"><span class='ocrx_word' id='word_1_337' title='bbox 34 2458 123 2514; x_wconf 77' lang='lat' dir='ltr'><strong>lege</strong></span> <span class='ocrx_word' id='word_1_338' title='bbox 151 2465 195 2501; x_wconf 84' lang='lat' dir='ltr'><strong>et</strong></span> <span class='ocrx_word' id='word_1_339' title='bbox 221 2460 312 2501; x_wconf 90' lang='lat' dir='ltr'><strong>sine</strong></span> <span class='ocrx_word' id='word_1_340' title='bbox 336 2475 497 2502; x_wconf 84' lang='lat' dir='ltr'><strong>canone</strong></span> <span class='ocrx_word' id='word_1_341' title='bbox 525 2460 791 2516; x_wconf 86' lang='lat' dir='ltr'><strong>deprompta,</strong></span> <span class='ocrx_word' id='word_1_342' title='bbox 823 2462 977 2503; x_wconf 89' lang='lat' dir='ltr'><strong>nullam</strong></span> <span class='ocrx_word' id='word_1_343' title='bbox 1010 2463 1094 2503; x_wconf 91' lang='lat' dir='ltr'><strong>vim</strong></span> <span class='ocrx_word' id='word_1_344' title='bbox 1123 2478 1296 2519; x_wconf 88' lang='lat' dir='ltr'><strong>prorsus</strong></span> <span class='ocrx_word' id='word_1_345' title='bbox 1324 2464 1498 2504; x_wconf 86' lang='lat' dir='ltr'><strong>hahere.</strong></span> 
     </span>
     <span class='ocr_line' id='line_1_41' title="bbox 31 2514 1501 2575; baseline 0.003 -19"><span class='ocrx_word' id='word_1_346' title='bbox 31 2514 94 2556; x_wconf 81' lang='lat' dir='ltr'><strong>his</strong></span> <span class='ocrx_word' id='word_1_347' title='bbox 122 2516 251 2572; x_wconf 81' lang='lat' dir='ltr'><strong>igitur</strong></span> <span class='ocrx_word' id='word_1_348' title='bbox 267 2517 461 2558; x_wconf 82' lang='lat' dir='ltr'><strong>omnibus</strong></span> <span class='ocrx_word' id='word_1_349' title='bbox 489 2532 568 2570; x_wconf 90' lang='lat' dir='ltr'><strong>per</strong></span> <span class='ocrx_word' id='word_1_350' title='bbox 584 2519 861 2574; x_wconf 86' lang='lat' dir='ltr'><strong>suggestiones</strong></span> <span class='ocrx_word' id='word_1_351' title='bbox 877 2519 1115 2561; x_wconf 88' lang='lat' dir='ltr'><strong>Theodosio</strong></span> <span class='ocrx_word' id='word_1_352' title='bbox 1148 2520 1395 2575; x_wconf 88' lang='lat' dir='ltr'><strong>imperatori</strong></span> <span class='ocrx_word' id='word_1_353' title='bbox 1427 2534 1501 2561; x_wconf 85' lang='lat' dir='ltr'><strong>re-</strong></span> 
     </span>
     <span class='ocr_line' id='line_1_42' title="bbox 30 2572 1500 2631; baseline 0.002 -18"><span class='ocrx_word' id='word_1_354' title='bbox 30 2572 138 2623; x_wconf 79' lang='lat' dir='ltr'><strong>latis,</strong></span> <span class='ocrx_word' id='word_1_355' title='bbox 170 2573 265 2614; x_wconf 90' lang='lat' dir='ltr'><strong>iussi</strong></span> <span class='ocrx_word' id='word_1_356' title='bbox 306 2579 403 2614; x_wconf 91' lang='lat' dir='ltr'><strong>sunt</strong></span> <span class='ocrx_word' id='word_1_357' title='bbox 440 2574 625 2628; x_wconf 86' lang='lat' dir='ltr'><strong>episcopi</strong></span> <span class='ocrx_word' id='word_1_358' title='bbox 670 2589 720 2616; x_wconf 85' lang='lat' dir='ltr'><strong>ex</strong></span> <span class='ocrx_word' id='word_1_359' title='bbox 761 2581 942 2631; x_wconf 87' lang='lat' dir='ltr'><strong>utraque</strong></span> <span class='ocrx_word' id='word_1_360' title='bbox 969 2584 1090 2631; x_wconf 87' lang='lat' dir='ltr'><strong>parte</strong></span> <span class='ocrx_word' id='word_1_361' title='bbox 1133 2577 1353 2618; x_wconf 81' lang='lat' dir='ltr'><strong>ascendere</strong></span> <span class='ocrx_word' id='word_1_362' title='bbox 1382 2577 1500 2616; x_wconf 89' lang='lat' dir='ltr'><strong>Con-</strong></span> 
     </span>
     <span class='ocr_line' id='line_1_43' title="bbox 29 2630 1502 2688; baseline 0.003 -19"><span class='ocrx_word' id='word_1_363' title='bbox 29 2630 371 2685; x_wconf 79' lang='lat' dir='ltr'><strong>stantinopolim3</strong></span> <span class='ocrx_word' id='word_1_364' title='bbox 403 2631 474 2686; x_wconf 90' lang='lat' dir='ltr'><strong>qui</strong></span> <span class='ocrx_word' id='word_1_365' title='bbox 506 2645 602 2671; x_wconf 86' lang='lat' dir='ltr'><strong>cum</strong></span> <span class='ocrx_word' id='word_1_366' title='bbox 622 2631 910 2683; x_wconf 85' lang='lat' dir='ltr'><strong>ascendissent,</strong></span> <span class='ocrx_word' id='word_1_367' title='bbox 938 2634 1241 2688; x_wconf 83' lang='lat' dir='ltr'><strong>cooperatione</strong></span> <span class='ocrx_word' id='word_1_368' title='bbox 1266 2632 1333 2673; x_wconf 90' lang='lat' dir='ltr'><strong>dei</strong></span> <span class='ocrx_word' id='word_1_369' title='bbox 1363 2633 1502 2675; x_wconf 90' lang='lat' dir='ltr'><strong>vicere</strong></span> 
     </span>
     <span class='ocr_line' id='line_1_44' title="bbox 29 2683 1499 2746; baseline 0.005 -21"><span class='ocrx_word' id='word_1_370' title='bbox 29 2683 75 2725; x_wconf 80' lang='lat' dir='ltr'><strong>hi</strong></span> <span class='ocrx_word' id='word_1_371' title='bbox 104 2687 176 2742; x_wconf 91' lang='lat' dir='ltr'><strong>qui</strong></span> <span class='ocrx_word' id='word_1_372' title='bbox 201 2701 251 2728; x_wconf 82' lang='lat' dir='ltr'><strong>ex</strong></span> <span class='ocrx_word' id='word_1_373' title='bbox 289 2694 413 2742; x_wconf 85' lang='lat' dir='ltr'><strong>parte</strong></span> <span class='ocrx_word' id='word_1_374' title='bbox 449 2687 597 2743; x_wconf 84' lang='lat' dir='ltr'><strong>synodi</strong></span> <span class='ocrx_word' id='word_1_375' title='bbox 623 2689 805 2740; x_wconf 88' lang='lat' dir='ltr'><strong>fuerant,</strong></span> <span class='ocrx_word' id='word_1_376' title='bbox 848 2690 1100 2746; x_wconf 83' lang='lat' dir='ltr'><strong>firmataque</strong></span> <span class='ocrx_word' id='word_1_377' title='bbox 1127 2689 1387 2745; x_wconf 85' lang='lat' dir='ltr'><strong>depositione</strong></span> <span class='ocrx_word' id='word_1_378' title='bbox 1415 2692 1499 2732; x_wconf 84' lang='lat' dir='ltr'><strong>Ne-</strong></span> 
     </span>
    </p>
   </div>
   <div class='ocr_carea' id='block_1_3' title="bbox 77 2774 1497 2872">
    <p class='ocr_par' dir='ltr' id='par_1_3' title="bbox 77 2774 1497 2872">
     <span class='ocr_line' id='line_1_45' title="bbox 77 2774 1497 2825; baseline 0.004 -17"><span class='ocrx_word' id='word_1_379' title='bbox 77 2775 110 2822; x_wconf 78' lang='lat'><strong>&#39;)</strong></span> <span class='ocrx_word' id='word_1_380' title='bbox 133 2775 172 2809; x_wconf 85' lang='lat' dir='ltr'><strong>in</strong></span> <span class='ocrx_word' id='word_1_381' title='bbox 198 2774 341 2824; x_wconf 83' lang='lat' dir='ltr'><strong>faciem]</strong></span> <span class='ocrx_word' id='word_1_382' title='bbox 370 2776 460 2810; x_wconf 81' lang='lat' dir='ltr'><strong>Hist.</strong></span> <span class='ocrx_word' id='word_1_383' title='bbox 485 2775 640 2822; x_wconf 77' lang='lat' dir='ltr'><strong>Tripart.</strong></span> <span class='ocrx_word' id='word_1_384' title='bbox 666 2775 690 2812; x_wconf 81' lang='lat'>4</span> <span class='ocrx_word' id='word_1_385' title='bbox 711 2776 774 2812; x_wconf 76' lang='lat'><strong>24:</strong></span> <span class='ocrx_word' id='word_1_386' title='bbox 798 2789 882 2811; x_wconf 82' lang='lat' dir='ltr'><strong>nam</strong></span> <span class='ocrx_word' id='word_1_387' title='bbox 907 2779 969 2825; x_wconf 87' lang='lat' dir='ltr'><strong>qui</strong></span> <span class='ocrx_word' id='word_1_388' title='bbox 989 2778 1035 2812; x_wconf 86' lang='lat' dir='ltr'><strong>de</strong></span> <span class='ocrx_word' id='word_1_389' title='bbox 1060 2779 1134 2813; x_wconf 87' lang='lat' dir='ltr'><strong>suis</strong></span> <span class='ocrx_word' id='word_1_390' title='bbox 1163 2778 1271 2813; x_wconf 84' lang='lat' dir='ltr'><strong>dictis</strong></span> <span class='ocrx_word' id='word_1_391' title='bbox 1293 2778 1497 2821; x_wconf 82' lang='lat' dir='ltr'><strong>confidunt,</strong></span> 
     </span>
     <span class='ocr_line' id='line_1_46' title="bbox 124 2823 1080 2872; baseline 0.004 -16"><span class='ocrx_word' id='word_1_392' title='bbox 124 2823 232 2858; x_wconf 77' lang='lat' dir='ltr'><strong>etiam</strong></span> <span class='ocrx_word' id='word_1_393' title='bbox 258 2823 306 2859; x_wconf 80' lang='lat' dir='ltr'><strong>ad</strong></span> <span class='ocrx_word' id='word_1_394' title='bbox 330 2824 460 2859; x_wconf 79' lang='lat' dir='ltr'><strong>faciem</strong></span> <span class='ocrx_word' id='word_1_395' title='bbox 490 2824 643 2871; x_wconf 83' lang='lat' dir='ltr'><strong>probare</strong></span> <span class='ocrx_word' id='word_1_396' title='bbox 667 2837 743 2860; x_wconf 90' lang='lat' dir='ltr'><strong>nou</strong></span> <span class='ocrx_word' id='word_1_397' title='bbox 769 2826 925 2872; x_wconf 80' lang='lat' dir='ltr'><strong>fugiunt.</strong></span> <span class='ocrx_word' id='word_1_398' title='bbox 975 2828 1080 2862; x_wconf 67' lang='lat' dir='ltr'><strong>Fun.</strong></span> 
     </span>
    </p>
   </div>
  </div>
 </body>
</html>
