1728 3184
447 166 633 211 NOTAE
670 168 1055 215 PosTssnioRES.
1387 169 1483 214 575

32 292 114 332 qua
148 275 340 332 pervenit
379 274 430 316 ad
463 276 667 332 oppidum
692 278 965 333 Dagastbani‚
997 282 1067 322 uhi
1112 287 1154 323 et
1184 281 1385 324 extinctus
1413 288 1487 323 est.

29 348 106 374 nec
132 347 236 374 vero
266 331 298 373 is
327 333 440 373 locus
469 332 710 374 commodus
740 340 831 374 erat
857 343 905 376 ut
945 338 1088 378 consul
1116 352 1354 393 pompaque
1386 352 1493 392 pro-

29 390 212 440 cederet,
242 388 314 444 qui
345 390 498 430 afflicto
530 390 647 430 valde
680 391 865 431 exercitu
889 406 1033 433 versus
1063 394 1216 448 regiam
1244 396 1390 435 urbem
1422 400 1493 435 ut-

27 461 207 501 cumque
234 451 380 499 ageret
408 446 511 494 iter;
554 461 686 500 eaque
725 447 852 487 fuerit
883 462 1016 499 causa,
1047 464 1123 488 cur
1154 458 1338 490 creatum
1369 450 1491 490 nobi-

29 502 227 544 lissimum
255 501 384 543 filium
411 517 534 542 suum
557 504 740 543 noluerit
767 502 962 544 hactenus
989 519 1220 559 purpuram
1250 507 1437 547 induere.

134 579 203 632 88,
231 580 271 620 2.
329 579 669 636 καταληφθῆναι·
701 580 902 637 ἐξαίφνης
930 581 977 622 δὲ
1006 582 1050 622 ἐν
1077 584 1159 639 τῷ]
1192 585 1311 639 Peyr.
1340 585 1459 625 bene.

142 659 251 702 Ibid.
285 658 348 700 17.
411 653 726 700 Οὗαλεντιακὸν
742 659 979 712 λεγόμενον]
1002 661 1268 717 Barb.Peyr.
1303 669 1378 703 etc.
1408 663 1487 702 sic..

23 730 106 771 que
133 732 156 756 a
187 715 363 757 Valente
392 716 675 770 appellandus,
707 724 835 772 atque
855 718 1051 768 Valentis,
1083 732 1166 759 non
1184 717 1487 771 Valentiniani,

23 779 71 813 ut
99 778 297 814 currente
323 771 480 812 calamo
514 773 593 812 fuit
623 773 845 814 redditum.

132 844 202 898 89,
233 845 280 887 ,4.
353 845 565 898 πέμπουσι
604 845 652 886 δὲ
679 847 751 886 καί
790 842 906 899 ’πρὸς
934 846 1156 899 Λιβέριον]
1187 846 1318 902 liquet
1352 847 1490 887 deesse

21 902 88 942 hie
117 901 287 958 aliquid.
346 916 548 957 nusquam
577 902 686 942 enim
717 902 828 957 apud
859 903 958 942 alios
989 910 1180 944 auctores
1212 903 1374 959 legitur,
1403 903 1487 942 Va·

24 960 189 1012 lentem,
224 964 349 1014 atque
379 958 613 998 Eudoxium
647 958 698 998 ad
724 959 939 999 Liberium
968 974 1117 1014 papam
1146 959 1300 1014 legatos
1329 959 1491 1011 misisse,

21 1020 95 1055 aut
124 1015 402 1056 Arianismum
447 1014 550 1054 datis
592 1015 737 1056 libellis
787 1016 1004 1056 abiurasse.
1046 1017 1146 1070 trip.
1192 1016 1288 1056 istos
1337 1015 1490 1070 legatos

20 1072 161 1112 missos
189 1071 249 1112 ait
279 1087 302 1112 a
331 1071 661 1122 Macedonianis,
691 1072 762 1126 qui
805 1072 1138 1125 persecutionem
1167 1072 1433 1126 patiebantur
1462 1087 1485 1112 a

20 1128 212 1180 Valente,
246 1133 289 1168 et
314 1126 523 1168 Eudoxio.
585 1127 655 1168 sed
683 1135 724 1168 et
740 1128 910 1181 Niceph.
942 1129 1040 1183 quin
1073 1134 1114 1168 et
1146 1128 1232 1183 ipse
1263 1128 1491 1182 Theopha-

21 1199 90 1224 nes
118 1199 216 1240 pag.
242 1183 297 1225 58
336 1183 514 1238 idipsum
546 1184 788 1238 significant,
819 1185 888 1224 ubi
919 1183 969 1225 de
986 1184 1166 1224 secunda
1196 1199 1358 1224 oecum.
1391 1199 1492 1238 syn-

22 1241 121 1291 odo,
152 1255 201 1281 ac
227 1239 537 1280 Macedonianis
583 1241 773 1281 dantibus
816 1241 967 1281 iterum
1011 1240 1198 1294 libellos,
1223 1248 1271 1281 ut
1298 1240 1372 1281 sub
1402 1241 1491 1281 Va·-

21 1297 132 1338 lente
163 1294 368 1338 dederant
397 1296 592 1345 Liberio;
640 1312 663 1336 a
709 1311 795 1352 quo
826 1298 951 1338 etiam
981 1297 1108 1337 literis
1140 1295 1491 1337 commendatitiis

20 1353 253 1408 impetratis
273 1383 285 1404 ,
317 1353 364 1393 iis
393 1368 434 1394 se
472 1360 669 1409 tanquam
713 1354 829 1394 novis
877 1360 965 1395 tum
994 1367 1217 1409 perperam
1248 1353 1489 1395 tuebantur.

15 1405 233 1465 ἔγγραφον
261 1407 369 1463 ὑπὲρ
398 1409 489 1450 τοῦ.

130 1487 197 1540 95,
225 1487 268 1529 7.
323 1485 406 1530 σὺν
452 1489 581 1545 θυμῷ
611 1487 972 1544 ῥινοκτυποῦντες]
1012 1488 1231 1543 legendum
1259 1489 1382 1543 plane
1409 1484 1490 1529 σὺν

15 1539 158 1600 θύμῳ,
188 1545 304 1600 quod
337 1552 398 1586 est
426 1545 593 1597 thanus,
622 1545 707 1587 sive
738 1545 914 1586 tliimum
953 1546 1085 1586 herba
1118 1552 1218 1585 nota
1246 1546 1363 1585 satis:
1393 1559 1491 1584 cum

17 1600 148 1642 thimo
191 1601 362 1642 naribus
406 1602 715 1656 obstrepentes3
761 1603 845 1642 sive
884 1616 934 1642 eo
978 1602 1127 1643 leviter
1165 1616 1230 1642 eas
1258 1601 1488 1651 caedentes,

17 1657 135 1712 quod
163 1658 365 1699 eiusmodi
394 1658 521 1699 herba
565 1659 613 1698 iis
663 1657 794 1698 soleat
820 1657 1030 1710 adhiberi,
1060 1663 1163 1698 teste
1191 1658 1381 1698 Dioscor.
1416 1656 1490 1711 qui

19 1714 75 1755 ob
104 1728 258 1756 crassos
288 1714 483 1755 humores
504 1714 732 1770 deliquium
751 1715 984 1768 patiuntur,
1013 1710 1243 1755 cuiusmodi
1274 1719 1367 1753 sunt
1395 1728 1491 1752 mu-

17 1771 149 1822 lieres,
183 1770 283 1811 dum
309 1771 533 1826 patiuntur
560 1785 668 1826 quae
696 1776 792 1810 sunt
830 1777 1020 1812 naturae.
1051 1771 1137 1812 sive
1166 1785 1266 1825 ergo
1297 1774 1488 1810 contem-

14 1833 107 1882 ptu,
136 1826 221 1868 sive
250 1834 298 1868 ut
325 1842 519 1869 venerem
543 1828 784 1878 excitarent,
814 1828 872 1868 sic
902 1827 1026 1868 sacris
1059 1827 1286 1882 virginibus
1314 1825 1491 1865 tliimum

15 1883 187 1924 naribus
214 1883 455 1927 adhibentes
488 1883 730 1924 illudebant.
802 1898 901 1939 quas
928 1883 1039 1925 enim
1065 1884 1124 1924 sic
1154 1882 1337 1924 reductis
1368 1880 1489 1922 vesti-

14 1941 90 1981 bus
119 1939 249 1980 nudas
289 1939 658 1981 circumducebant
685 1954 763 1994 per
788 1941 960 1990 urbem,
997 1946 1039 1980 et
1080 1939 1133 1979 ad
1174 1954 1291 1979 nares
1338 1937 1489 1978 caede-

14 1997 131 2047 bant,
165 1997 211 2036 iis
237 1997 449 2051 impudice
469 1994 756 2038 abutebantur
782 1994 969 2049 ἀσελγῶς
998 1989 1149 2043 αὗταῖς
1177 1993 1392 2047 χρεόμενοι
1415 1993 1488 2033 ad-

15 2067 154 2109 eoque
196 2066 281 2092 non
322 2053 529 2094 atrociter
573 2054 825 2103 caedebant,
857 2059 903 2093 ut
947 2051 1131 2093 reddidit
1159 2052 1377 2104 interpres,
1405 2064 1488 2089 nou

15 2109 232 2150 attendens
263 2108 386 2149 aliam
408 2111 521 2150 vocis
542 2109 654 2150 illius
675 2110 756 2149 alio
780 2114 955 2149 accentu
972 2108 1329 2163 significationem,
1365 2120 1488 2145 unam

15 2173 133 2207 certe
161 2165 230 2206 hie
259 2166 536 2206 commodam.
596 2172 656 2207 est
682 2166 807 2207 etiam
835 2180 1030 2219 porrum,
1062 2179 1163 2219 cepa
1197 2164 1389 2217 agrestis;
1419 2160 1489 2202 sed

15 2222 138 2262 thimi
163 2221 319 2263 herbae
350 2222 423 2273 vis,
450 2228 492 2263 et
523 2229 672 2263 natura
694 2222 763 2262 hic
794 2221 1114 2277 congruentior,
1142 2221 1197 2261 ob
1231 2220 1384 2260 diCtam
1414 2233 1488 2259 ra-

15 2279 188 2319 tionem.

127 2350 196 2402 96,
232 2356 268 2395 1.
325 2354 418 2398 ταῖς
449 2351 707 2403 Βασιλείου,
752 2347 825 2392 καὶ
854 2351 1068 2392 Μελετιόυ
1100 2345 1331 2402 ἐξηγήσεσι]
1362 2346 1488 2386 Basi-

13 2409 84 2458 lio,
109 2418 153 2449 et
181 2409 366 2459 Meletio,
399 2415 479 2448 etc.
522 2408 771 2460 azoetoribus3
818 2413 866 2447 ut
895 2415 938 2449 et
968 2407 1152 2448 Cedreni
1194 2405 1370 2456 interpr.
1402 2402 1488 2442 sive

14 2464 187 2505 illorum
219 2465 406 2514 hortatu,
441 2469 483 2504 et
511 2465 713 2504 suasione.
773 2464 908 2504 minus
939 2476 1191 2517 expressum,
1217 2459 1378 2510 Basilii,
1407 2463 1487 2498 etc.

12 2520 230 2561 indwtria.
289 2521 550 2573 impulerunt
573 2520 732 2561 scilicet
749 2520 828 2560 viri
856 2519 1094 2561 sanctissimi
1125 2524 1169 2557 ut
1191 2515 1363 2569 Euagrii
1392 2515 1487 2555 loco

13 2577 235 2630 pauculam
278 2577 444 2631 plebem
487 2576 565 2616 CP.
599 2576 881 2617 orthodoxam
921 2578 1108 2624 foveret,
1141 2573 1261 2626 cique
1288 2570 1489 2624 praeiret,

15 2634 89 2673 etsi
122 2633 308 2674 nondum
345 2634 460 2674 urbis
501 2633 719 2688 episcopus
759 2639 886 2684 esset,
920 2631 1034 2688 quod
1075 2634 1216 2684 postea
1249 2626 1486 2668 Theodosio

15 2689 273 2746 imperatore
301 2690 433 2730 factus
466 2694 537 2729 est.

126 2761 197 2812 97,
231 2762 269 2803 2.
327 2759 547 2816 ὑπομένει]
582 2760 626 2801 ἐκ
657 2760 704 2802 δὲ
734 2761 804 2814 τῆς
833 2755 1079 2805 διατάσεως.
1138 2756 1194 2795 sic
1227 2756 1333 2796 hene
1361 2755 1485 2795 Barb.
