1728 3184
683 175 883 218 NOTAE.
1409 174 1506 222 393

109 295 111 298 ’
151 293 296 341 183,1.
325 285 503 342 ἕβδομον
529 285 623 336 ἔτος
659 282 832 342 ἄγοντα]
866 296 1007 343 potest
1035 291 1138 332 haec
1166 291 1368 333 sententia
1386 293 1507 333 Marii

34 345 199 402 scriptis
226 346 390 398 fulciri,
419 361 527 403 quae
557 345 776 388 adversum
815 346 942 388 habet
977 348 1204 403 Euagrium
1245 349 1340 389 loco
1374 363 1511 404 nuper

38 410 288 444 memorato,

149 477 258 519 Ibid.
285 475 324 516 5.
401 472 738 522 συναπελθόντος
796 472 932 515 adro&
984 473 1224 528 Ὀλυβρίου]
1269 478 1512 531 episcopum

36 533 214 574 salonae
241 533 286 573 in
315 532 522 574 Dalmatia
552 545 647 572 eum
674 531 793 586 prius
813 538 1006 572 evectum
1035 533 1185 573 scribit
1211 534 1432 576 lornandes
1461 534 1512 575 de

37 603 127 645 reg.
159 604 208 630 ac
239 595 368 645 temp.
411 588 682 639 successione,
711 594 754 629 et
782 587 834 629 de
863 588 987 630 rebus
1019 589 1174 629 Geticis
1200 589 1270 629 lib.

148 661 255 704 llud.
286 664 328 712 6.
385 657 546 703 τούτων
573 660 620 709 δὲ
645 658 986 715 τελευτησάντων
1019 662 1275 714 Μαιωρίνος
1316 659 1396 716 τὴν
1434 664 1502 715 βα-

35 716 200 758 σιλείαν
232 717 466 769 διεδέξατο]
500 723 546 758 ut
569 717 750 774 Olybrio
781 718 1066 771 poste1iorem
1080 718 1334 759 Maiorinum
1366 726 1516 759 auctor

40 782 240 827 recenset,
266 775 503 830 Procopius
533 789 700 814 causam
729 772 863 827 dedit,
895 780 937 816 et
966 774 1006 813 in
1031 789 1225 816 errorem
1257 790 1398 816 elrans
1432 776 1516 829 ipse

41 831 214 871 induxit.
272 830 478 871 Arthemii
524 832 708 896 quippe,
742 845 867 885 quem
900 836 1026 871 vocat
1055 831 1305 883 Artemiu'm,
1335 831 1515 888 Olybrii,

37 888 272 943 Leonisque
307 888 435 943 ipsius
466 887 652 942 imperiis
693 894 735 928 et
765 894 907 928 morte
946 895 1166 929 numerata
1205 888 1360 929 subdit.
1420 889 1517 929 “sed

37 944 235 985 Maiorini
264 944 324 984 fas
356 944 590 985 meminisse
623 944 765 994 fuerit,
795 943 868 999 qui
897 950 1018 985 antea
1045 946 1163 998 prius
1193 945 1352 986 Romae
1385 945 1518 999 impe·

39 1001 162 1042 ravit.
219 1001 379 1042 cunctis
410 1001 534 1051 enim¹
567 1001 639 1056 qui
666 999 889 1041 Occidenti
918 1001 1156 1054 praefuere,
1184 1002 1252 1042 vir
1281 1003 1521 1043 anteferen-

39 1057 131 1108 dus.
203 1072 300 1098 nam
343 1064 385 1098 et
435 1063 586 1098 contra
629 1057 827 1097 Vandiios
868 1058 1090 1098 fortissime
1133 1058 1289 1098 bellum
1332 1073 1520 1108 sumenS‚

40 1112 220 1154 maximo
245 1113 426 1155 collecto
446 1113 633 1154 exercitu
664 1114 707 1153 in
724 1113 946 1168 Liguribus
976 1113 1178 1165 constitit,
1212 1115 1298 1170 ipse
1330 1115 1412 1156 dux
1441 1115 1521 1155 im-

42 1171 165 1226 piger
195 1170 358 1211 nulium
399 1185 537 1225 neque
578 1170 768 1211 laborem
809 1171 1046 1223 recusavit,
1077 1185 1214 1226 neque
1259 1172 1386 1212 ullam
1414 1172 1524 1212 hene

46 1226 256 1282 gerendae
286 1226 349 1267 rei
380 1226 644 1267 occasionem
664 1227 961 1281 praetermisit,
980 1229 1086 1267 etc.''
1118 1233 1161 1268 et
1181 1234 1279 1282 post
1308 1228 1522 1268 nonnulla.

42 1282 301 1324 “Maiorinus
332 1282 462 1337 igitur
495 1283 713 1335 omnibus,
753 1298 860 1338 quae
890 1283 1080 1334 volebat,
1109 1285 1399 1338 expioratis,
1388 1300 1429 1324 m
1454 1285 1524 1324 Li-

44 1341 210 1395 guriam
251 1339 304 1379 ad
344 1340 573 1380 exe1citum
619 1340 821 1381 revertit.
867 1355 990 1396 quem
1030 1341 1223 1380 terrestri
1262 1341 1438 1392 itinere,
1469 1341 1523 1380 ad

43 1396 234 1437 Herculis
254 1395 467 1437 columnas
499 1396 664 1447 ducens,
695 1395 791 1437 inde
810 1411 890 1451 per
916 1397 1123 1451 angustias
1145 1396 1244 1437 freti
1273 1398 1453 1438 transine
1483 1398 1525 1436 in

41 1453 339 1504 Africam,cum
356 1453 562 1509 hosteque
580 1452 782 1508 congredi
803 1453 975 1493 omnino
1003 1453 1242 1506 cogitabat.
1262 1459 1379 1494 tanta
1398 1453 1523 1508 ipsius

40 1525 157 1565 spem
175 1511 382 1550 exercitus
412 1509 703 1558 admiratione,
734 1524 782 1549 ae
801 1509 1020 1550 voluntate
1050 1510 1105 1550 ob
1125 1510 1211 1551 eius
1232 1511 1448 1561 virtutem,
1479 1515 1526 1549 ut

42 1569 86 1607 in
114 1565 307 1608 venerint
325 1573 484 1607 certam
516 1581 657 1606 omnes
683 1566 872 1607 breviter
903 1567 1040 1606 Africa
1063 1581 1143 1621 per
1172 1582 1267 1606 eum
1290 1568 1520 1621 potituros,

42 1638 190 1665 verum
222 1637 273 1663 eo
316 1637 363 1663 ex
408 1623 564 1663 morbo
603 1623 730 1678 paulo
770 1629 866 1678 post
894 1623 1147 1674 decedente,
1177 1624 1228 1663 ab
1255 1624 1424 1677 incepto
1455 1621 1527 1662 de-

42 1681 216 1731 stitere,
246 1682 352 1720 etc.''
389 1695 514 1734 quem
555 1687 693 1720 tamen
726 1695 748 1719 a
776 1679 994 1721 Recimere
1028 1681 1212 1721 occisum
1244 1678 1527 1721 concordibus

44 1737 209 1792 scriptis
241 1736 433 1777 historici
463 1736 617 1792 reliqui
648 1737 920 1791 profitentur.

155 1815 267 1855 Ibid.
298 1818 363 1859 12
423 1812 447 1855 ὅ
478 1815 525 1856 δὲ
557 1811 790 1870 στρατηγὸς
822 1811 976 1866 διαβὰς
1001 1811 1187 1867 Πάτμον
1217 1810 1440 1880 cineum-917]
1469 1814 1528 1854 ita

45 1870 208 1912 codices
238 1871 409 1912 cuncti.
443 1872 594 1927 quibus
624 1873 721 1912 licet
750 1871 931 1912 adversis
962 1871 1054 1926 lego
1085 1868 1283 1923 πορθμὸν
1314 1871 1403 1912 vice
1428 1869 1529 1912 Πά-

44 1941 165 1979 τμον,
202 1934 249 1968 ut
271 1929 325 1969 sit
350 1943 504 1980 sensuS,
536 1929 685 1969 ducem
708 1929 911 1969 exercitus
940 1929 1015 1969 sub
1048 1927 1299 1993 Maioriano,
1330 1943 1381 1969 eo
1410 1942 1528 1968 mor-

46 1993 147 2036 tun,
176 1985 335 2025 fretum
382 1986 638 2026 Gaditanum
678 1986 910 2036 traiecisse,
942 1991 985 2026 et
1012 1984 1242 2026 exercitum
1274 1985 1315 2024 in
1345 1985 1528 2025 Africam

47 2015 335 2082 trarismissum
364 2041 405 2081 in
438 2041 679 2096 Hispaniam
709 2056 936 2083 revocasse.
1008 2041 1098 2096 quis
1132 2041 1242 2082 enim
1274 2041 1372 2081 alias
1407 2041 1528 2082 huius

46 2099 129 2138 loci
165 2112 333 2148 sensus,
367 2098 443 2138 nisi
473 2098 582 2139 forte
612 2098 663 2139 de
697 2099 868 2153 Liguria
903 2099 1082 2153 loquuto
1115 2113 1201 2138 non
1230 2093 1427 2150 Πάτμον,
1455 2095 1528 2137 sed

47 2150 225 2203 Πάδον;
256 2152 422 2194 Padum
452 2154 626 2195 fluvium
646 2156 831 2197 scribere
858 2154 1126 2210 propositum
1158 2155 1289 2195 fuerit
1318 2153 1497 2194 auctori.

157 2227 356 2275 Ibid.14.
415 2232 460 2273 ἐν
479 2229 646 2281 τούτοις
675 2227 751 2274 ουν
769 2231 1113 2287 ἀσχολουμένων]
1141 2233 1356 2278 Eudociae
1385 2231 1526 2272 iunio..

48 2289 106 2386 }'is
146 2296 330 2330 mortem
370 2290 502 2345 tangit
530 2297 682 2331 auctor
714 2291 824 2332 vitae
853 2291 1068 2347 Euthymii
1106 2288 1218 2346 apud
1257 2289 1427 2331 Surium
1472 2288 1525 2328 20

70 2345 250 2386 aunarii.

165 2425 259 2477 184,
287 2425 325 2466 5.
383 2424 514 2466 Λέων
556 2420 579 2465 ὅ
609 2422 826 2477 βασιλεύς]
857 2428 1043 2468 Leonem
1072 2425 1282 2466 iuniorem
1312 2439 1334 2463 a
1361 2423 1527 2464 seniore

48 2481 258 2536 decimum
286 2488 447 2523 sextum
476 2482 643 2536 imperii
673 2498 829 2524 annum
845 2488 1105 2533 numerante,
1139 2487 1390 2522 coronatum
1418 2481 1526 2520 scri-

47 2538 112 2579 bit
140 2539 366 2580 Iornandes
396 2539 447 2579 de
477 2545 605 2594 temp.
636 2554 684 2580 ac
714 2553 827 2595 regn.
859 2540 1141 2592 successione„
1164 2537 1358 2578 ultimum
1386 2542 1525 2578 tamen

49 2595 136 2636 cius
166 2596 278 2636 vitae
305 2596 522 2637 existimat.

153 2674 281 2738 ‘Ibid.
300 2674 338 2715 7.
396 2670 506 2726 μετά
536 2673 584 2714 δὲ
615 2670 689 2715 τὸν
712 2673 938 2728 Ὀλυβρίου
968 2670 1171 2726 θάνατον]
1205 2671 1382 2711 errantis
1413 2672 1526 2711 Pro-

51 2729 165 2783 copii
194 2731 363 2785 vestigia
408 2746 542 2785 nuper
576 2730 862 2771 animadversa
892 2736 1087 2794 sequutus
1122 2736 1283 2780 auctor,
1315 2727 1395 2769 alia
1425 2728 1527 2770 haee

51 2801 100 2827 ex
127 2787 302 2844 Euagrii
331 2788 402 2830 lib.
434 2788 459 2830 2
488 2802 580 2843 cap.
614 2785 664 2829 16
694 2788 948 2842 depiompta
983 2785 1163 2828 subiicit.
