1768 3268
265 223 358 274 164
445 230 722 274 ANASTAsn
764 230 1020 274 ms'ronm
1060 226 1473 273 ECCLEsiAsTmA

259 351 509 396 convocata,
540 344 909 385 monothelitarum
950 343 1153 384 haeresim
1183 341 1408 392 abdicavit,
1438 338 1536 381 duas
1566 340 1718 380 volun..

258 409 359 441 tates
388 409 430 442 et
461 403 723 455 operationes
752 401 982 456 explanans.
1017 401 1155 440 taliter
1184 411 1282 452 ergo
1308 396 1475 436 ecclesia
1503 402 1605 436 tunc
1633 411 1715 451 per

258 458 528 511 imperatores
559 464 600 496 ct
632 457 778 511 impios
806 457 1037 497 sacerdotes
1079 456 1259 503 turbata,
1294 453 1474 493 surrexit
1503 452 1714 493 desolato..

258 514 342 553 rius
373 513 535 553 Amalec
563 514 710 554 feriens
741 528 814 554 nos
842 512 1044 568 populum
1074 510 1251 560 Christi,
1282 515 1324 550 et
1352 510 1399 548 fit
1427 509 1564 563 prima
1591 510 1716 550 ruina

256 569 453 610 terribilis
483 570 656 610 Romani
700 569 927 620 exercitus,
958 569 1024 608 illa
1054 567 1208 608 scilicet
1237 580 1342 620 quae
1371 565 1596 606 secundum
1626 568 1716 607 Ga-

255 626 381 665 batan
400 631 441 666 et
457 625 719 666 Hermucban
744 641 790 664 ac
802 625 1131 665 Dathemitarum
1149 625 1181 674 *)
1197 622 1392 662 effusione
1421 622 1625 676 sanguinis
1655 629 1716 663 est

256 682 413 731 effecta,
435 687 529 735 post
555 697 679 736 quam
706 681 1028 722 palaestinarum
1042 686 1082 720 et
1101 678 1426 719 caesariensium
1452 693 1501 718 ae
1515 678 1715 719 Hieroso-

255 737 460 791 {ymarum
489 737 652 791 excidia,
686 737 780 777 dein
803 736 1024 792 Aegyptius
1052 735 1255 786 interitus,
1289 749 1336 773 ac
1358 733 1550 789 deinceps
1579 736 1715 775 medi..

258 799 547 833 terraneorum
578 799 618 833 et
647 794 895 844 insularum,
927 792 1139 847 totiusque
1179 790 1405 831 Romaniae
1440 793 1495 841 **)
1525 792 1713 845 captiva-

125 849 332 900 p.511tio‚
361 849 428 888 sed
459 855 501 889 et
530 856 694 903 patrata
725 850 765 890 in
793 849 1003 890 Phoenice
1036 846 1273 889 omnimoda
1303 847 1481 888 Romani
1510 849 1713 888 exercitus

257 912 298 945 et
324 904 454 946 classis
474 905 672 959 perditiO,
703 905 971 960 omniumque
993 904 1323 945 Christianorum
1353 903 1559 958 praelium
1586 909 1713 959 atque

257 960 444 1016 locorum
475 961 725 1013 destructio,
755 975 861 1016 quae
899 975 980 1000 non
1014 961 1183 1001 cessavit
1228 960 1363 1002 donec
1391 959 1584 1001 ecclesiae
1609 975 1710 1016 per-

253 1024 421 1058 secutor
451 1017 491 1056 in
523 1017 660 1058 Sicilia
687 1017 792 1058 male
826 1024 1065 1072 peremptus
1093 1023 1166 1058 est.

361 1089 507 1130 Mundi
538 1103 644 1130 anno
663 1087 784 1139 6122,
817 1089 980 1130 divinae
1008 1088 1304 1130 incarnationis
1332 1103 1442 1129 anno
1473 1086 1569 1141 622,
1600 1103 1709 1129 anno

248 1143 413 1198 'imperii
452 1146 629 1186 Heraclii
659 1145 709 1186 21
756 1148 927 1186 Ioannes
964 1160 1072 1200 papa
1115 1147 1326 1186 Romanus
1367 1145 1560 1187 habetur.
1627 1145 1710 1186 hoc

251 1201 372 1240 etiam
412 1215 518 1241 anno
551 1201 760 1242 Maometh
794 1203 1119 1252 Saracenorum,
1165 1202 1238 1257 qui
1277 1210 1318 1244 et
1369 1202 1555 1243 Arabum
1587 1202 1709 1258 prin.-

249 1271 343 1309 ceps
373 1263 413 1297 et
451 1257 836 1311 pseudopropheta,
867 1258 1061 1313 moritur,
1088 1264 1290 1313 promoto
1319 1258 1599 1299 Abubacharo
1633 1273 1710 1299 co-

248 1318 370 1366 gnato
396 1327 470 1352 suo
501 1312 551 1353 ad
578 1313 857 1368 principatum
876 1329 1009 1354 suum.
1065 1314 1242 1371 ispoque
1270 1321 1462 1369 tempore
1488 1315 1601 1356 venit
1631 1331 1708 1355 au-

250 1367 350 1407 ditio
381 1368 464 1408 eius
482 1398 495 1419 ‚
527 1375 568 1410 et
595 1383 735 1410 omnes
765 1370 1060 1412 extimuerunt.
1130 1378 1173 1411 at
1202 1386 1303 1412 vero
1335 1371 1499 1426 decepti
1525 1371 1707 1413 Hebraei

248 1423 288 1462 in
322 1424 528 1479 principio
572 1426 769 1466 adventus
813 1427 896 1467 eius
929 1427 1265 1469 existimaverunt
1295 1442 1377 1469 esse
1407 1428 1522 1468 illum
1554 1429 1626 1483 qui
1653 1428 1706 1469 ab

246 1479 301 1519 eis
329 1486 574 1534 expectatur
608 1481 808 1535 Christus,
854 1483 912 1523 ita
942 1490 988 1525 ut
1029 1484 1199 1539 quidam
1239 1499 1412 1533 eorum,
1455 1484 1528 1540 qui
1566 1485 1708 1525 inten-

247 1535 398 1575 debant
426 1536 493 1591 ei,
528 1537 772 1578 accederent
811 1538 863 1579 ad
892 1539 1029 1594 ipsum
1056 1545 1098 1580 et
1129 1541 1213 1582 eius
1243 1541 1486 1596 religionem
1520 1541 1706 1595 suscipe-

249 1598 369 1643 rent,
402 1593 550 1647 Moysis
598 1593 839 1647 inspectoris
870 1595 936 1636 dei
975 1595 1150 1637 dimissa.
1210 1604 1332 1638 erant
1362 1603 1500 1638 autem
1527 1593 1704 1638 numero

248 1646 401 1698 decem,
433 1650 504 1702 qui
531 1649 610 1689 hoc
640 1650 856 1702 faciebant,
887 1666 980 1693 cum
1013 1653 1102 1707 ipso
1141 1668 1311 1709 quoque
1341 1654 1545 1708 degebant
1574 1668 1706 1710 usque

248 1703 298 1741 ad
328 1703 491 1744 caedem
520 1706 617 1745 eius.
673 1721 807 1759 porro
827 1722 921 1748 cum
952 1711 1186 1763 aspicerent
1210 1725 1306 1751 eum
1334 1710 1621 1751 comedentem
1652 1710 1705 1751 de

248 1761 429 1811 camelo,
467 1770 752 1815 cognoverunt
781 1764 894 1819 quod
931 1780 1016 1805 non
1048 1773 1151 1807 esset
1179 1781 1304 1822 quem
1333 1767 1632 1816 existimabant,
1662 1772 1705 1807 et

245 1813 500 1880 haesitabant
529 1818 629 1871 quid
656 1826 837 1873 agerent,
867 1827 907 1862 et
934 1818 1287 1877 religionem'eius
1317 1823 1527 1864 dimittere
1550 1822 1704 1863 formi-

249 1870 388 1911 dantes
418 1874 553 1913 miseri
593 1874 743 1916 docent
772 1891 866 1917 eum
895 1883 1043 1918 contra
1082 1894 1157 1919 nos
1187 1879 1441 1921 Christianos
1472 1879 1630 1931 illicita,
1663 1885 1705 1920 et

249 1929 602 1968 conversabantur
629 1945 722 1970 cum
751 1932 852 1986 ipso.
892 1935 1168 1977 necessarium
1201 1943 1338 1977 autem
1369 1950 1468 1976 reor
1498 1951 1704 1977 enarran-

119 1981 345 2046 p.512dum
390 1984 440 2024 de
480 1986 745 2039 generatione
786 1989 883 2030 eius.
954 1991 985 2030 is
1031 2006 1082 2032 ex
1125 2008 1207 2033 una
1252 1993 1553 2047 generalissima
1585 1992 1702 2033 tribu

248 2040 447 2103 oriundus
478 2049 580 2092 erat,
610 2044 809 2084 Ismahelis
828 2046 1034 2099 videlicet,
1061 2049 1349 2093 filiiAbrahae.
1379 2050 1547 2089 Nizarus
1577 2049 1702 2100 enim,

249 2095 449 2160 ismahelis
480 2111 685 2153 pronepos
703 2130 715 2150 ,
743 2107 862 2154 pater
894 2118 1041 2144 eorum
1070 2106 1257 2145 omnium
1285 2105 1469 2146 ducitur.
1539 2105 1607 2145 hie
1634 2105 1700 2159 gi-

247 2157 335 2214 gnit
363 2151 466 2192 lilios
485 2153 599 2205 duos,
626 2155 846 2198 Mudarum
875 2160 1032 2201 scilicet
1058 2167 1100 2201 et
1125 2162 1328 2203 Rhabian.
1384 2161 1607 2202 Mudarum
1638 2161 1700 2216 gi-

247 2214 336 2260 gunt
364 2207 560 2250 Curasum
588 2216 630 2252 et
651 2212 826 2256 Chaison
868 2223 910 2264 et
939 2217 1212 2260 Theominem
1249 2224 1291 2261 et
1321 2219 1501 2260 Asadum
1530 2223 1574 2260 et
1599 2218 1702 2258 alios

295 2371 328 2416 *)
356 2371 645 2410 Dathemitarum
668 2376 800 2412 factum
825 2391 902 2415 esse
928 2382 1071 2418 videtur
1096 2395 1139 2419 ex
1163 2380 1231 2430 τὴν
1249 2384 1432 2434 ἄθεσμον.
1459 2385 1565 2419 FABR-

274 2446 322 2491 **)
347 2447 557 2506 Romaniae]
587 2451 839 2508 Annassomn.
866 2457 968 2491 Alex.
993 2458 1036 2493 8:
1073 2456 1185 2501 αὖθις
1219 2461 1262 2505 τῆ
1289 2461 1473 2510 Ῥωμανίᾳ
1507 2458 1700 2495 suarzaa}-

343 2503 466 2549 ξατο..
496 2499 676 2553 Ρωμαῦνία
698 2504 886 2547 imperium
911 2507 1104 2541 Romanum
1122 2535 1130 2549 ‚
1156 2497 1252 2544 orbis
1276 2511 1466 2543 Romanus.
1515 2507 1699 2541 interdum

342 2551 532 2599 imperium.
554 2545 749 2582 Orientale.
811 2551 949 2586 Idatius
974 2554 1012 2587 in
1035 2556 1151 2589 Fastis
1180 2558 1342 2591 consul.:
1365 2556 1421 2590 his
1447 2567 1535 2590 coss.
1562 2555 1698 2602 (Tusco

341 2593 377 2642 et
402 2590 599 2645 Annii-lino)
628 2595 822 2647 Carporum
865 2611 950 2643 gens
976 2602 1140 2636 universa
1172 2605 1207 2637 in
1248 2606 1419 2638 Romania
1458 2615 1495 2638 se
1531 2602 1695 2637 tradidit·

340 2640 444 2668 item:
471 2637 528 2692 lus
550 2651 637 2674 coss.
662 2643 833 2689 (Valente
861 2648 948 2691 Aug.
976 2654 1012 2681 et
1035 2650 1290 2686 Valentiniano
1318 2655 1394 2686 iun.
1420 2653 1524 2697 Aug.)
1550 2651 1635 2684 victi
1661 2655 1698 2684 et

342 2684 480 2735 espulsi
507 2693 589 2741 sunt
614 2689 724 2743 9⁰t¹¹i
745 2703 765 2725 a
789 2699 894 2735 gente
922 2695 1142 2738 Hunnorum,
1167 2705 1203 2733 et
1228 2701 1383 2746 suscepti
1408 2706 1492 2733 sunt
1513 2700 1549 2732 in
1568 2699 1698 2732 Roma-

342 2739 400 2761 nia
424 2741 486 2774 pro
504 2738 754 2788 'misericordia
791 2739 948 2776 iussione
974 2743 1062 2788 Aug.
1098 2747 1272 2781 Valentis.
1333 2748 1519 2781 Balsamon
1546 2745 1591 2779 ad
1618 2757 1696 2779 0³¹¹·

345 2773 557 2830 lte-onena
581 2782 798 2819 Chalcedon.
825 2799 856 2821 v.
887 2789 937 2822 Io.
964 2790 1110 2828 Seldeni
1140 2796 1433 2831 commentarium
1459 2795 1506 2829 ad
1530 2792 1696 2838 EutyChii

343 2823 504 2868 Origines
526 2839 562 2874 p.
593 2830 659 2865 153
684 2838 721 2867 et
743 2833 816 2869 159.
864 2836 968 2871 Fun.
