1768 3268
545 219 612 261 Ex
649 218 994 262 THEOPHANE.
1394 215 1493 262 205

41 350 134 376 cnm
167 334 320 390 gaudio
362 333 424 374 his
463 333 641 387 receptis
670 334 873 374 miserunt
899 333 1037 374 denuo
1066 334 1107 373 in
1137 334 1323 374 Alaniam
1350 331 1498 388 perhi..

39 394 183 432 bentes
228 390 445 431 “dabimus
486 389 604 430 vobis
634 389 793 430 obsides
819 389 925 429 filios
952 395 1144 438 nostros,
1184 396 1226 431 et
1253 391 1351 434 date
1379 389 1498 430 nobis

37 447 307 501 spatharium,
336 453 383 486 ut
412 446 620 486 mittamus
660 460 756 486 eum
782 446 834 486 ad
862 446 1169 486 lastinianum.”
1224 460 1372 486 verum
1400 460 1497 500 spa-

38 504 196 544 tharius
223 502 308 542 hoc
337 501 560 543 admittere
586 501 735 552 noluit,
764 515 944 542 asserens
973 502 1112 543 “valet
1137 501 1240 541 mihi
1270 502 1368 542 deus
1398 516 1499 555 ape-

38 561 124 600 rire
152 559 304 600 ostium
341 558 543 600 exeundi:
585 573 681 598 nam
714 572 795 612 per
834 557 1052 612 Abasgiam
1091 571 1174 598 non
1205 561 1346 598 exeo.''
1401 564 1500 612 post

36 615 208 670 aliquod
251 629 355 655 vero
401 622 562 669 tempus
600 629 695 654 cum
736 614 936 655 exercitus
967 615 1256 654 Romanorum
1280 620 1322 654 et
1352 616 1499 654 Arme-

37 672 207 711 niorum
233 671 402 726 ingressi
431 676 561 712 essent
604 671 645 710 in
678 671 867 711 Lazicam
895 677 939 711 et
967 670 1258 724 Artheopolim
1287 684 1500 725 expugna-

36 734 145 774 rent,
173 727 481 767 Saracenorum
510 725 653 767 audito
674 725 855 767 adventu
883 733 1155 769 recesserunt.
1185 726 1367 780 separati
1397 740 1498 766 vero

40 798 86 823 ex
116 783 173 823 eis
202 798 333 838 usque
360 783 415 823 ad
442 783 644 824 ducentos
677 784 956 824 ascenderunt
985 783 1027 822 in
1056 788 1196 838 partes
1225 782 1403 836 Apsiliae
1431 789 1500 822 at-

36 854 119 895 que
149 840 455 880 Caucaseorum
474 838 680 880 montium
710 839 1023 894 depraedantes.
1080 839 1295 879 Saracenis
1323 853 1420 879 sane
1446 838 1497 878 ad
1509 840 1628 889 p.604

33 896 222 936 Lazicam
247 895 508 936 venientibus
534 896 630 950 fuga
660 896 796 949 lapsus
814 897 1103 936 Romanorum
1121 894 1501 950 Armeniorumque

35 953 215 1006 populus
242 951 392 992 Phasin
425 966 613 993 remeans
644 950 761 992 adiit.
822 952 990 992 ducenti
1017 965 1119 992 vero
1151 951 1210 991 illi
1240 957 1500 991 remanentes

35 1011 76 1048 in
106 1008 310 1064 caucasiis
348 1013 501 1049 stetere
545 1008 785 1060 montibus,
816 1008 1110 1048 latrocinantes
1139 1015 1181 1048 et
1210 1008 1272 1047 sui
1303 1007 1502 1062 despera-

35 1065 194 1104 tionem
217 1064 433 1118 patientes.
491 1078 576 1120 quo
611 1071 833 1119 comperto
865 1065 982 1105 Alani
1008 1063 1200 1105 arbitrati
1230 1070 1327 1104 sunt
1355 1064 1501 1103 multi..

34 1120 222 1161 tudinem
234 1120 519 1160 Romanorum
536 1123 576 1160 in
594 1121 806 1161 Caucaseis
832 1122 1040 1161 montibus
1071 1135 1166 1172 esse,
1196 1119 1502 1175 gaudentesque

35 1177 152 1216 aiunt
164 1175 378 1230 spathario
396 1177 599 1216 “Romani
615 1177 983 1232 appropinquant:
1003 1191 1131 1232 perge
1148 1176 1199 1216 ad
1218 1179 1327 1218 eos.''
1344 1190 1502 1216 assum-

34 1234 114 1286 ptis
141 1247 243 1287 crgo
289 1232 524 1287 spatharius
560 1233 696 1273 Alanis
740 1233 794 1273 50
843 1234 1035 1273 transivit
1078 1247 1174 1273 cum
1204 1232 1500 1288 cyclopedibus

35 1289 146 1328 Maio
175 1302 314 1329 mense
342 1288 568 1330 Caucaseos
597 1295 771 1341 montes,
802 1296 844 1331 et
874 1290 1031 1330 invenit
1058 1303 1152 1337 eos;
1184 1288 1294 1329 unde
1322 1289 1500 1328 multum

34 1346 192 1399 gavisus
231 1345 519 1386 sciscitabatur
559 1345 729 1385 ubinam
781 1353 884 1387 esset
926 1347 1120 1401 populus.
1192 1345 1265 1401 qui
1306 1344 1501 1385 dixerunt

33 1401 280 1441 “Saracenis
311 1401 567 1442 irruentibus
590 1403 891 1443 inRomaniam
923 1402 1080 1444 reversi
1110 1407 1217 1442 sunt.
1265 1415 1339 1441 nos
1361 1405 1501 1440 autem

34 1473 118 1497 non
150 1457 331 1497 valentes
358 1457 402 1497 in
417 1457 665 1497 Romaniam
696 1459 772 1508 ire,
802 1458 854 1499 ad
869 1459 1056 1499 Alaniam
1083 1457 1305 1498 venimus.”
1336 1463 1379 1497 et
1398 1455 1500 1497 dixit

9 1514 87 1554 .ad
121 1527 190 1554 eos
218 1512 349 1568 “quid
384 1514 578 1554 faciemus
607 1515 735 1555 modo
750 1515 792 1554 ?''
823 1515 895 1570 qui
925 1514 1119 1555 dixerunt
1147 1517 1254 1568 “per
1285 1514 1500 1567 regionem

35 1571 153 1609 istam
183 1569 436 1625 impossibile
474 1577 535 1611 est
561 1570 742 1612 transire
781 1571 896 1611 nos.”
954 1578 997 1611 at
1044 1585 1147 1611 vero
1188 1569 1420 1625 spatharius
1441 1571 1500 1609 ait

35 1628 148 1675 “‚non
179 1632 239 1667 est
267 1626 460 1681 possibile
490 1640 568 1680 per
598 1626 719 1666 aliam
761 1627 872 1668 exire
887 1629 927 1667 ?''
958 1632 1138 1667 castrum
1167 1641 1268 1682 ergo
1298 1632 1390 1666 erat
1416 1625 1501 1666 illic

34 1683 375 1737 cognominatum
414 1682 654 1735 Sindirum,
692 1684 734 1723 in
786 1698 871 1739 quo
915 1683 998 1723 loci
1038 1689 1229 1724 servator
1267 1682 1500 1723 habebatur

35 1740 205 1794 quidam
220 1739 537 1779 pharasmanius
562 1739 744 1790 nomine,
773 1740 848 1780 sub
883 1739 1049 1781 dicione
1068 1741 1372 1781 Saracenorum
1393 1752 1500 1779 con-

32 1797 174 1836 sistens
199 1802 242 1836 et
269 1810 416 1850 pacem
445 1810 541 1836 cum
566 1797 772 1837 Armeniis
816 1796 982 1837 habens.
1039 1796 1206 1837 mittens
1235 1796 1376 1850 itaque
1402 1809 1499 1850 spa-

32 1852 192 1893 tharius
222 1852 424 1906 significat
469 1852 507 1892 ei
547 1851 686 1893 dicens
732 1852 961 1908 “quamdiu
991 1867 1138 1907 pacem
1170 1866 1266 1893 cum
1296 1851 1499 1892 Armeniis

31 1907 183 1958 habes,
212 1909 421 1962 paciscere
451 1914 494 1949 et
532 1923 721 1961 mecum,
761 1915 804 1950 et
833 1915 920 1950 esto
951 1910 1027 1950 sub
1055 1923 1186 1964 regno
1215 1923 1334 1959 meo,
1374 1913 1416 1949 et
1446 1907 1498 1948 da

36 1965 156 2004 nobis
185 1965 381 2005 auxilium
422 1964 698 2006 descendendi
728 1965 780 2006 ad
809 1980 925 2006 mare
966 1972 1009 2006 et
1040 1965 1280 2006 transeundi
1310 1963 1362 2004 ad
1388 1965 1498 2004 Tra·
1511 1971 1627 2019 p.605

32 2021 346 2074 pezuntensium
373 2022 503 2062 loca.’'
560 2036 610 2063 eo
639 2037 742 2063 vero
779 2028 955 2076 patrare
980 2021 1066 2062 hoc
1104 2036 1187 2062 non
1217 2025 1501 2076 proponente,

30 2078 162 2117 mittit
186 2076 420 2131 spatharius
448 2093 578 2119 unum
607 2093 656 2120 ex
678 2078 916 2119 hominibus
942 2078 1022 2118 suis
1048 2085 1092 2119 et
1117 2078 1349 2128 Armenios,
1371 2091 1500 2131 prae-

33 2133 190 2187 cipiens
209 2133 267 2173 eis
284 2141 333 2174 ut
349 2134 536 2176 facerent
554 2135 901 2183 occultationem3
933 2137 1004 2175 “et
1026 2149 1120 2175 cum
1148 2135 1347 2176 exierint''
1361 2133 1500 2188 inquit

33 2192 85 2229 “e
114 2196 253 2230 castro
269 2189 322 2230 ad
341 2190 543 2242 laborem,
562 2192 700 2245 capite
716 2206 765 2232 ex
784 2192 839 2231 eis
867 2197 1083 2247 quotquot
1104 2191 1311 2246 poteritis,
1330 2197 1499 2245 portas-

35 2260 117 2300 que
147 2251 286 2286 tenete
317 2246 368 2286 ab
400 2245 462 2285 his
491 2248 562 2302 qui
588 2248 690 2287 foris
713 2253 824 2300 sunt,
854 2247 989 2288 donec
1009 2253 1051 2288 et
1079 2261 1154 2287 nos
1170 2247 1498 2302 perveniamuS.''

35 2302 183 2355 quibus
211 2302 460 2342 abeuntibus
483 2309 527 2344 et
555 2304 800 2344 facientibus
820 2304 1160 2355 occultationem,
1194 2318 1287 2343 cum
1317 2302 1498 2356 populus

33 2364 137 2398 esset
164 2358 216 2398 ad
245 2358 432 2398 laborem
460 2373 655 2412 egressus,
685 2360 823 2400 subito
845 2360 1051 2400 irruentes
1081 2366 1123 2401 et
1150 2365 1320 2414 portam
1348 2365 1499 2398 tenue-

34 2420 135 2455 runt
167 2420 208 2454 ct
236 2415 389 2455 multos
426 2422 643 2468 ceperunt.
711 2431 807 2456 cum
849 2423 987 2457 autem
1014 2416 1329 2456 pharasmanius
1355 2414 1398 2454 in
1429 2428 1501 2452 ca-

32 2477 121 2510 stro
152 2484 247 2510 cum
271 2471 414 2524 paucis
435 2473 655 2522 mansisset,
681 2472 874 2526 pervenit
891 2474 1015 2513 etiam
1035 2472 1282 2527 spatharius,
1314 2477 1356 2510 et
1373 2484 1499 2524 prae·

32 2525 200 2567 locutus
227 2541 325 2567 cum
352 2526 650 2568 Pharasmanio
684 2535 730 2568 ut
756 2528 944 2583 aperiret
972 2544 1067 2569 cum
1100 2542 1216 2582 pace,
1249 2526 1399 2578 noluit,
1427 2524 1500 2566 sed

31 2584 295 2624 coacervavit
324 2583 492 2623 bellum.
524 2599 670 2624 verum
699 2599 795 2624 cum
824 2592 1005 2625 castrum
1042 2584 1248 2624 munitum
1281 2588 1397 2633 esset,
1425 2596 1500 2622 ca-

33 2651 135 2691 pere
164 2638 207 2679 id
236 2639 404 2680 minime
441 2645 684 2693 potuerunt.
754 2641 940 2682 Marinus
971 2654 1073 2681 vero
1106 2640 1265 2693 primus
1294 2638 1499 2679 Absilien-

33 2693 137 2732 sium
167 2709 262 2735 eum
293 2694 500 2736 didicisset
528 2695 643 2751 quod
673 2703 854 2737 castrum
886 2702 1209 2751 expugnaretur,
1240 2694 1395 2735 timore
1424 2694 1500 2734 de-

34 2755 172 2789 tentus
202 2758 286 2801 est,
314 2752 546 2792 existimans
587 2753 765 2793 multum
794 2767 876 2793 esse
914 2767 1007 2792 cum
1037 2751 1249 2805 spathario
1279 2750 1499 2805 populum,

4 2809 76 2844 ·et
103 2807 274 2860 sumptis
309 2821 447 2848 secum
487 2809 682 2850 trecentis
724 2809 809 2849 abit
853 2809 904 2848 ad
946 2807 1203 2862 spatharium
1234 2806 1369 2847 dicens
1392 2809 1498 2862 “ego
