1794 3250
584 194 653 236 Ex
692 194 1040 236 THEOPHANE.
1445 192 1540 239 281

76 307 201 347 certis
226 312 271 348 et
310 306 581 348 invisibilibus
620 306 893 362 locupletari:
932 307 1090 362 gratius
1122 308 1232 350 enim
1279 309 1361 350 deo
1403 309 1543 364 plures

76 378 203 419 quam
242 363 463 419 pauciores
505 365 676 410 salvare.
745 378 879 418 porro
923 364 1120 403 damnum
1160 365 1201 404 in
1231 366 1424 419 pluribus
1454 365 1545 420 pati

76 426 265 474 propter
286 420 499 461 modicum
530 420 693 461 lucrum
724 421 885 474 primae
914 420 1147 461 dementiae
1173 427 1246 464 est.
1302 422 1373 462 sed
1399 428 1442 462 ct
1471 421 1546 477 qui

77 476 192 516 circa
219 477 397 531 propria
416 476 647 517 inconsulte
671 476 847 526 laborat,
867 476 986 517 iidem
1017 477 1244 517 secundum
1274 478 1443 518 Paulum
1470 493 1545 519 ne..

75 533 203 586 gavit,
229 538 273 573 et
294 532 447 573 infideli
470 533 657 574 deterior
675 533 903 574 iudicatur:
933 532 1003 574 ubi
1025 534 1106 573 erit
1136 541 1178 574 et
1205 534 1306 574 illud
1335 538 1455 574 “cum
1485 535 1546 574 bis

81 589 155 643 qui
182 588 368 631 ,oderant
397 603 559 644 pacem,
590 604 704 630 eram
726 590 923 644 pacificus
937 592 973 638 ;''
1002 590 1078 630 nisi
1099 589 1212 630 forte
1240 591 1323 630 sint
1355 597 1396 630 et
1413 592 1542 630 Paulo

75 651 120 685 et
143 644 287 685 ‘David
325 645 392 686 isti
439 645 724 700 sapientiores.
792 647 882 701 quis
914 651 1053 687 autem
1083 647 1294 687 Germano
1326 654 1392 687 ter
1418 647 1542 688 beato

74 715 188 742 nunc
213 701 456 756 sapientior,
478 702 555 742 nisi
585 702 697 742 iuxta
724 703 1008 756 perniciosum
1036 702 1198 743 animae
1224 710 1434 743 tumorem
1466 719 1541 743 ne-

73 772 200 811 quam
230 772 280 798 ac
320 759 508 813 perversi
536 758 778 812 consiliarii,
809 760 882 814 qui
915 774 1063 814 pacem
1094 759 1382 800 inhibuerunt.
1445 760 1544 800 baec

73 813 260 855 kalendis
299 821 396 855 sunt
433 815 544 856 facta
580 815 896 858 Novembribus.
963 830 1097 871 porro
1129 816 1266 870 pridie
1297 831 1426 856 nonas
1456 818 1544 855 No-

71 870 279 912 vemhrias
305 872 505 926 apparuit
542 878 720 913 cometes
762 872 803 912 iu
832 873 965 926 figura
994 874 1174 914 duarum
1201 872 1447 927 fulgentium
1476 873 1541 913 lu-
1556 893 1589 928 p.
1606 882 1675 916 778

73 941 252 979 narum,
295 928 570 969 adunantium
610 942 654 969 se
682 936 810 984 atque
847 930 1130 982 separantium
1160 930 1200 970 in
1232 929 1396 970 diversa
1425 929 1542 971 sebe-

69 988 209 1034 mata,
234 984 295 1024 ita
321 990 371 1024 ut
410 984 454 1024 iu
482 983 670 1039 acephali
698 985 778 1026 viri
820 986 1032 1028 fictionem
1067 987 1370 1029 formarentur.
1428 991 1472 1027 et
1499 986 1541 1026 in

70 1039 299 1082 crastinum
339 1039 393 1082 de
433 1040 593 1082 excidio
625 1042 900 1083 Mesembriae
942 1045 1057 1083 venit
1086 1043 1431 1083 nobismiserum
1460 1042 1543 1082 (lu-

69 1095 199 1148 binm,
229 1095 445 1138 deterrens
476 1111 616 1139 omnes
645 1098 701 1138 ob
731 1100 940 1140 maiorum
961 1101 1170 1140 malorum
1198 1101 1541 1154 expectationem.

70 1151 326 1195 invenientes
366 1155 476 1194 enim
513 1169 603 1195 eam
633 1154 790 1195 inimici
836 1156 1002 1209 plenam
1046 1156 1237 1196 omnibus
1280 1156 1404 1197 rebus
1434 1171 1543 1211 quae

69 1208 125 1248 ad
147 1207 451 1251 habitationem
470 1210 687 1251 bominum
716 1211 853 1252 adesse
873 1212 1039 1263 debent,
1068 1211 1175 1253 hanc
1203 1218 1430 1253 tenuerunt
1458 1228 1541 1253 una

69 1279 167 1306 cum
194 1265 373 1307 Debelto
389 1296 402 1317 ,
442 1267 484 1307 in
515 1267 666 1323 quibus
705 1274 748 1308 ct
774 1267 967 1322 siphones
997 1284 1145 1310 aeneos
1173 1268 1372 1310 invenere
1402 1283 1470 1310 sex
1498 1275 1541 1310 et

69 1321 282 1373 tricenos,
310 1329 353 1363 et
382 1323 484 1378 ignis
517 1323 701 1375 humidi,
732 1324 804 1379 qui
831 1339 911 1379 per
943 1339 1013 1367 eos
1047 1325 1331 1378 emittebatur,
1360 1326 1540 1382 aurique

71 1383 116 1419 et
143 1378 308 1434 argenti
335 1379 449 1421 haud
478 1380 688 1421 modicam
718 1382 895 1436 copiam.

175 1450 337 1493 Eodem
366 1463 475 1492 anno
503 1452 624 1494 multi
663 1452 998 1495 Christianorum
1040 1467 1088 1495 ex
1114 1453 1360 1504 Palaestina,
1387 1466 1540 1493 mona..

67 1506 143 1549 chi
163 1507 320 1550 scilicet
340 1523 388 1549 ac
417 1509 525 1559 laici,
554 1515 597 1549 et
626 1523 673 1550 ex
703 1510 816 1550 omni
837 1511 958 1566 Syria
990 1510 1031 1550 in
1060 1512 1246 1566 Cyprum
1274 1524 1440 1559 venere,
1470 1510 1540 1550 su-

66 1564 222 1620 gientes
248 1565 487 1606 immensam
521 1566 706 1606 Arabum
739 1567 1020 1607 afflictionem.
1079 1581 1176 1606 cum
1206 1566 1318 1607 enim
1347 1567 1435 1606 sine
1464 1581 1539 1620 ge-

67 1621 200 1662 nerali
230 1621 477 1676 principatu
509 1622 631 1678 Syria
661 1630 766 1663 esset
796 1629 838 1664 et
856 1626 1067 1678 Aegyptus
1097 1629 1141 1663 et
1168 1623 1309 1663 Africa
1338 1629 1381 1664 et
1409 1623 1540 1662 omnis

65 1677 327 1733 principatus
369 1679 443 1733 qui
470 1679 546 1720 sub
576 1679 671 1734 ipsis
701 1685 787 1729 est,
813 1679 1041 1720 homicidia
1068 1685 1111 1720 et
1140 1680 1314 1733 rapinae
1342 1685 1387 1720 et
1418 1678 1542 1719 adul-

67 1734 175 1774 teria
204 1735 475 1790 luxuriaeque
507 1750 555 1776 ac
585 1751 727 1777 omnes
756 1736 836 1776 deo
864 1732 1036 1777 odibiles
1071 1736 1255 1776 actiones
1274 1736 1325 1792 vin
1353 1735 1541 1776 civitati-

66 1791 144 1831 bus
171 1797 215 1832 et
241 1790 346 1832 villis
375 1807 398 1831 a
429 1792 625 1833 divinitus
660 1793 851 1846 peritura
893 1799 1016 1847 gente
1042 1793 1414 1848 perpetrabantur.
1474 1792 1542 1832 in-

68 1862 151 1902 que
182 1848 289 1888 alma
331 1848 398 1889 dei
427 1849 562 1889 nostri
608 1849 779 1890 civitate
804 1850 981 1890 colenda
1010 1850 1125 1901 loca,
1153 1856 1320 1890 sanctae
1346 1848 1542 1889 videlicet

66 1905 388 1946 resurrectionis
419 1920 468 1946 ac
499 1906 724 1957 calvariae,
754 1919 832 1947 ceu
861 1906 1019 1962 reliqua
1059 1907 1283 1959 profanata
1310 1911 1420 1945 sunt.
1481 1906 1537 1945 si-
1553 1930 1587 1965 p,
1605 1920 1675 1956 779

65 1960 222 2000 militer
251 1966 389 2001 autem
434 1968 477 2002 et
508 1963 651 2002 laurae
694 1962 824 2003 eremi
864 1963 1172 2017 opinatissimae
1201 1965 1234 2014 *)
1252 1993 1264 2013 ,
1297 1962 1427 2002 sancti
1455 1962 1537 2002 sci-

65 2017 164 2057 licet
182 2017 420 2058 Charitonis
451 2024 494 2058 et
521 2019 653 2059 sancti
675 2019 820 2069 Sabae,
851 2025 894 2059 et
924 2019 1369 2074 reliquavmonasteria
1398 2026 1440 2058 et
1467 2033 1538 2059 ec-

65 2073 211 2113 clesiae
238 2073 425 2114 desertae
450 2076 584 2116 factae
611 2081 731 2116 sunt:
763 2075 832 2115 alii
880 2090 1059 2131 namque
1090 2083 1298 2130 percepto
1328 2075 1536 2129 martyrio

63 2129 308 2184 interempti
332 2137 440 2181 sunt,
473 2131 540 2171 alii
557 2146 660 2172 vero
686 2133 873 2187 Cyprum
907 2138 949 2172 et
978 2147 1025 2172 ex
1054 2131 1134 2172 bac
1153 2132 1399 2187 Byzantium
1428 2145 1536 2185 pro..

63 2192 294 2240 perarunt,
327 2201 431 2241 quos
463 2188 641 2228 Michael
678 2190 771 2243 pius
803 2188 1038 2244 imperator
1078 2195 1120 2230 et
1151 2188 1411 2242 Nicephorus
1439 2202 1535 2227 san-

62 2242 263 2284 ctissimus
303 2242 542 2297 patriarcha
582 2245 760 2300 benigna
803 2244 1086 2286 munificentia
1124 2251 1403 2299 receperunt:
1437 2259 1534 2283 nam

62 2299 125 2339 his
152 2300 223 2355 qui
254 2306 462 2340 venerunt
490 2300 542 2340 ad
573 2301 721 2342 urbem
746 2302 1049 2342 monasterium
1077 2301 1235 2357 insigne
1254 2300 1438 2349 donavit,
1471 2299 1532 2339 bis

59 2369 165 2395 vero
200 2356 274 2411 qui
306 2356 347 2395 in
376 2356 518 2411 Cypro
549 2365 863 2409 remanserunt,
902 2358 1114 2398 monachis
1143 2357 1300 2398 scilicet
1333 2362 1375 2396 et
1405 2355 1533 2408 laicis,

61 2411 265 2453 talentum
295 2413 388 2452 auri
414 2413 668 2464 transmisit,
698 2421 741 2454 et
779 2413 946 2455 diversis
976 2414 1051 2456 hos
1081 2415 1315 2454 consolatus
1346 2417 1405 2452 est
1435 2426 1532 2452 mo-

61 2467 136 2509 dis.
193 2474 287 2510 erat
313 2469 472 2525 quippe
504 2470 681 2512 Michael
711 2485 810 2525 erga
837 2484 980 2512 omnes
1008 2471 1141 2512 suavis
1182 2469 1351 2525 quidem
1381 2473 1423 2508 et
1450 2467 1533 2509 cle-

105 2602 140 2650 *)
165 2601 451 2651 opinatissimae]
491 2603 650 2638 Ruffinus
684 2604 863 2650 interpres
897 2605 1043 2639 Eusebii
1069 2604 1110 2637 H.
1136 2604 1174 2637 E.
1202 2602 1225 2637 8
1253 2603 1291 2635 1:
1318 2601 1529 2646 opinatissi-

152 2661 231 2683 mus
254 2649 319 2684 ille
343 2651 561 2685 Dorotheus.
611 2652 689 2697 ipse
713 2653 872 2687 Ruffinus
898 2653 923 2687 l.
959 2653 1026 2687 10:
1053 2651 1199 2686 nobiles
1224 2655 1261 2682 et
1285 2649 1528 2694 opinatissimi

153 2705 412 2732 convenerunt.
462 2700 576 2734 lulius
595 2700 804 2734 Firmicuss
824 2701 870 2735 3:
898 2712 1018 2745 magos
1044 2701 1201 2733 famosos
1228 2697 1337 2730 faciet
1361 2697 1417 2729 vel
1447 2697 1529 2743 phi·

151 2743 324 2788 losophos
352 2748 533 2791 opinatos.
582 2748 761 2781 Hiucmae.
793 2750 890 2782 Rem.
910 2749 956 2782 de
987 2746 1207 2781 praedestin.
1232 2743 1303 2779 34:
1334 2744 1528 2791 Gregorius

151 2792 402 2829 Nazianzenus
428 2796 481 2829 vir
508 2797 547 2830 iu
573 2794 644 2830 fide
670 2802 707 2831 et
733 2795 899 2832 doctrina
926 2795 1211 2843 opinatissimus.
1262 2793 1369 2827 man.
