1728 3184
230 188 258 232 3
267 185 328 232 66
714 192 770 233 ΙΝ
811 191 1183 234 ΤΠΙΞθΡΗΑΝΕΜ

225 306 306 348 tuit
337 305 475 347 dotari
508 305 665 348 iudicio
683 337 695 358 9
723 307 914 349 chronici
943 307 1210 349 Alexandrini
1252 320 1378 348 error
1407 305 1702 356 emendandus,

226 363 298 403 uhi
327 363 551 404 Pulcheria
593 365 760 418 imperii
799 366 967 420 paterni
1010 379 1118 405 anno
1152 364 1177 403 5
1218 363 1354 404 lucem
1398 363 1598 418 aspexisse
1631 378 1701 403 re·-

228 420 328 471 lata,
363 435 410 460 ex
431 420 515 461 eius
537 429 738 476 computo
761 436 890 463 annos
912 422 1053 463 decem
1076 421 1262 461 nondum
1292 426 1509 476 provecta,
1537 435 1703 461 omnem

226 477 339 517 orbis
369 477 688 519 administrandi
716 479 870 520 molem
900 479 940 519 in
972 493 1015 520 se
1045 477 1240 532 suscepit.

341 548 433 602 126,
465 550 531 591 18.
590 547 612 592 ὃ
639 551 686 592 δὲ
714 548 962 605 Σωζόμενος
988 549 1124 607 φησί]
1156 551 1251 591 loco
1284 564 1421 605 nuper
1449 548 1646 594 adducto.

342 605 434 719 4Ιιίϊί,
478 623 514 665 1.
581 620 783 673 Ἀττικὸς
832 624 1057 674 ἐπίσκοπος
1101 624 1243 675 ΚΠ.]
1285 624 1481 665 Socrates
1524 623 1632 663 libro
1680 622 1703 663 7

226 693 321 736 cap.
384 711 395 724 .

339 752 450 796 Ibid.
491 754 530 794 5.
609 749 752 808 Ῥώμη
789 749 1076 810 παρελήφθη]
1129 769 1240 795 anno
1282 752 1510 795 Theodosii
1557 751 1708 808 dieque

227 812 373 852 mensis
401 810 470 851 hic
501 811 670 862 notatis,
692 812 882 851 Romam·
901 819 1067 865 captam
1101 811 1241 851 validis
1264 811 1516 867 argumentis
1548 811 1708 850 contir-

227 876 314 909 mat
344 867 548 908 Baronius
579 868 629 908 ad
663 882 816 908 annum
849 868 888 909 d.
915 867 998 909 410
1029 884 1140 909 num.
1176 868 1240 909 19.

340 941 445 983 Ibid.
465 940 507 981 6.
568 937 642 981 καί
668 941 767 992 μεθ’
796 939 959 996 ἡμέρας
987 939 1131 994 ὀλίγας
1151 942 1486 989 Κωνστανῐῖνος]
1519 940 1575 981 ita
1600 940 1709 980 Pro-

228 999 339 1054 speri
371 998 604 1038 chronicon
641 997 691 1037 ad
718 1013 873 1038 annum
902 997 1129 1040 Theodosii
1160 997 1201 1050 3,
1230 998 1385 1038 Idatius
1415 1011 1600 1052 quoque,
1635 997 1704 1051 qui

231 1055 495 1097 Constantini
525 1054 640 1095 istius
671 1060 854 1095 mortem
885 1053 937 1095 ad
966 1055 1149 1096 Honorii
1178 1069 1333 1095 annum
1367 1053 1433 1104 17,
1464 1055 1537 1109 qui
1563 1052 1710 1094 Theo-

228 1110 330 1153 dosii
365 1111 514 1153 tertius
544 1117 806 1164 numeratur,
836 1112 1077 1153 conscribit.

339 1186 450 1226 Ibid.
481 1183 520 1225 8.
591 1184 636 1225 ἐν
678 1183 719 1225 Γ
716 1184 882 1233 αλλιάις
917 1181 1162 1238 Ἰουλιανός]
1206 1183 1326 1225 Idatii
1369 1189 1613 1238 excerptum
1657 1184 1709 1223 ad

226 1249 490 1297 praesentem
519 1257 685 1283 aunum.

341 1316 448 1356 Ibid.
482 1313 543 1356 13.
596 1308 799 1356 Ἰουδαῖοι
828 1312 873 1355 ἐν
915 1312 1241 1370 Ἀλεξανδρείᾳ]
1270 1328 1365 1368 pars
1395 1313 1552 1355 horum
1579 1314 1710 1354 maxi-

228 1387 292 1412 ma
325 1386 419 1412 cum
455 1371 584 1412 fuerit
615 1372 795 1427 Cyrillus
840 1371 1021 1421 antistes,
1060 1385 1197 1426 neque
1230 1378 1449 1425 praesente
1475 1386 1603 1422 anino,
1635 1386 1710 1410 ne-

229 1443 311 1484 que
367 1429 531 1470 vivente
579 1427 717 1469 adhuc
762 1428 960 1483 episcopo
1007 1427 1275 1482 Theophilo,
1330 1433 1567 1482 potuerunt
1608 1442 1710 1466 con-

230 1487 406 1541 tingere.

347 1557 444 1610 128,
481 1558 516 1598 1.
575 1558 831 1611 Πουλχερία
869 1557 1055 1608 τελείως]
1095 1556 1244 1597 chron.
1273 1554 1466 1596 Alexand.
1503 1555 1709 1607 Πουλχε-

232 1612 305 1668 ρία
335 1611 652 1669 ἐπιφανεστάτη
682 1608 946 1668 ἀνηγορεύθη
989 1610 1218 1667 Αὕγούστη
1256 1609 1360 1667 μηνὶ
1387 1611 1582 1668 Πανὲμῳ
1623 1608 1707 1662 πρό

232 1669 269 1711 ‹)'
299 1671 444 1712 νωνῶν
477 1669 671 1712 Ἰουλίου.
740 1670 959 1711 Pulclzeria
985 1671 1238 1710 nobilissima
1277 1671 1470 1723 Augusta
1499 1669 1714 1708 renuncia-

233 1736 300 1768 tur
341 1742 473 1768 mense
514 1727 698 1768 Panemo
738 1723 767 1767 4
811 1741 906 1767 non.
952 1727 1033 1768 Iul.
1091 1741 1239 1767 verum
1282 1725 1323 1766 id
1360 1739 1471 1766 anno
1512 1731 1714 1780 sequente

232 1790 423 1826 notatur.

345 1855 507 1899 Ib1·d.3.
559 1854 774 1898 ‘Ynatt'av
802 1852 882 1910 τήν
909 1851 1168 1911 φιλόσοφον]
1200 1854 1315 1911 quod
1332 1855 1495 1896 incerto
1528 1854 1713 1908 tempori

232 1915 452 1966 Socrates,
495 1919 615 1955 certo
658 1912 935 1968 Theophanes
983 1914 1182 1969 assignat:
1228 1911 1424 1968 legendus
1467 1911 1536 1952 ille
1574 1911 1646 1951 lib.
1687 1909 1711 1950 7

234 1986 326 2028 cap.
356 1971 420 2012 15.

344 2045 455 2091 Ibicl.
486 2044 524 2086 5.
597 2042 855 2099 Ἰσδεγὲρδης
895 2041 918 2082 ὖ
959 2042 1040 2084 τῶν
1085 2042 1301 2098 Περσῶν]
1344 2043 1539 2083 Socrates
1584 2039 1655 2081 lib.
1691 2039 1715 2080 7

235 2117 328 2158 cap.
359 2102 402 2143 8.

341 2171 443 2226 129,
472 2171 511 2217 4.
569 2171 765 2229 κοίμησις
788 2174 1003 2227 Θεοφίλου
1032 2172 1378 2228 Ἀλεξανδρείας]
1411 2171 1550 2212 obitus
1578 2170 1718 2211 Theo-

235 2233 340 2287 phili
361 2231 540 2273 Honorii
570 2245 684 2272 nono
711 2230 930 2271 consulatu
942 2230 1172 2271 Theodosii
1203 2231 1353 2285 quinto
1384 2230 1573 2284 signatur
1602 2226 1717 2281 apud

234 2291 453 2331 Socratem
485 2290 554 2330 lib.
585 2288 610 2329 7
661 2303 753 2343 cap.
782 2288 823 2328 7.
886 2288 944 2327 illi
978 2287 1069 2327 fasti
1102 2302 1212 2328 anno
1243 2286 1469 2327 Theodosii
1502 2285 1718 2338 imperan-

237 2347 288 2387 tis
320 2347 470 2402 quinto
509 2346 645 2386 socios
691 2360 733 2385 sc
774 2345 1031 2399 adiungunt:
1079 2359 1213 2400 quare
1243 2344 1462 2384 videretur
1490 2339 1717 2395 Theophili

234 2419 349 2444 mors
379 2403 429 2444 ad
451 2409 750 2457 praenotatum
769 2401 996 2442 Theodosii
1020 2417 1175 2441 annum
1206 2401 1415 2456 quintum,
1448 2405 1520 2439 aut
1551 2398 1603 2437 ad
1630 2411 1717 2437 sex-

235 2468 328 2500 tum
359 2460 501 2514 potius
550 2457 874 2509 conscribenda,
923 2472 972 2498 eo
1020 2458 1136 2514 quod
1180 2464 1332 2498 auctor
1362 2456 1458 2497 anni
1489 2454 1718 2510 periodum

236 2532 258 2557 a
290 2531 429 2558 mense
461 2517 699 2572 Septembri
741 2515 1028 2555 deducendam
1050 2516 1282 2566 existimat,
1313 2520 1410 2568 post
1438 2527 1561 2568 quem
1596 2525 1718 2550 men--

235 2588 320 2614 sem
352 2579 393 2615 et
422 2572 640 2614 dimidium
670 2573 848 2613 alterum
882 2572 931 2612 15
964 2571 1045 2613 kal.
1081 2572 1327 2613 Novembris
1356 2571 1552 2611 Socrates
1574 2568 1721 2607 Theo..

235 2630 339 2684 phili
371 2631 582 2671 decessum
614 2629 835 2684 contigisse
863 2635 1051 2669 annotat.

349 2704 458 2745 Ibid.
487 2702 526 2745 6.
589 2701 800 2758 Θεόφιλος
841 2702 1083 2754 ἐπίσκοπος]
1130 2701 1284 2741 inutilis
1316 2700 1528 2740 dictorum
1558 2695 1720 2750 repeti-

236 2758 320 2799 tio:
358 2760 418 2799 vel
447 2761 659 2815 superflua
689 2759 1028 2814 praemissorum,
1055 2774 1162 2815 quae
1193 2759 1233 2798 in
1251 2757 1367 2798 Vatt.
1396 2757 1521 2797 Barb.
1554 2759 1595 2794 et
1610 2753 1720 2807 Pey-

236 2830 318 2857 τοι,
349 2816 519 2867 desunt,
553 2825 594 2858 et
623 2818 664 2857 in
697 2818 784 2857 solo
818 2816 902 2856 Pal.
937 2822 1099 2867 extant,
1129 2815 1348 2857 memoria.
