1728 3184
207 189 302 235 300
699 194 754 234 lN
796 194 831 233 T
833 192 1091 235 lIEOPHAN
1098 195 1171 235 EM

204 307 320 346 habet
349 307 453 346 intus
478 309 589 346 vlam
617 322 771 347 sursum
783 309 1005 369 serentem.
1061 322 1175 362 eques
1197 321 1325 360 porro
1355 308 1398 347 in
1429 308 1538 348 bivio
1561 310 1681 363 posi..

203 372 283 414 tus,
313 364 400 418 ipse
427 372 483 402 est
509 378 676 414 magnus
712 365 968 414 Theodosius,
1007 364 1194 404 dextram
1226 379 1360 403 versus
1387 364 1524 404 urbem
1552 366 1681 404 inten-

203 420 312 468 dem,
347 433 401 458 ac
431 430 659 460 monstrans
688 420 885 475 inscripta
913 430 1069 460 statuae
1097 421 1378 476 trophaeorum
1410 430 1676 461 monumenta.

204 476 423 515 columnae
459 483 501 516 et
540 482 700 517 statuae
738 477 1083 531 superimpositae
1127 491 1267 516 casum
1298 482 1469 516 enarrat
1497 478 1680 517 Zonaras

203 531 247 570 in
276 531 433 572 Alexio.
493 533 673 588 origines
705 534 784 576 CP.
816 534 965 574 Petrus
997 533 1138 588 Gyllus
1168 533 1209 572 in
1244 533 1322 573 CP.
1356 533 1652 588 topographia.

320 607 412 654 110,
436 604 500 648 14.
557 610 863 659 χειροτονεῖται
892 604 980 646 ἄντ’
1021 603 1155 645 αὐτοῦ
1179 600 1405 660 Θεόφιλος]
1439 607 1489 646 ad
1523 621 1679 646 annum

203 660 429 701 Theodosii
453 661 696 715 septimum,
734 677 817 717 quo
858 677 961 702 eosS.
994 663 1171 717 agebant
1213 662 1411 702 Arcadius
1447 668 1488 703 et
1514 663 1676 712 Bauto,

203 717 428 772 Theophili
458 718 771 759 ordinationem
803 726 975 759 revocat
996 721 1191 759 Socrates
1224 720 1293 758 lib.
1325 718 1350 758 5
1386 733 1481 774 cap.
1503 722 1569 772 12,
1602 735 1682 760 an-

205 789 279 816 nos
311 774 361 815 27
397 781 439 815 et
466 774 552 815 dies
580 775 632 815 87
666 775 818 815 tribuit
857 776 1066 816 Abraham
1097 775 1386 816 Eccliellensis.

314 849 428 890 Ibid.
461 852 527 893 17.
589 846 764 903 νικήσας
784 846 990 900 Μάξιμον
1017 845 1089 888 τὸν
1116 845 1337 902 τύραννον]
1367 848 1607 890 Theodosio
1638 856 1680 891 et

204 907 388 962 Cynegio
421 920 522 946 coss.
554 921 663 945 anno
696 906 820 959 ipsius
854 905 1081 946 Theodosii
1119 905 1281 945 decimo
1308 906 1532 946 Maximum
1562 906 1680 948 devi-

206 972 320 1004 ctum
351 967 603 1002 attestantur
623 962 824 1016 Prospcri
856 968 897 1001 et
927 961 1046 1002 ldatii
1078 961 1296 1014 chronica,
1325 970 1367 1003 et
1382 964 1577 1003 Socrates
1607 964 1679 1004 lib.

202 1019 228 1059 5
258 1034 351 1074 cap.
382 1018 432 1059 13
465 1025 506 1059 et
539 1017 617 1070 14,
654 1019 722 1058 hic
754 1026 868 1058 sexto
899 1018 979 1061 kal.
1014 1018 1286 1072 SeptembriS,
1315 1019 1391 1059 iste
1421 1020 1568 1074 quinto
1598 1020 1679 1060 kal.

202 1081 417 1131 Augustas,
449 1081 599 1116 auctor
629 1074 879 1115 duodecimo
911 1074 1071 1114 cladem
1104 1075 1308 1128 accepisse
1336 1081 1523 1115 narrant.

318 1152 410 1200 111,
446 1152 480 1192 1.
538 1141 666 1202 ἦλθεν
696 1144 926 1196 Θεοδόσιος
955 1147 999 1187 ἐν
1023 1143 1182 1202 Ῥώμῃ]
1216 1148 1337 1187 Idatii
1365 1155 1407 1189 et
1436 1131 1679 1190 Alexandri-¹

202 1221 302 1245 num
346 1205 547 1247 chronica
589 1204 641 1244 ad
681 1220 835 1245 annum
877 1204 1104 1245 Theodosii
1142 1204 1422 1245 undecimum.
1482 1206 1679 1248 Socrates

201 1262 271 1304 lib.
299 1263 325 1303 5
347 1278 441 1317 cap.
477 1261 543 1302 14.

309 1336 418 1377 Ibid.
450 1336 489 1378 4.
549 1332 572 1374 ὅ
611 1333 811 1388 Εὖγὲνιος
850 1332 870 1376 ὃ
908 1333 991 1375 nino
1030 1334 1352 1389 γραμματικῶν]
1383 1342 1598 1390 arreptam
1626 1337 1678 1377 ab

200 1393 390 1447 Eugenio
420 1392 684 1448 tyrannidem
714 1398 982 1445 praemature
1024 1407 1134 1432 anno
1167 1392 1393 1432 Theodosii
1425 1392 1676 1433 duodecimo

202 1451 382 1489 locatam
410 1451 594 1502 Prosper
637 1456 679 1488 et
709 1449 863 1489 ldatius
904 1449 1132 1489 reclamant
1163 1450 1202 1489 in
1235 1449 1457 1499 chronicis,
1490 1455 1531 1489 et
1561 1450 1677 1490 annis

199 1507 362 1546 duobus
394 1506 677 1559 posteriorem
705 1512 904 1549 statuunt,
964 1507 1185 1546 confirmat
1210 1506 1400 1545 Zozimus
1430 1506 1500 1546 lib.
1523 1503 1551 1546 4
1581 1507 1670 1546 Va-

198 1563 413 1603 lentiniani
443 1562 617 1602 iunioris
646 1576 802 1612 necem,
825 1569 864 1602 et
882 1563 1056 1616 Engenii
1081 1563 1363 1612 rebellionem,
1381 1564 1535 1602 Rufino
1566 1578 1672 1602 con-

198 1621 296 1671 sule,
330 1619 402 1674 qui
435 1619 582 1659 eodem
613 1634 724 1659 anno
753 1620 879 1659 fasces
910 1620 1102 1670 tenebat,
1136 1621 1213 1660 CP.
1246 1620 1429 1659 auditam
1461 1620 1671 1659 referens:

199 1676 349 1731 quibus
381 1674 534 1715 addere
566 1675 723 1728 poteris
741 1677 972 1726 Socratem,
1005 1676 1077 1730 qui
1110 1676 1351 1716 Theodosio
1377 1677 1431 1715 lll
1461 1682 1503 1716 et
1530 1677 1676 1715 Abun-

199 1732 346 1772 dantio
378 1746 492 1782 coss.,
523 1732 648 1786 ipsius
683 1733 879 1772 nimirum
911 1733 1137 1773 Theodosii
1166 1733 1230 1784 15,
1261 1733 1488 1772 exercitum
1520 1732 1570 1772 ad
1606 1748 1678 1772 ex-

198 1788 421 1842 petendam
451 1787 502 1828 de
533 1795 715 1844 tyranno
736 1789 936 1830 ultionem
955 1790 1036 1828 GP.
1070 1790 1245 1830 movisse
1276 1794 1471 1830 testatum
1505 1789 1678 1845 reliquit

198 1846 268 1886 lib.
302 1845 327 1884 5
361 1838 457 1899 cap‘.
487 1841 553 1885 24.

310 1913 416 1952 Ibid.
477 1908 498 1950 ὅ
531 1908 614 1950 αἠὁ
636 1912 955 1963 γραμματικῶν]
983 1909 1251 1963 Ῥωμαϊκοὺς
1281 1910 1497 1953 παιδεύων
1527 1908 1678 1965 λόγους

198 1969 243 2010 ἐν
272 1973 358 2016 τοῖς
388 1967 702 2019 παιδευτηριόις
734 1968 857 2008 habet
886 1970 1078 2008 Socrates
1110 1970 1234 2009 idem.
1269 1970 1343 2025 qui
1371 1971 1542 2010 Latinas
1570 1970 1677 2010 litte.-

197 2041 266 2065 νας
291 2026 334 2064 in
364 2026 473 2064 ludis
500 2024 710 2064 docuerat.
770 2023 1059 2079 α’ντιγραφεὺς
1091 2041 1190 2066 vero
1223 2027 1412 2080 magister
1436 2027 1677 2066 scriniorum

199 2088 278 2122 est:
308 2073 344 2138 ᾦ
374 2076 579 2132 βασιλεύς
607 2077 682 2134 τὴν
709 2080 933 2136 βασιλικὴν
960 2080 1156 2135 γλῶσσαν
1185 2082 1407 2137 ἐπέτρεψε.
1462 2083 1677 2139 Eunapius

198 2139 240 2179 in
274 2136 596 2194 Nymphidiano.

311 2205 424 2244 Ibid.
457 2203 494 2244 9.
557 2200 782 2255 Θεόφιλος]
825 2202 1120 2252 εἰδωλοκτόνος
1162 2213 1344 2262 propter
1381 2207 1450 2247 hic
1479 2213 1676 2248 enarrata

201 2262 386 2316 Georgio
417 2260 608 2316 Syncello
638 2261 783 2301 dictus.
814 2263 1006 2302 Socrates
1036 2263 1142 2303 lib.5
1174 2279 1268 2315 cap.
1295 2263 1345 2305 16
1376 2270 1417 2304 et
1451 2264 1512 2315 17,
1532 2264 1676 2305 Theo-

201 2318 373 2359 (loretus
415 2317 485 2360 lib.
517 2316 542 2357 5
587 2331 681 2374 cap.
716 2318 790 2371 22,
831 2321 1085 2360 Sozomenus
1131 2320 1245 2362 lib.7
1290 2335 1381 2376 cap.
1409 2321 1472 2374 15,
1502 2322 1675 2362 Rufinus

200 2376 271 2417 lib.
302 2375 327 2415 2
360 2389 450 2429 cap.
482 2371 548 2417 23.

316 2445 409 2493 112,
438 2441 481 2482 5.
539 2439 796 2493 Μάρκελλος
823 2439 845 2481 ὅ
876 2441 1120 2493 Ἀπαμείας]
1161 2445 1414 2486 Sozomenus
1444 2460 1580 2501 nuper
1611 2445 1671 2486 ci..

200 2505 328 2550 tatus,
361 2505 402 2539 et
430 2498 723 2539 Theodoretus
755 2498 829 2538 lib.
857 2497 881 2538 5
916 2514 1005 2553 cap.
1039 2500 1104 2541 21.

312 2571 422 2611 [hid.
452 2570 495 2611 8.
554 2566 787 2623 Νεκτάριος
815 2570 860 2611 δὲ
881 2567 902 2610 ὅ
927 2573 1054 2622 ΚΠ.]
1090 2574 1283 2615 ecclesiae
1313 2575 1579 2629 particularis
1608 2591 1675 2616 er-

203 2641 279 2666 ror
309 2634 426 2667 recto
457 2635 498 2667 et
528 2628 693 2682 integro
724 2628 962 2668 universalis
994 2631 1126 2670 sensui
1159 2646 1242 2672 non
1277 2632 1432 2681 officit,
1467 2647 1542 2672 nec
1575 2633 1674 2671 Ori-

202 2683 346 2722 entalis
377 2685 683 2738 quantumlibet
725 2684 860 2738 ampla
888 2687 1218 2743 spectandaque,
1250 2689 1576 2742 poenitentiariis
1607 2704 1674 2728 sa-

204 2738 444 2780 cerdotibus
476 2741 662 2791 reiectis,
695 2756 743 2781 ac
785 2749 961 2796 sequuto
1002 2749 1196 2798 tempore
1226 2745 1416 2799 receptiS,
1447 2745 1526 2784 suis
1552 2745 1672 2799 gestis

204 2801 276 2834 aut
305 2796 468 2850 privata
496 2796 689 2839 doctrina
706 2798 915 2841 Romanae
944 2802 1202 2854 auctoritati,
1234 2801 1416 2856 generali
1443 2806 1671 2843 'consuetu-
