1728 3184
692 178 893 222 Noun.
1419 179 1518 227 387
1580 167 1583 169 ’

45 308 187 335 veram
225 293 464 336 doctrinam
495 308 520 335 e
544 300 722 335 veterno
749 294 1015 342 excitaverit3
1046 295 1110 335 vel
1139 295 1254 350 quod
1286 296 1342 337 ibi
1372 297 1525 338 mulier

46 366 279 406 praegnans
307 366 360 392 ex
390 353 473 392 alta
502 352 676 405 porticu
698 351 740 389 in
762 356 922 391 terram
953 352 1068 406 lapsa
1096 357 1139 391 et
1167 354 1365 405 contrita,
1394 356 1525 395 vitam

44 415 88 449 et
119 408 253 448 foetus
290 407 463 449 salutem
503 408 653 462 populi
684 407 738 446 ad
768 407 1023 448 audiendum
1057 407 1123 448 dei
1154 410 1329 449 verbum
1359 411 1524 452 coliecti

45 464 241 519 precibus
271 465 495 519 receperit.
535 463 737 504 videndus
773 464 859 517 ipse
877 464 1110 519 Gregorius
1140 466 1326 506 carmine
1355 467 1396 506 in
1413 470 1525 507 Ana..

44 520 234 571 etesium,
260 521 339 562 Sov
323 534 515 561 zomenus
551 519 622 560 lib.
651 519 676 560 7
709 534 803 574 cap.
832 520 872 559 5.
918 521 969 560 de
1007 521 1156 561 eodem
1197 522 1303 587 orig.
1335 523 1416 563 (ΞΡ.
1449 521 1525 564 τόν

45 574 150 618 ναὸν
180 577 258 630 τῆς
303 575 427 630 ἁγίας
456 570 747 624 Ἀναστασίας
793 575 865 628 τῆς
892 574 1111 628 Ῥωμαίοις
1154 575 1226 617 τὸν
1251 593 1354 620 οντα
1383 579 1522 619 Μαυ-

45 632 196 683 ριανοῦ
226 629 484 702 Μαρκιανὸς
533 627 556 671 ὅ
594 627 711 679 ὅσιος
749 627 910 672 ε’κτισεν
947 632 994 673 ἐκ
1033 647 1106 673 του
1149 631 1334 674 πλούτου
1375 635 1522 676 αὐτοῦ’.

44 687 228 758 ὀφείλων
255 688 304 730 δὲ
347 687 486 729 κτίσαι
513 686 647 729 αὐτὸν
688 686 712 727 ὅ
741 683 856 735 ὅσιος
895 687 956 735 εις
995 687 1049 729 τὰ
1094 687 1247 754 zPrepa,
1289 689 1333 730 ἐν
1363 685 1427 738 οἷς
1457 691 1531 732 καί

45 743 242 814 ψηφῖδας
270 742 462 786 ἐπώλουν
491 742 685 797 ω’νήσατο
714 741 790 786 τὸν
815 742 945 784 τόπον
977 743 1037 793 εἷς
1063 742 1142 785 δύο
1172 745 1425 811 νομίσματα,
1454 744 1527 787 διὰ

46 798 95 842 τὸ
126 794 236 841 εἶναι
265 796 473 854 μυσαρόν,
515 816 585 840 και
631 798 701 840 διὰ
734 797 780 841 τὸ
811 799 1046 864 εὑρεθῆναι
1079 798 1366 867 υπομνήματα
1397 802 1531 844 ἐκεῖσε

45 856 122 898 τοῦ
146 852 333 926 μεγάλου
357 857 397 897 Γ
395 871 596 910 ρηγοοιου
617 857 695 897 τοῦ
722 851 926 927 θεολόγον
953 853 1178 909 Ῥωμαίως
1204 855 1428 911 γράφοντα
1455 854 1532 899 οὕ-

48 927 142 960 τως.
203 911 610 982 ἄνακαινισθὴσεται
642 911 665 951 ὅ
696 909 795 959 ναὸς
827 905 949 978 ουτος
977 912 1038 960 εἰς
1068 911 1253 981 κάλλος,
1263 929 1333 954 και
1363 914 1424 963 εἷς
1450 915 1532 966 μὲ-

46 971 185 1035 γεθος,
213 983 262 1009 ευ
295 963 406 1009 οἶδα.
467 965 514 1010 τὸ
544 968 591 1009 δὲ
618 966 696 1036 μοί
721 970 835 1022 λέγει
863 966 911 1008 τὸ
945 983 1116 1022 πνευμα
1148 966 1193 1010 τό
1223 963 1354 1022 ἅγιον.
1387 970 1534 1025 πρώην

46 1023 128 1078 γὰρ
179 1025 419 1093 ειῖκτὴριον
447 1022 603 1078 μικρὸν
641 1017 717 1078 ἦν·
782 1023 955 1077 υπῆρχε
998 1025 1046 1066 δὲ
1085 1023 1110 1079 ἦ
1142 1024 1243 1078 ἁγία
1272 1024 1532 1067 Ἀναστασία

48 1080 354 1135 ξυλότρουλον,
396 1078 419 1120 ὅ
461 1081 509 1121 δὲ
549 1082 777 1128 Βασίλειος
815 1080 1047 1122 ἑσκὲπασεν
1096 1079 1231 1135 αὐτήν
1269 1082 1326 1122 δι’
1365 1082 1532 1136 ὀρόφου

46 1137 233 1191 χρυσοῦ.
291 1138 483 1194 templum
524 1147 686 1178 sanctae
726 1138 974 1177 Anasta-siae
1001 1138 1219 1179 Romanae
1239 1154 1286 1179 ιιι
1315 1140 1536 1180 Mam-iani

49 1209 150 1249 agro
178 1196 358 1250 propr-tis
386 1195 578 1249 expensis
607 1195 661 1234 B.
695 1194 934 1234 ,Marcianus
962 1204 1057 1235 extr
1058 1197 1161 1235 uoeit
1221 1209 1312 1236 cum
1339 1196 1446 1236 enim
1475 1196 1536 1236 ad

49 1252 187 1291 locum
219 1249 386 1306 Psepha
413 1259 600 1291 vocatum
617 1280 629 1302 ,
657 1265 738 1306 quo
776 1251 943 1291 tesselae
971 1252 1196 1292 vaenibant
1211 1281 1223 1300 ‚
1269 1252 1439 1293 condere
1465 1267 1535 1292 cu-

45 1315 183 1362 peret,
213 1306 350 1347 locum
378 1307 551 1347 duorum
577 1321 828 1347 nummorum
850 1309 1002 1362 pretio,
1033 1322 1079 1348 eo
1104 1307 1218 1363 quod
1244 1308 1435 1348 sordidus
1465 1323 1534 1348 es-

51 1372 131 1411 sec,
168 1364 448 1418 comparavit.-
492 1377 540 1403 eo
569 1364 753 1404 maxime
791 1364 907 1419 quod
927 1365 971 1404 in.
1002 1378 1048 1404 eo
1078 1365 1217 1417 magni
1252 1363 1445 1418 Gregoric
1469 1366 1536 1404 lu-

51 1419 305 1460 cubratzones
338 1420 483 1460 Latine
509 1421 751 1476 compositae
780 1422 975 1459 ιηυεηΐαε
1005 1420 1063 1460 sic
1091 1422 1277 1471 reflerent.
1335 1422 1534 1477 templum

58 1476 336 1529 istudsbrma
370 1485 409 1516 ec
439 1477 710 1532 amplitudine
730 1477 1008 1532 reparabitur:
1037 1478 1135 1517 bene
1165 1478 1278 1521 novi
1335 1477 1409 1517 laeoc
1435 1478 1540 1517 mihi

53 1534 225 1588 spiritus
252 1541 411 1573 sanctus
429 1534 632 1572 enunciat.
685 1548 802 1588 prcus
829 1534 980 1589 quippe
1006 1547 1183 1586 parvum
1205 1534 1429 1573 oratorium
1459 1548 1538 1574 ex·

54 1589 186 1629 tabat.
243 1598 331 1629 erat
358 1589 510 1643 hgneus
554 1588 603 1628 S.
646 1590 895 1630 Anastasiae
932 1590 1085 1640 mallus,
1115 1590 1260 1628 aedem
1291 1603 1388 1628 vero
1415 1604 1539 1630 aureo

53 1655 151 1686 tecto
179 1648 358 1686 contexit
395 1646 585 1685 Basilius.
656 1645 707 1686 de
751 1645 948 1699 Gregorii
992 1644 1181 1700 theologi
1221 1646 1410 1686 Anastasi
1454 1647 1540 1688 sive

59 1703 269 1743 Anastasia
300 1703 504 1742 Baronius
539 1702 677 1742 annal.
711 1709 813 1742 tom.
841 1700 883 1743 4.

175 1780 268 1833 172,
293 1780 357 1822 10.
416 1778 575 1832 μαθών
594 1780 724 1822 Λέων
755 1775 778 1820 ὅ
807 1775 1027 1833 βασιλεύς]
1047 1780 1203 1836 absque
1232 1794 1442 1820 annorum
1477 1779 1541 1819 vel

60 1839 263 1892 temporis
293 1838 545 1889 discrimine,
574 1837 691 1903 quod
721 1853 803 1892 pro
845 1837 1001 1877 iudicio
1031 1836 1191 1878 divinat
1216 1844 1380 1888 auctor,
1410 1836 1543 1876 histo-

61 1896 166 1956 riam
193 1895 336 1935 Aeluri
363 1901 499 1935 totam
527 1895 733 1935 continuo
766 1900 906 1935 tractu
937 1895 1122 1935 contexit
1151 1895 1400 1935 Anastasius.

174 1973 380 2014 Ibid.12.
451 1973 628 2026 πέμψας
670 1970 944 2028 Καισᾰριον]
979 1973 1093 2013 locus
1130 1980 1276 2028 aperte
1317 1977 1545 2027 corruptus

68 2032 109 2070 in
141 2044 219 2070 mss
251 2031 443 2071 omnibus
477 2044 524 2070 ex
554 2030 756 2070 Anastasii
788 2030 925 2070 verbis
958 2030 1015 2069 ita
1046 2028 1377 2084 interpol.1ndus.
1435 2031 1548 2080 πέμ*

62 2096 151 2138 ψας
173 2085 420 2139 Καισάρων
450 2087 611 2138 (scribit
641 2089 899 2139 Caesaream)
935 2084 1301 2151 ἕγλωσσοτόμησεν
1329 2083 1429 2132 τούς
1454 2099 1546 2124 κοι-

61 2141 334 2197 νωνήσαντας
364 2142 421 2182 τεῦ
451 2139 564 2199 φόνω
595 2143 1111 2198 H9ots91'ov.Caesarii
1138 2145 1228 2184 vice
1255 2142 1412 2183 Stelam
1441 2140 1548 2182 scri-

62 2200 147 2255 psit
176 2200 381 2254 Euagrius
412 2201 466 2240 ad
495 2214 587 2254 cap
619 2199 646 2240 8
679 2200 749 2240 lib.
785 2200 810 2240 2
839 2200 977 2240 finem.

55 2310 59 2313 »
176 2277 287 2322 [bid.
321 2277 385 2318 18.
441 2276 674 2331 γράμματα
692 2275 796 2330 πρὸς
821 2275 920 2326 τούς
946 2273 1125 2332 ἑκάστης
1145 2275 1370 2328 ἐπαρχίας]
1403 2289 1547 2316 excer-

66 2340 186 2389 ptum
218 2349 338 2390 capp.
382 2334 407 2375 9
443 2333 493 2375 10
528 2341 570 2375 et
604 2334 652 2374 11
701 2335 771 2375 lib.
803 2336 829 2376 2
869 2335 1072 2390 Euagrii3
1118 2332 1368 2373 Theodorus
1409 2332 1546 2373 lector

66 2392 212 2433 eadem
241 2392 403 2444 scribit,
433 2405 598 2432 necnon
625 2391 845 2447 Liberatus
871 2391 1085 2432 diaconus.

184 2470 348 2522 173,1.
406 2468 578 2526 Βάρδα]
612 2469 841 2524 Βάρδατον
869 2471 966 2512 loco
995 2474 1229 2511 memorato
1258 2465 1405 2506 scribit
1432 2466 1546 2506 Eua..

68 2528 195 2583 grius.
254 2528 306 2569 de
339 2528 423 2568 istis
452 2527 704 2569 Theodorus
732 2529 890 2569 Lector
917 2528 988 2568 lib.
1023 2531 1042 2571 1
1075 2532 1171 2581 post
1201 2523 1380 2563 initium.

183 2612 290 2654 llud.
328 2612 391 2654 18.
447 2609 723 2664 Ἰουβενοὶλιος
750 2626 770 2651 ο
821 2608 1069 2664 ἇγιωτατος]
1102 2624 1148 2649 ex
1180 2607 1338 2662 Cyrillo
1364 2605 1476 2645 vitae
1505 2605 1547 2644 S.

71 2668 207 2710 Sabae
234 2669 446 2724 scriptore
485 2668 597 2723 apud
625 2669 797 2709 Surium
829 2669 896 2709 die
927 2669 951 2708 5
980 2666 1176 2708 Decemb.
1204 2678 1314 2704 anno
1346 2661 1549 2702 Marciani

10 2750 11 2753 =
73 2727 223 2766 ultimo
266 2726 522 2767 Iuvenalium
566 2725 713 2767 obiisse
753 2725 1012 2768 demonstrat
1055 2722 1260 2763 Batonius
1300 2718 1355 2760 ad
1393 2732 1550 2759 annum

75 2781 232 2824 Christi
264 2779 347 2824 457
377 2797 490 2824 num.
521 2781 590 2823 57.
