1794 3250
295 196 393 248 274
511 203 793 247 ANASTASH
835 204 1094 246 HlSTORlA
1134 201 1544 246 ECCLESIASTICA

293 321 426 362 minus
455 322 583 362 novit.
657 321 740 375 ipse
773 334 850 375 ego
881 319 1148 374 conscriptor
1177 318 1329 359 horum
1357 318 1450 358 viva
1480 331 1585 358 voce
1614 316 1754 357 audivi

293 393 316 418 a
342 378 594 420 Theodosio.
654 377 837 418 collectis
864 377 1007 432 itaque
1032 375 1200 426 militiis,
1239 389 1323 415 non
1352 376 1486 415 solum
1518 389 1563 415 ex
1591 373 1758 414 Thrace

292 449 439 482 verum
469 435 592 475 etiam
633 448 681 475 ex
709 433 1005 485 ulterioribus,
1040 448 1134 472 cum
1166 433 1224 472 his
1266 432 1390 472 etiam
1420 445 1569 486 egenos
1598 430 1759 485 pedites

291 505 388 532 cum
416 491 600 546 propriis
627 490 840 544 stipendiis
872 497 1022 530 contra
1043 490 1258 543 vulgares,
1291 487 1427 528 fundis
1458 495 1501 527 et
1528 487 1655 541 virgis
1686 503 1759 527 ar-

291 555 426 588 matos
456 554 499 588 et
526 546 853 602 blasphemantes
893 547 1077 588 minavit.
1150 547 1356 586 Crumnus
1399 550 1537 584 autem
1565 544 1759 584 multitu-

292 605 408 646 dines
453 605 624 654 timens,
664 618 759 643 cum
801 609 903 644 esset
932 602 1157 653 Marcellis,
1199 601 1370 656 petebat
1400 615 1558 655 pacem.
1616 600 1759 641 atille

292 675 470 716 nequam
504 660 684 701 consiliis
709 666 750 700 et
780 660 899 715 paria
919 658 1266 700 consentientium
1286 658 1557 698 consiliorum
1585 670 1760 698 suorum

291 717 548 758 suasionibus
577 716 815 772 prohibitus
842 723 915 767 est,
947 723 988 757 et
1017 721 1113 771 post
1140 716 1292 755 multos
1322 715 1529 755 anfractus
1560 727 1639 768 per
1669 713 1760 754 avia

290 773 383 814 loca
410 774 766 829 praecipitanter,
799 773 1043 814 temerarius
1083 772 1204 812 simul
1232 779 1274 813 et
1296 770 1492 826 pavidus,
1523 769 1760 825 ingreditur

289 831 535 885 Vulgariam
564 831 725 871 decimo
754 831 881 870 tertio
909 829 1103 870 kalendas
1135 831 1334 883 Augustas
1352 859 1364 881 ,
1394 843 1490 868 cum
1519 827 1649 874 Sirius
1681 841 1760 881 ap-

289 893 460 942 pareret
489 893 637 928 cuncta
658 901 911 937 consumens,
939 887 1187 941 frequenter
1211 885 1368 929 affatus.
1427 884 1546 940 “quis
1565 883 1665 924 ibit'’
1692 883 1759 923 in..

291 943 436 998 quiens
466 947 535 984 “et
567 943 745 997 decipiet
774 943 982 994 Achaliab,
1017 943 1114 997 quia
1146 942 1231 982 sive
1261 942 1358 982 deus
1385 941 1469 981 sive
1499 940 1759 981 adversarius

290 1000 421 1041 trahit
450 1015 515 1040 me
531 1000 735 1040 nolentem
753 1000 804 1039 ?''
833 1013 970 1054 porro
1000 999 1243 1053 priusquam
1270 999 1471 1052 ingressus
1500 997 1761 1038 fuissetVul-

290 1056 462 1111 gariam,
476 1057 694 1111 Byzantius
724 1055 846 1096 huius
879 1055 1050 1096 dilectus
1076 1055 1248 1095 famulus
1269 1055 1323 1094 ad
1343 1055 1574 1095 Crumnum
1605 1070 1626 1093 a
1644 1055 1760 1093 Mar.-

290 1114 400 1154 cellis
433 1114 636 1168 confugit,
666 1127 804 1153 secum
834 1118 1027 1166 surrepta
1072 1117 1183 1152 veste
1217 1111 1422 1165 imperiali
1451 1117 1492 1151 et
1525 1110 1617 1150 auri
1645 1110 1760 1151 libris

291 1176 471 1210 centum.
529 1170 647 1210 multi
679 1175 816 1209 autem
847 1169 966 1209 huius
1000 1170 1140 1221 fugam
1172 1168 1213 1207 in
1244 1168 1398 1207 malum
1423 1167 1651 1222 Nicephori
1682 1182 1761 1206 au-

290 1227 434 1280 spicati
466 1233 572 1266 sunt.
631 1226 766 1266 tribus
798 1226 955 1280 quippe
985 1223 1127 1265 diebus
1157 1230 1252 1280 post
1279 1223 1438 1278 primos
1469 1224 1687 1264 conflictus
1717 1238 1760 1263 se

160 1283 532 1344 p,763prospe1·ari
576 1284 769 1336 opinatus
816 1297 899 1322 non
943 1296 1150 1337 prospera
1193 1281 1360 1321 facienti
1410 1281 1489 1321 deo
1535 1280 1760 1321 victoriam

182 1340 185 1343 ’
291 1340 550 1390 ascribebat,
578 1340 646 1379 sed
678 1339 884 1379 Stauracii
914 1339 1037 1379 solius
1079 1339 1235 1378 bonam
1274 1339 1488 1377 fortunam
1515 1337 1761 1392 bonumque

291 1396 507 1437 consilium
530 1395 814 1450 praedicabat,
845 1401 886 1436 et
912 1395 1186 1449 principibus,
1217 1394 1289 1449 qui
1318 1394 1542 1435 introitum
1565 1393 1762 1434 inhibue-

292 1460 401 1504 rant,
434 1453 686 1493 minabatur.
744 1452 1053 1493 irrationabilia
1085 1465 1276 1507 quaeque
1313 1450 1558 1502 animantia,
1587 1450 1761 1492 infantes

293 1515 336 1549 et
375 1524 542 1549 omnem
583 1514 761 1549 aetatem
806 1508 1195 1549 immisericorditer
1243 1507 1382 1547 occidi
1430 1507 1647 1563 praecepit
1665 1540 1676 1560 ,
1721 1512 1763 1547 et

291 1571 460 1605 mortua
505 1565 923 1619 comprovincialium
975 1579 1160 1619 corpora
1202 1563 1403 1619 insepulta
1443 1564 1608 1615 dimisit,
1639 1563 1764 1604 solius

293 1621 529 1676 spoliorum
569 1621 824 1662 collectionis
866 1621 1123 1675 diligentiam
1154 1620 1316 1662 faciens.
1386 1621 1518 1662 claves
1553 1627 1691 1661 autem
1722 1625 1766 1661 et

254 1701 258 1705 ⁴
293 1678 503 1733 signacula
525 1678 806 1733 penetralibus
827 1678 998 1718 Crumni
1020 1678 1401 1732 superimponebat,
1433 1693 1479 1718 ea
1512 1683 1560 1717 ut
1587 1677 1766 1732 propria

295 1735 348 1775 de
377 1741 517 1775 cetero
551 1735 752 1775 muniens.
785 1748 906 1775 aures
940 1735 1062 1775 etiam
1091 1741 1132 1775 et
1157 1741 1398 1775 ceterorum
1429 1734 1766 1774 Christianorum

294 1792 496 1843 membra,
528 1791 602 1846 qui
634 1793 777 1831 saltem
806 1791 1033 1846 tetigissent.
1054 1792 1279 1847 quiequam
1312 1806 1358 1831 ex
1387 1792 1544 1845 spoliiS,
1577 1791 1768 1831 abscide—

293 1848 382 1897 bat,
417 1854 459 1889 et
500 1847 637 1888 aulam
674 1848 858 1888 incendit
896 1863 1004 1903 quae
1034 1849 1252 1888 dicebatur
1292 1848 1421 1887 cortis
1452 1848 1638 1898 Crumni,
1671 1862 1766 1888 cum

296 1905 383 1958 ipse
413 1904 680 1946 vehementer
709 1910 811 1945 esset
830 1904 1079 1955 humiliatus,
1113 1913 1154 1945 et
1181 1905 1446 1958 significasset
1474 1904 1612 1945 dicens
1641 1907 1767 1945 “ecce

298 1961 444 2001 vicisti.
502 1961 603 2002 tolle
621 1976 721 2014 ergo
755 1961 952 2016 quicquid
985 1962 1062 2001 tibi
1092 1961 1295 2015 placabile
1325 1961 1466 2011 fuerit,
1495 1967 1536 2002 et
1566 1961 1767 2016 egredere

298 2017 338 2057 in
369 2020 512 2071 pace.''
570 2024 611 2057 at
645 2018 725 2068 ille,
760 2032 853 2056 cum
885 2018 996 2071 pacis
1028 2026 1130 2059 esset
1161 2017 1375 2069 inimicus,
1407 2017 1516 2058 hanc
1545 2017 1766 2058 admittere

298 2074 447 2114 noluit.
506 2074 547 2114 in
580 2075 730 2129 quibus
759 2075 938 2114 saeviens
967 2074 1034 2115 ille
1064 2075 1103 2114 in
1133 2074 1312 2128 regionis
1342 2074 1539 2114 introitus
1564 2081 1607 2115 et
1637 2075 1766 2115 exitus

298 2131 431 2185 lignea
462 2131 692 2170 munimina
721 2131 885 2170 mittens
915 2131 1095 2171 maceria
1134 2131 1419 2171 circumdabat
1446 2136 1574 2187 atque
1601 2132 1765 2172 tutavit.

296 2187 552 2242 Nicepliorus
570 2194 709 2227 autem
725 2186 805 2227 hoc
826 2195 1045 2241 comperto
1062 2201 1155 2227 mox
1180 2187 1391 2238 attonitus,
1409 2188 1608 2242 quidnam
1625 2193 1767 2242 ageret

297 2244 542 2284 circumiens
567 2244 801 2297 ignorabat,
827 2251 867 2283 et
890 2244 949 2283 bis
969 2245 1039 2299 qui
1060 2244 1179 2283 simul
1205 2244 1380 2284 aderant
1411 2246 1597 2285 futuram
1620 2243 1766 2297 perdi..

296 2301 454 2340 tionem
473 2300 754 2354 praedicebat,
777 2314 1005 2340 asseverans
1024 2301 1173 2341 “etiam
1193 2301 1224 2340 si
1243 2300 1412 2354 pennati
1433 2301 1533 2341 facti
1554 2301 1766 2352 fuerimus,

295 2371 337 2397 se
367 2371 488 2398 nemo
518 2362 657 2411 speret
697 2356 867 2396 exitium
914 2360 1175 2397 evasurum.''
1246 2357 1348 2399 haec
1382 2364 1521 2398 autem
1553 2357 1767 2398 molimina

296 2419 417 2454 erant
446 2427 525 2468 per
556 2413 641 2454 dies
670 2412 786 2463 duos,
815 2414 1003 2468 quintam
1033 2414 1227 2455 videlicet
1255 2420 1297 2455 et
1336 2421 1491 2455 sextam
1521 2414 1695 2463 feriam;
1725 2420 1767 2454 et

296 2476 422 2511 nocte
450 2469 613 2511 sabbati
644 2469 904 2510 turbationes
934 2477 975 2511 et
1003 2471 1226 2511 turbarum
1268 2478 1521 2511 armatarum
1556 2471 1667 2512 circa
1695 2471 1766 2511 Ni-

298 2527 532 2582 cephorum
577 2533 619 2567 et
649 2541 718 2567 eos
764 2526 834 2581 qui
877 2541 971 2566 eum
1002 2527 1090 2580 ipso
1126 2533 1248 2568 erant
1294 2528 1458 2568 auditae
1488 2528 1593 2568 acies
1624 2542 1766 2568 omnes

168 2601 205 2636 p.
219 2590 286 2629 764
299 2589 621 2624 enervaverunt.
658 2590 754 2623 ante
786 2582 865 2623 diei
888 2598 988 2637 ergo
1014 2584 1270 2638 principium
1301 2585 1638 2638 supervenientes
1667 2585 1766 2624 bar-

297 2640 391 2680 bari
430 2647 580 2681 contra
624 2639 938 2681 tabernaculum
982 2641 1209 2693 Nicepliori
1250 2647 1290 2680 et
1328 2648 1536 2694 magnates
1568 2641 1638 2696 qui
1671 2656 1765 2680 cum

298 2696 387 2750 ipso
418 2703 552 2746 erant,
585 2696 695 2737 hunc
726 2695 1015 2736 miserabiliter
1046 2697 1331 2744 interficiunt3
1373 2699 1483 2738 inter
1511 2711 1616 2752 quos
1644 2703 1766 2737 erant

297 2753 436 2792 Aetius
467 2753 629 2804 Petrus,
661 2759 702 2794 et
732 2752 930 2793 Sisinnius
950 2753 1169 2808 Triphyles
1198 2754 1380 2807 patricii,
1409 2761 1535 2809 atque
1563 2754 1765 2794 Theodo-

296 2809 376 2849 sius
398 2809 610 2851 Halibaras
640 2810 852 2864 patricius,
882 2809 955 2865 qui
975 2810 1237 2851 contristavit
1267 2817 1308 2852 et
1327 2810 1456 2852 multa
1485 2811 1629 2852 beatae
1658 2811 1764 2851 mala
