1728 3242
212 187 308 234 220
417 189 701 236 ANASTASII
742 188 963 232 ms'rom
972 189 1004 230 A
1054 187 1304 230 ECCLESlA
1311 189 1376 229 ST
1381 186 1468 229 {CA

201 306 319 355 ,niam
346 311 666 360 perpetrarunt,
698 305 772 346 hos
788 303 1027 346 Sulehiman
1054 309 1255 357 praetore
1288 301 1481 341 ducente.
1541 314 1678 355 porro

207 364 438 414 Anastasius
469 361 868 416 pseudopatriarcha
912 367 1054 400 tenens
1084 358 1331 398 honoranda
1363 362 1404 398 et
1434 357 1592 397 vivifica
1625 358 1676 396 li..

209 432 300 471 gna,
330 418 482 458 iuravit
508 419 669 472 populo
701 418 840 458 dicens
870 420 975 471 “per
1004 431 1096 455 eum
1129 415 1197 468 qui
1231 414 1269 453 in
1305 414 1398 468 ipsis
1428 413 1567 454 affixus
1595 420 1672 465 est,

209 473 265 514 sic
295 474 395 513 mibi
431 474 532 514 dixit
554 475 843 514 Constantinus
876 474 1106 526 imperator
1125 484 1376 520 asseverans,
1407 484 1460 509 ne
1489 470 1675 510 aestimes

208 530 339 570 filium
363 530 429 570 dei
450 545 532 571 esse
562 545 654 570 eum
681 545 804 585 quem
835 527 999 583 peperit
1024 525 1154 566 Maria
1184 525 1344 581 quique
1375 525 1531 566 dicitur
1550 525 1675 566 Chri-

209 592 306 638 stus,
336 586 407 627 sed
448 601 603 641 purum
645 586 872 625 hominem.
930 583 1063 624 Maria
1106 581 1214 622 enim
1244 597 1339 623 eum
1371 582 1539 636 peperit
1569 582 1677 623 sicut

211 657 277 683 me
305 643 471 698 peperit
500 649 632 683 mater
658 657 747 683 mea
782 640 952 682 Maria.”
1010 645 1051 679 et
1083 643 1182 678 tunc
1217 638 1349 679 omnis
1375 638 1555 694 populus
1584 654 1676 679 ma-

211 697 354 739 ledixit
382 698 431 738 ei.
833 707 835 710 '

322 771 466 812 Mundi
491 784 599 810 anno
628 766 751 813 6234,
781 768 943 809 (livinae
973 767 1269 807 incarnationis
1300 782 1408 807 anno
1440 763 1535 818 734,
1566 782 1675 807 anno

213 842 316 869 vero
349 827 511 882 imperii
530 826 788 867 Constantini
820 824 1015 874 secundo,
1045 824 1115 879 qui
1132 826 1423 864 Romanorum
1452 823 1676 878 imperium

211 883 359 934 tenuit,
387 890 576 923 mortuus
607 889 668 923 est
699 883 836 922 Hisam
867 881 1052 921 Arabum
1080 879 1175 920 dux.
1211 879 1280 920 hic
1309 879 1559 921 sanctissima
1589 884 1676 921 An-

213 939 405 980 tiochena
448 939 615 980 ccclesia
655 953 734 992 per
766 951 893 977 annos
939 936 1215 992 quadraginta
1254 936 1422 977 viduata
1467 943 1678 987 manente,

211 996 529 1051 prohibentibus
568 995 657 1035 fieri
696 992 979 1048 patriarcham
1015 993 1241 1046 Arabssms,
1272 992 1314 1032 in
1346 991 1490 1033 eadem
1519 992 1676 1033 habens

214 1052 420 1107 quendam
459 1051 777 1090 amantissimum
818 1049 1069 1089 monachum
1108 1049 1260 1104 Syrum
1300 1049 1468 1090 nomine
1498 1049 1680 1103 Stepha-

214 1119 332 1158 num,
364 1108 632 1160 agrestiorem
674 1106 841 1162 quidem
879 1105 949 1146 sed
982 1106 1243 1161 religiosum,
1283 1105 1399 1145 iubet
1428 1106 1470 1145 in
1505 1106 1681 1147 Oriente

214 1164 359 1218 positis
389 1163 652 1213 Christianis,
696 1162 729 1201 si
767 1162 919 1202 vellent
952 1162 1140 1216 permitti
1182 1161 1260 1202 sibi
1290 1161 1574 1216 patriarcham
1603 1161 1680 1202 ba-

214 1221 328 1270 bere,
361 1220 558 1274 eligerent
591 1218 869 1273 Stephanum;
901 1219 972 1273 qui
1004 1218 1199 1259 divinitus
1229 1217 1312 1258 hoc
1340 1217 1433 1258 fieri
1464 1219 1680 1259 arbitrari-³

88 1281 201 1329 p.641
216 1282 273 1317 tes
302 1281 546 1316 consecrant
580 1290 674 1316 eum
706 1275 747 1314 in
775 1274 869 1315 sede
899 1274 1178 1330 Theupoleos,
1209 1280 1251 1316 et
1281 1289 1329 1315 ex
1358 1281 1462 1315 tunc
1495 1274 1578 1315 huc
1608 1289 1678 1316 us-

215 1347 296 1388 que
325 1333 523 1373 discurrit
553 1332 639 1372 sine
666 1331 956 1387 prohibitione
983 1330 1221 1372 huiusmodi
1252 1330 1358 1372 fieri.

319 1404 477 1445 Eodem
511 1419 620 1444 anno
649 1404 836 1445 obtinuit
865 1403 1018 1444 Vhalid
1055 1404 1160 1444 filius
1192 1402 1318 1444 Hisan
1347 1403 1532 1451 Arabum
1561 1403 1681 1460 prin-

209 1460 405 1515 cipatum,
436 1461 487 1502 ad
513 1476 637 1517 quem
653 1461 947 1501 Constantinus
971 1459 1141 1517 quidem
1166 1460 1378 1501 Andream
1403 1459 1679 1515 spatharium,

207 1517 488 1558 Artahuasdus
539 1524 676 1558 autem
723 1517 980 1571 Gregorium
1035 1517 1294 1572 logothetam
1348 1517 1680 1568 transmiserunt,

209 1573 404 1613 auxilium
433 1581 677 1629 quaerentes
708 1574 889 1629 utrique.
945 1588 1080 1629 porro
1109 1573 1276 1628 pluviae
1309 1573 1491 1613 defectus
1521 1579 1563 1614 et
1593 1579 1679 1613 ter-

209 1644 281 1670 rae
310 1636 446 1670 motus
485 1645 562 1684 per
606 1631 698 1670 loca
726 1631 822 1670 facti
851 1637 971 1681 sunt,
1004 1630 1062 1670 ita
1106 1637 1152 1670 ut
1181 1635 1342 1670 montes
1370 1629 1595 1670 unirentur
1627 1628 1680 1669 ad

210 1686 387 1727 invicem
418 1701 495 1742 per
525 1701 711 1728 eremum
738 1687 903 1728 Sabbae
934 1694 976 1728 et
1019 1687 1184 1728 castella
1211 1687 1286 1727 sub
1321 1693 1479 1727 terram
1510 1686 1680 1726 immer-

209 1749 410 1797 gerentur
438 1743 645 1798 absorpta.

321 1815 481 1856 Eodem
523 1831 623 1856 vero
671 1831 778 1857 anno
812 1817 977 1856 Cosmas
1016 1815 1288 1857 Alexandriae
1318 1814 1562 1870 patriarcba
1592 1829 1674 1854 una

210 1886 305 1911 cum
334 1878 422 1912 tota
443 1872 610 1912 civitate
641 1888 662 1912 a
694 1873 1069 1914 monothelitarum
1099 1872 1327 1913 cacodoxia
1362 1871 1489 1913 rediit
1519 1871 1570 1911 ad
1603 1886 1680 1911 or·-

211 1927 462 1978 thodoxiam,
493 1943 586 1967 cum
616 1929 812 1970 tenuisset
840 1945 861 1969 a
895 1931 1021 1986 Cyro,
1053 1930 1125 1985 qui
1168 1930 1244 1970 sub
1276 1929 1472 1969 Heraclio
1504 1928 1678 1968 Alexan-

211 1983 327 2024 driae
370 1984 608 2038 patriarcha
643 1985 732 2025 fuit.
791 2000 926 2039 porro
967 1986 1199 2027 exercitum
1231 1986 1365 2026 movit
1399 1987 1556 2025 Gamer
1583 1998 1678 2023 eum

210 2041 396 2080 Arabum
425 2040 691 2082 multitudine
719 2048 867 2082 contra
888 2042 1153 2091 Romaim,
1181 2047 1223 2083 et
1251 2041 1392 2082 multis
1424 2041 1464 2080 in
1496 2040 1681 2094 captivi-

209 2103 338 2137 tatem
370 2096 554 2136 abductis
583 2112 768 2139 reversus
798 2105 873 2145 est,
907 2105 947 2139 et
976 2099 1172 2153 apparuit
1213 2098 1374 2153 signum
1407 2097 1450 2136 in
1481 2097 1597 2137 caelo
1627 2095 1682 2136 ad

208 2151 445 2207 aquilonem
477 2168 613 2194 mense
634 2155 764 2194 lunio.
823 2154 974 2195 Vbalid
1007 2150 1146 2195 autem
1175 2155 1351 2195 Petrum
1378 2153 1680 2194 sanctissimum

207 2209 518 2263 metropolitam
533 2211 718 2251 Damasci
752 2210 888 2266 lingua
915 2211 1099 2251 mutilari
1128 2211 1345 2265 praecepit
1377 2217 1574 2265 tanquam
1605 2224 1677 2248 ar-

207 2271 400 2318 guentem
442 2267 577 2319 palam
620 2268 803 2307 Arabum
846 2275 886 2308 et
916 2267 1259 2308 Manichaeorum
1298 2267 1608 2321 cognationem,
1638 2271 1680 2305 et

208 2322 365 2362 exulem
404 2336 529 2375 penes
571 2322 730 2363 felicem
777 2325 975 2365 Arabiam
1018 2325 1143 2375 fecit,
1182 2324 1254 2364 ubi
1297 2329 1340 2364 et
1381 2323 1567 2362 moritur
1595 2336 1678 2376 pro

209 2377 374 2418 Christo
419 2379 625 2435 martyrio
665 2388 892 2434 percepto,
943 2396 1036 2421 cum
1079 2380 1304 2435 expressius
1347 2378 1504 2419 divinas
1542 2378 1680 2418 missas

208 2434 528 2486 pronuntiasset,
557 2436 662 2475 sicut
681 2437 798 2476 huius
821 2437 880 2476 rei
906 2443 1143 2477 narratores
1165 2438 1298 2486 aiunt,
1329 2436 1461 2491 quise
1491 2434 1676 2488 propriis

83 2504 118 2539 p.
131 2491 200 2526 642
213 2489 415 2530 auditibus
430 2505 556 2544 super
578 2493 659 2532 hoc
685 2493 916 2533 satisfactos
942 2508 1022 2534 esse
1050 2494 1250 2533 fatentur.
1291 2491 1411 2532 huius
1442 2490 1679 2531 aemulator

213 2550 254 2584 et
284 2547 531 2600 aequivocus
544 2548 692 2588 Petrus
709 2548 819 2602 apud
836 2550 1059 2589 Maiumam
1078 2548 1227 2590 eisdem
1251 2548 1513 2602 temporibus
1540 2553 1680 2586 osten-

212 2614 276 2639 sus
305 2608 363 2642 est
390 2617 469 2655 pro
491 2603 654 2644 Christo
685 2610 848 2658 martyr
875 2605 1106 2655 ultroneus,
1140 2605 1342 2659 languore
1374 2602 1577 2658 siquidem
1607 2601 1680 2641 de-

212 2660 347 2696 tentus
371 2658 577 2711 primores
594 2660 776 2700 Arabum
798 2660 1027 2711 advocavit,
1050 2668 1200 2716 utpote
1218 2661 1466 2701 assuefactos
1489 2659 1565 2699 sibi
1584 2673 1679 2698 cum

212 2711 488 2753 chartularius
519 2723 621 2756 esset
656 2723 698 2756 et
727 2716 895 2770 publica
927 2718 1085 2757 tributa
1118 2719 1226 2758 facta
1254 2717 1420 2758 ratione
1448 2716 1677 2764 conferret,

212 2774 254 2809 et
282 2769 340 2809 ait
368 2768 419 2808 ad
439 2770 527 2810 illos
556 2772 819 2814 “mercedem
851 2772 1018 2828 quidem
1050 2789 1131 2829 pro
1164 2774 1246 2815 mei
1276 2772 1513 2815 visitatione
1543 2787 1565 2813 a
1595 2770 1678 2812 deo
