1728 3184
683 173 883 214 NOTAE.
1428 163 1523 212 471

51 297 234 333 mocatta
263 290 335 332 lib.
363 290 392 331 3
420 305 512 346 cap.
540 289 594 341 6,
623 290 820 331 Mauricii
852 304 983 331 annus
1014 291 1278 343 volvebatur,
1308 306 1404 332 cum
1437 292 1522 331 Ba-

52 364 144 390 ram
173 348 399 390 Persarum
442 347 522 388 dux
553 347 604 388 ab
637 346 834 387 Ormisda
863 361 962 402 rege
986 353 1137 388 contra
1163 348 1360 388 Suaniam
1390 347 1528 388 mitti-

53 413 148 446 tur:
186 419 334 446 verum
377 417 463 444 non
505 404 557 444 ab
599 403 898 459 imperatoria,
938 403 1010 443 sed
1048 419 1071 443 a
1112 418 1301 444 caesarea
1328 404 1529 459 dignitate

53 461 264 502 Mauricio
304 460 453 501 collata
482 460 569 501 eius
594 474 725 500 annos
756 460 1030 500 Simocattam
1072 474 1293 500 numerare
1320 474 1530 501 necessum

52 518 232 558 videtur.
291 516 554 572 reliquorum
594 530 731 571 porro
771 515 1021 556 Hormisdae
1054 523 1267 569 gestorum
1311 516 1528 556 narratio-

51 589 160 625 nem,
189 587 236 614 ex
266 588 349 628 qua
387 587 583 627 praesens
625 573 810 626 epitome
848 571 1115 626 deprompta,
1161 572 1266 612 texit
1298 573 1529 612 Simocatta

52 631 125 671 lib.
153 629 182 671 3
210 643 332 684 capp.
358 627 386 669 6
413 629 439 669 7
468 628 497 669 8
514 636 557 670 et
594 629 757 669 ultimo.
783 628 967 684 totisque
996 628 1221 669 duodecim
1250 627 1321 668 lib.
1348 628 1378 668 4
1405 629 1528 683 prio-

53 687 168 728 ribus
198 685 418 740 capitibus,
447 685 655 740 Euagrius
684 684 757 725 lib.
788 686 863 725 ult.
907 699 999 739 cap.
1036 687 1102 729 15,

186 756 286 811 406,
322 760 387 804 13.
445 754 705 811 Φερογάνην]
738 752 1001 812 Φεροχάνην.

184 826 281 886 407,
295 831 336 874 5.
392 830 582 880 Βεσὸἆν]
618 831 846 870 Simocatta
869 825 1058 882 Βεστάμ.
1087 830 1320 871 Anastasius
1347 829 1530 870 Bes-tam.

182 902 283 956 409,
313 902 381 946 20.
438 902 674 953 κατέδειξεν
705 898 728 942 ὅ
757 899 963 955 βασιλεῦς
1002 903 1264 954 Μαυρίκιος]
1297 901 1531 955 processio-

52 961 114 1002 nis
142 975 192 1001 ac
214 975 389 1016 precum
411 960 464 999 ad
490 959 739 1000 Blachernas
770 960 1005 999 institutum
1032 958 1073 997 in
1103 964 1344 1013 sequentem
1374 972 1530 997 anuum

54 1017 368 1072 deportandum
397 1031 525 1066 reor,
572 1030 658 1070 quo
692 1017 862 1056 Mariae
896 1016 1077 1063 nomine,
1112 1016 1215 1067 (non
1248 1015 1433 1066 angelica
1460 1028 1530 1053 sa..

48 1075 265 1124 tutatione,
291 1080 341 1114 ut
368 1074 459 1113 vult
478 1073 733 1112 Simocattae
765 1072 974 1125 interpres
986 1071 1156 1111 Latinus
1186 1071 1259 1110 lib.
1281 1071 1307 1110 5
1338 1084 1429 1124 cap.
1455 1071 1528 1122 10)

50 1130 321 1171 Persas'inter
338 1136 381 1171 et
405 1131 614 1170 Romanos
640 1128 737 1169 belli
756 1130 888 1168 socios
909 1129 948 1167 in
968 1142 1109 1182 pugna
1137 1133 1287 1167 contra
1307 1128 1531 1165 Baramum

51 1188 94 1227 iu
123 1192 319 1227 tesseram
348 1186 475 1236 dato,
506 1185 711 1226 chosroes
750 1185 958 1225 celebrem
1002 1183 1187 1224 obtinuit
1222 1184 1458 1234 victoriam,
1489 1187 1531 1223 et

52 1243 268 1285 Persicum
301 1257 476 1298 regnum
505 1242 680 1296 adeptus
713 1246 786 1281 est.

185 1315 284 1367 410,
320 1315 357 1356 2.
429 1312 680 1369 πανήγυριν]
731 1313 902 1355 festinus
939 1327 987 1354 ac
1029 1313 1225 1367 frequens
1268 1311 1531 1351 Christianae

52 1372 184 1428 plebis
213 1372 268 1413 ad
300 1371 516 1413 ecclesiam
546 1377 704 1422 coetus,
735 1385 820 1425 quo
854 1369 944 1421 dci,
975 1370 1021 1412 B.
1051 1369 1237 1424 virginiS,
1267 1374 1340 1408 aut
1370 1373 1531 1419 marty-

54 1445 150 1471 rum
180 1428 323 1470 laudes
364 1428 557 1479 canticis,
597 1428 837 1468 orationum
876 1441 899 1467 e
942 1432 1134 1480 suggestu
1161 1425 1532 1478 pronuntiatarum

50 1485 324 1536 sermonibus,
354 1491 509 1525 ornatu
537 1485 681 1538 templi
703 1484 820 1523 vario
854 1482 1127 1536 explicantur,
1158 1488 1217 1522 est
1247 1481 1374 1521 etiam
1406 1479 1533 1519 hodie

52 1542 225 1584 Graecis
253 1537 503 1595 πανήγυρις.
560 1541 790 1580 Simocatta
825 1537 939 1579 lib.4
960 1552 1051 1591 cap.
1082 1541 1131 1581 15
1163 1544 1362 1578 exeunte:
1395 1534 1532 1587 πανή-

51 1613 177 1652 γυριν
202 1602 288 1646 τοῖς
330 1597 584 1644 καλλινίκοις
623 1592 934 1650 συστησάμενος
972 1589 1208 1647 μάρτυσιν,
1237 1593 1310 1633 {ni
1338 1593 1424 1632 τῶν
1450 1593 1533 1643 βη-

47 1653 196 1706 μάτων
226 1655 311 1695 τῶν
328 1649 507 1708 niumm»
537 1653 613 1706 τῆς
632 1652 854 1705 ἐκκλησίας
882 1649 1116 1703 γενόμενος,
1147 1647 1390 1698 παιωνίζων
1412 1641 1532 1703 ᾆσμα

51 1706 209 1766 καινόν,
237 1710 297 1767 τῷ
328 1709 508 1765 Χριστῷ
535 1708 751 1761 ἐπινίκιον,
791 1711 881 1755 τοῖς
907 1705 992 1746 ω’σί
1017 1706 1096 1746 τοῦ
1124 1703 1533 1758 κατεκκλησιασθέν-

50 1781 120 1814 τος
147 1766 255 1807 λαοῦ
280 1766 384 1807 τάδε
414 1780 495 1805 που
534 1761 791 1818 διηγόρευεν.
869 1763 1116 1815 martyribus
1140 1762 1370 1818 praeclaris
1399 1760 1533 1799 victo-

52 1824 160 1863 ribus
185 1825 454 1877 panegyrim,
485 1823 572 1862 sive
599 1821 873 1863 celebritatem
912 1820 1137 1868 instituens,
1165 1833 1188 1858 e
1215 1817 1381 1856 sublimi
1406 1816 1532 1855 eccle..

51 1881 140 1920 siae
166 1889 355 1934 suggestu,
383 1879 443 1919 ad
467 1877 761 1932 gratulandam
778 1877 933 1916 Christo
959 1875 1193 1925 victoriam,
1222 1873 1430 1913 canticum
1457 1885 1532 1911 no-

51 1950 149 1976 vum
177 1945 360 1985 cantans,
401 1935 462 1975 ad
478 1935 673 1990 populum
719 1940 1013 1998 congregatum
1042 1932 1100 1970 ita
1130 1930 1333 1970 disseruit.
1391 1927 1533 1982 paucis

52 1998 205 2032 auctor
233 1990 470 2039 κατέδειξεν
517 1988 639 2043 λιτὴν
679 1988 755 2029 καί
795 1983 986 2041 εγκαίμια
1025 1986 1241 2039 γενέσθαι.
1310 1985 1432 2025 aliam
1460 1983 1533 2036 τῆς

52 2044 328 2102 πανυγύρεως
358 2047 673 2102 significantiam
705 2045 831 2086 habes
862 2058 957 2099 pag.
991 2046 1088 2087 221.

184 2131 296 2172 Ibid.
323 2130 363 2170 5.
421 2129 735 2183 τεκνοποιηθείς
765 2127 788 2168 ὁ
817 2125 1022 2179 βασιλειῖς
1039 2122 1302 2177 Μαυρῖκιος]
1325 2139 1371 2164 ex
1390 2123 1530 2164 Simo—

54 2193 191 2229 cattae
218 2186 333 2227 lib.4
362 2187 515 2227 ultimis
548 2194 754 2240 quattuor
786 2185 1016 2239 capitiliuS,
1058 2189 1100 2223 et
1129 2188 1223 2222 toto
1254 2183 1326 2221 lib.
1356 2181 1381 2219 5
1411 2194 1529 2218 com..

52 2243 252 2299 pendiosa
283 2244 487 2283 narratio.
547 2243 664 2282 cuius
684 2242 936 2295 praecipuos
966 2246 1135 2281 eventus
1169 2239 1209 2277 in
1244 2252 1397 2277 annum
1425 2236 1532 2274 alte-

55 2316 151 2343 rum
180 2300 433 2341 conferenda
473 2305 646 2339 monent
671 2299 925 2338 Simocattae
963 2296 1091 2336 verba
1133 2294 1203 2334 lib.
1234 2295 1258 2334 5
1302 2290 1437 2346 cap.3
1465 2292 1533 2330 in-

53 2363 196 2398 eunte.
223 2350 324 2410 ἦρος
351 2356 492 2396 τοίνυν
521 2354 761 2407 ἀρχομένου
793 2349 815 2395 ὃ
841 2351 1045 2405 νεώτερος
1075 2346 1301 2402 στρατηγὸς
1330 2342 1533 2399 Χοσρόην

54 2409 332 2465 παραλαβών.
390 2412 465 2452 καί
491 2409 542 2452 τὰ
571 2406 678 2463 ἑξῆς.
701 2412 842 2465 primo
870 2412 1006 2462 itaque
1023 2422 1115 2447 vere
1144 2421 1269 2446 novus
1297 2405 1387 2444 dtur
1415 2402 1534 2442 dacco

56 2483 191 2511 secum
212 2469 397 2523 Chosroe,
418 2475 497 2508 etc.
554 2468 761 2521 Euagrius
795 2466 866 2506 lib.
895 2465 920 2506 5
954 2479 1043 2519 cap.
1077 2465 1128 2507 16
1162 2465 1212 2506 17
1242 2468 1284 2501 et
1315 2463 1379 2503 18.

170 2553 268 2604 412,
300 2552 340 2594 6.
398 2548 502 2605 μηνὶ
538 2541 727 2607 Μᾶρτίῳ
764 2546 853 2599 κς”]
893 2549 977 2589 istis
1016 2546 1248 2588 chronicon
1288 2541 1533 2583 Alexandri-

56 2625 157 2650 num
186 2610 449 2651 consentiens
480 2608 532 2647 ad
566 2622 722 2646 annum
739 2606 929 2647 Mauricii
948 2605 975 2646 8
1002 2603 1157 2651 subdit,
1187 2599 1239 2640 ου’
1263 2601 1408 2649 μέντοι
1435 2595 1533 2650 ἐπεὶ..

54 2681 106 2720 γη
135 2664 196 2714 εἷς
224 2662 485 2718 συμβόλαια,
518 2657 546 2713 ἢ
575 2656 679 2702 ἄλλο
703 2677 742 2703 τι
774 2657 973 2715 ἐπράχθη
1002 2659 1068 2700 ἐπ’
1087 2656 1203 2712 αὐτῷ
1228 2655 1312 2695 τῶν
1340 2654 1399 2701 εἰς
1425 2652 1535 2707 γνώ-

57 2735 189 2772 ρισμα
218 2722 453 2773 βασιλέως,
502 2718 598 2759 ἅλλῗ
625 2712 650 2772 ἢ
677 2717 809 2767 μόνον
840 2717 1045 2771 ἑστέφθη.
1106 2715 1325 2766 interpreS.
1354 2711 1427 2756 sed
1455 2725 1533 2750 non

56 2779 102 2819 in
132 2779 358 2820 societatem
386 2776 757 2819 administracionis
802 2776 1058 2827 inauguratus
1083 2779 1154 2812 ese.
1215 2781 1395 2822 repono.
1428 2766 1540 2805 haud

1595 275 1605 293 1
