1768 3268
559 206 629 248 Ex
675 204 1023 248 TREOPRANE.
1460 203 1524 249 73

57 319 217 374 pslssetg
244 318 423 359 arefacta
451 324 513 360 est
535 332 680 360 manus
709 319 820 373 eius3
862 325 989 376 quem
1016 325 1238 374 peccatum
1265 335 1386 361 sunm
1415 334 1525 361 con-

55 378 207 417 fessum
233 376 393 416 sanavit
421 376 677 417 Gennadius.
735 377 854 417 aiunt
883 379 994 417 enim
1024 376 1193 431 quidam
1225 377 1525 418 historicorum

57 432 175 488 quod
204 432 351 486 crispis
379 437 423 474 et
451 433 559 473 raris
589 433 748 487 capillis
778 434 943 474 schema
964 434 1010 473 in
1039 434 1245 474 salvatore
1271 434 1396 488 magis
1423 449 1525 476 ver-

57 488 251 528 naculum
287 488 352 528 sit.
408 503 489 544 per
520 488 631 530 idem
650 496 815 544 tempus
842 491 929 530 Leo
958 491 1195 544 imperator
1213 490 1423 531 Zenonem
1449 506 1522 546 ge-
1534 498 1651 546 p.175
1676 497 1700 532 9

55 560 206 586 nerum
227 559 350 585 suum
378 546 663 600 magistratum
690 546 818 587 totius
851 547 1038 587 Orientis
1074 547 1187 597 fecit,
1218 552 1261 587 et
1287 547 1526 588 Basiliscum

54 601 447 643 fratrem-Verinae
474 604 682 657 Augustae
725 603 1015 658 magistratum
1059 603 1251 644 Thracae
1291 604 1523 646 constituit.

55 659 170 698 Zeno
219 663 359 699 autem
399 660 564 700 veniens
602 659 868 700 Antiochiam
908 660 1069 700 invenit
1111 660 1355 714 episcopum
1402 660 1443 700 in
1476 676 1525 702 ea

55 728 222 756 sacrum
251 715 517 771 Martyrium.
573 716 724 756 Petrus
754 721 893 757 autem
923 716 1143 770 Cnapheus
1172 717 1429 772 sequebatur
1445 718 1526 758 Ze-

56 785 226 822 nonem,
255 785 351 812 cum
377 778 480 813 esset
509 772 765 828 presbyter3
799 773 871 828 qui
898 773 1151 826 persuadens
1180 773 1339 814 Zenoni
1367 780 1416 814 ut
1447 774 1527 815 sibi

57 833 369 882 cooperaretur
394 828 448 868 ad
475 829 773 870 conducendos
806 829 1002 870 mercede
1043 829 1248 885 quosdam
1278 830 1527 885 Apollinarii

53 889 305 936 sectatores,
345 885 639 926 turbationum
676 885 782 926 dena
814 886 927 926 milia
968 887 1120 927 excitat
1149 894 1296 926 contra
1334 887 1457 927 fidem
1486 893 1528 928 et

53 941 311 996 Martyrium
341 942 606 997 episcopum;
640 949 682 983 et
712 941 1034 983 anathematizat
1063 957 1132 983 eos
1162 944 1235 999 qui
1265 958 1349 983 non
1381 943 1528 984 dicunt

57 997 183 1038 deum
212 998 460 1039 crucifixum
503 1013 611 1050 esse,
653 1005 696 1040 et
740 998 929 1040 scindens
972 1001 1178 1054 populum
1219 999 1529 1041 Antiochennm

57 1053 177 1094 addit
216 1054 260 1094 in
304 1055 477 1110 trisagio
522 1054 679 1111 hymno
720 1056 821 1110 “qui
855 1056 1073 1097 crucifixus
1119 1070 1159 1096 es
1202 1062 1386 1111 propter
1412 1059 1526 1096 nos.’'

54 1110 172 1164 quod
209 1117 362 1152 extunc
412 1111 621 1168 hodieque
665 1111 778 1167 apud
820 1113 1148 1167 Theopaschitas
1198 1113 1281 1154 dici
1322 1113 1524 1154 obtinuit.

51 1166 279 1223 Martyrius
309 1173 448 1208 autem
478 1167 530 1208 ad
557 1170 739 1210 Leonem
760 1170 1063 1223 imperatorem
1091 1169 1220 1224 venit,
1246 1175 1289 1210 et
1314 1176 1526 1224 susceptus
1539 1184 1574 1220 p.
1593 1172 1666 1221 176·

52 1230 115 1264 cst
144 1238 241 1264 cum
267 1222 435 1264 honore
464 1225 616 1278 multo,
644 1226 782 1266 studio
814 1225 1022 1267 Gennadii
1067 1226 1254 1280 episcopi
1285 1227 1527 1267 Constanti-

53 1279 273 1333 nopoleos.
347 1280 510 1322 rediens
559 1288 699 1323 autem
723 1282 1001 1333 Antiochiam,
1032 1287 1075 1322 et
1103 1283 1316 1324 inveniens
1345 1284 1525 1338 populos

52 1335 282 1377 diffidentes
318 1337 616 1392 Zenonemque
654 1338 717 1379 his
744 1339 979 1389 faventem,
1010 1353 1154 1379 coram
1191 1340 1364 1380 ecclesia
1398 1341 1524 1381 abre-

52 1393 262 1433 nuntiavit
289 1393 576 1447 episcopatui‚
607 1394 747 1435 dicens
793 1396 934 1436 “clero
977 1410 1062 1435 non
1095 1395 1261 1437 subdito
1291 1402 1333 1437 et
1360 1397 1523 1451 populo

49 1447 261 1489 dissidenti
289 1456 332 1490 et
363 1451 558 1491 ecclesiae
598 1450 804 1506 squalenti
844 1452 1112 1502 abrenuntio,
1139 1468 1307 1493 servans
1336 1453 1526 1494 mihimet

48 1505 275 1546 sacerdotii
302 1505 586 1562 dignitatem.''
657 1521 743 1562 quo
786 1506 1022 1548 discedente
1047 1509 1197 1550 Petrus
1231 1509 1451 1564 Cnapheus
1482 1509 1525 1550 in

48 1562 253 1603 thronum
272 1563 597 1604 Alexandrinum
618 1563 778 1616 insiliit,
810 1572 852 1605 et
874 1579 970 1605 mox
995 1566 1195 1606 Ioannem
1215 1580 1387 1621 quoque
1415 1580 1523 1622 pro-

47 1618 183 1659 movit
209 1620 470 1673 Apamenum
502 1621 772 1675 episcopum,
803 1621 876 1676 qui
917 1629 1009 1662 erat
1038 1637 1085 1662 ex
1122 1622 1402 1677 depositione.
1462 1622 1524 1662 his

49 1690 155 1716 vero
186 1677 413 1731 compertis
435 1676 672 1717 Gennadius
700 1682 851 1717 cuncta
883 1677 1130 1733 imperatori
1162 1680 1348 1733 exponit,
1378 1686 1420 1720 et
1454 1679 1523 1719 iu-

47 1731 122 1773 bet
147 1732 321 1773 Petrum
352 1733 548 1788 Cnaphea
586 1734 760 1774 exiliari.
834 1735 951 1790 quod
981 1734 1149 1776 audiens
1179 1736 1330 1776 Petrus
1358 1736 1524 1777 exilium

47 1789 144 1844 fuga
173 1790 318 1830 evasit.
392 1790 596 1831 electione
641 1804 743 1831 vero
774 1792 990 1832 communi
1015 1793 1195 1834 lulianus
1225 1792 1396 1849 quidam
1430 1793 1524 1849 epi-

48 1860 199 1900 scopus
228 1845 476 1888 Antiochiae
503 1854 797 1902 promovetur.

159 1924 321 1966 Eodem
351 1940 460 1966 anno
491 1927 713 1968 translatus
743 1933 804 1968 est
841 1926 952 1982 apud
990 1926 1283 1968 Alexandriam
1311 1928 1521 1984 propheta

47 1979 258 2022 Helisaeus
302 1982 344 2023 in
371 1983 673 2024 monasterium
704 1983 823 2024 Pauli
850 1984 1029 2039 leprosi:
1067 1984 1282 2040 leprosum
1313 1987 1423 2026 enim
1453 2001 1520 2026 sa-

46 2037 255 2136 lngitzisssesett‘
276 2038 492 2095 leprosum
520 2040 637 2094 fecit,
669 2047 712 2082 et
739 2041 783 2082 in
817 2055 865 2082 ea
893 2056 1001 2098 quae
1042 2040 1199 2097 leprosi
1233 2047 1356 2083 erant
1383 2049 1521 2083 trans-

161 2173 283 2214 Circa
308 2172 413 2216 haec
440 2181 634 2231 tempora
662 2175 893 2232 Anthimus,
923 2183 965 2218 et
991 2177 1199 2219 Timocles
1225 2178 1517 2234 tropat-iorum
1530 2193 1566 2227 p·
1588 2181 1656 2218 177
1686 2183 1728 2218 11

46 2229 227 2271 factores
258 2233 604 2287 agnoscebantur.
678 2239 899 2288 praeterea
938 2234 1096 2276 Cassius
1138 2241 1337 2291 quaestor
1366 2235 1516 2275 Antio-
1529 2255 1564 2290 p.
1582 2242 1651 2277 178
1675 2242 1700 2278 6

47 2285 203 2328 chenus
243 2294 374 2344 atque
411 2289 681 2345 philosophus
719 2290 942 2346 derogatus
985 2297 1046 2332 est
1073 2292 1188 2347 apud
1215 2292 1518 2347 imperatorem

45 2349 95 2385 ut
125 2357 332 2399 paganus,
372 2351 414 2386 et
454 2346 570 2387 iussit
596 2347 831 2402 imperator
859 2348 1087 2388 examinari
1123 2363 1219 2390 eum
1248 2365 1271 2390 a
1300 2349 1517 2404 praefecto

42 2401 362 2454 praetoriorum
390 2402 771 2457 Constantinopoli.
805 2419 986 2460 cumque
1017 2405 1250 2447 duceretur
1277 2405 1319 2445 in
1336 2405 1519 2460 Zeuxip-

42 2469 145 2511 pum
180 2458 342 2498 vinctus
374 2466 608 2500 retrorsum
639 2461 843 2510 manibus,
875 2460 978 2501 dixit
996 2461 1048 2502 ad
1079 2477 1175 2503 eum
1207 2464 1359 2503 Poseus
1388 2475 1520 2515 prae—

43 2513 175 2554 fectus
205 2514 412 2570 “videsne‚
443 2531 469 2556 o
502 2517 622 2567 Cassi,
655 2517 698 2556 in
727 2532 812 2573 quo
844 2517 991 2558 habitu
1019 2520 1270 2560 constitutus
1300 2518 1409 2559 sis?”
1445 2518 1519 2574 qui

45 2569 105 2610 ait
134 2570 314 2623 “video‚
356 2579 398 2613 et
443 2588 528 2614 non
572 2573 736 2614 miror:
773 2574 903 2615 homo
937 2576 1048 2616 enim
1078 2591 1173 2616 cum
1200 2576 1288 2625 sim,
1320 2574 1519 2615 humanas

44 2625 209 2667 incurri
236 2629 504 2670 calamitates.
533 2630 604 2671 sed
636 2630 774 2671 iudica
805 2631 847 2670 in
876 2647 965 2686 me,
995 2638 1043 2672 ut
1070 2647 1235 2673 mecum
1265 2631 1517 2672 indicabas.''

47 2682 196 2738 quibus
240 2685 391 2726 auditis
429 2687 580 2728 concio
606 2686 791 2727 laudavit
827 2688 1151 2743 imperatorem,
1186 2702 1271 2742 quo
1293 2694 1517 2743 comperto

45 2738 279 2795 imperator
306 2742 466 2798 gavisus
495 2751 557 2785 est
583 2750 625 2785 et
654 2743 810 2785 dimisit
837 2760 934 2786 eum
963 2745 1007 2784 in
1036 2747 1250 2800 regionem
1275 2759 1404 2785 suam.

107 2816 110 2817 ⁷
151 2814 300 2855 Mundi
333 2832 442 2858 anno
473 2815 598 2870 5963,
627 2818 793 2860 divinae
823 2818 1125 2860 incarnationis
1154 2832 1264 2860 anno
1293 2815 1391 2868 463,
1419 2833 1513 2859 cum
1529 2839 1565 2875 p.
1586 2827 1655 2864 183
1681 2828 1727 2865 13
