1728 3184
172 172 174 174 ’
196 168 296 219 460
712 177 768 218 lN
808 176 1183 219 ΤΗΕΟΡΗΑΝΕΜ

200 296 278 337 sibi
309 295 628 337 occurrentium
655 296 958 352 iuterrogatio:
986 297 1079 338 τίνα
1093 292 1306 349 μανὸάτα,
1331 297 1673 352 quaenam-prin-

197 355 299 409 cipis
325 352 557 394 mandata?
587 353 734 395 insulse
762 353 932 410 quidam
961 353 1315 408 interpretantur,
1341 365 1447 408 quae
1473 353 1619 394 nova?

308 431 404 487 375,
438 431 477 472 5.
531 430 827 481 ’[ουστινιανὸς
861 433 910 488 ζῇ
922 433 938 489 ]
977 433 1161 475 Venetos
1201 432 1484 487 Prasinosque
1512 431 1676 486 pariter

197 504 222 530 a
253 488 380 530 caede
410 489 489 530 sibi
516 495 667 530 mutuo
709 490 927 531 inserenda
971 504 1236 544 repressurus
1266 488 1457 539 Iustinus,
1484 488 1678 543 utrisque

198 546 362 588 diversa
390 552 573 587 mentem
614 546 656 586 in
689 546 864 588 eandem
907 547 1131 602 significat:
1174 545 1372 595 Venetis;
1403 545 1679 586 lastinianum

198 617 350 644 eorum
393 603 569 644 factioni
609 603 822 659 quondam
864 603 1100 659 proclivem
1144 602 1344 643 amisisse:
1373 601 1580 649 Prasinis3
1606 606 1680 639 tu-

196 660 350 704 multus
381 674 533 701 eorum
563 659 686 700 illatis
716 661 843 701 etiam
872 661 1065 701 caedibus
1097 673 1363 715 compescere
1390 659 1577 713 peritum
1606 658 1679 697 lu-

197 717 422 758 stinianum
450 717 494 757 in
521 731 607 758 sese
636 717 825 758 nondum
854 717 1097 769 extinctum,
1130 717 1214 758 imo
1239 715 1504 772 superstitem
1529 729 1683 755 manc—

199 789 262 816 re.
293 788 425 831 quare
454 775 627 830 utrique
654 774 706 815 ab
738 774 902 815 iniuriis
934 774 1184 816 abstineant.

207 906 211 909 .
310 853 417 895 Ibid.
447 852 491 894 7.
549 850 598 893 τὸ
629 848 837 894 παλάτιον
865 853 948 894 τῶν
979 852 1229 910 Romanam]
1261 852 1314 893 ad
1346 850 1549 907 palatium
1577 849 1680 890 illud

198 910 378 951 nominis
413 909 595 951 eiusdem
625 917 799 966 portum
849 911 1048 962 extitisse,
1075 912 1204 952 totius
1239 909 1438 951 nimirum
1470 908 1549 948 (ΣΡ.
1580 922 1679 961 par-

196 973 283 1065 febm
305 967 370 1066 {ta
409 973 601 1064 votia5tam
650 969 841 1008 referunt
871 968 978 1023 orig.
1023 967 1103 1011 CP.
1135 968 1296 1025 Gyllius
1338 965 1389 1007 de
1420 972 1565 1020 topog.
1597 964 1682 1004 CP.

215 1039 226 1064 ι
261 1053 272 1065 .
360 1039 450 1079 cap.
531 1054 540 1064 .

304 1092 416 1135 Ibid.
445 1091 486 1134 9.
543 1090 762 1148 προφάσει
789 1091 869 1133 τοῦ
897 1090 989 1132 ἐκεῖ
1008 1091 1198 1147 ταφῆναι
1222 1088 1424 1141 Ἰοῦστον]
1455 1089 1683 1130 defuncto-

197 1162 294 1189 rum
325 1148 596 1190 cadaveribus
647 1155 763 1190 extra
809 1150 998 1190 ecclesias
1026 1148 1197 1204 sepeliri
1228 1146 1448 1197 consuetis,
1486 1162 1578 1187 cum
1609 1148 1681 1187 Iu..

196 1210 307 1246 stum
329 1205 459 1247 filium
493 1207 536 1247 in
557 1205 809 1262 Archangeli
837 1206 940 1248 aede
968 1205 1212 1247 tumulasset
1244 1203 1432 1255 Iustinus,
1463 1208 1510 1242 ut
1540 1204 1681 1244 locum

197 1277 363 1304 sacrum
392 1263 435 1303 in
481 1278 576 1305 suos
619 1278 713 1304 usus
742 1269 942 1315 mutaret,
981 1269 1024 1304 et
1048 1263 1253 1319 palatium
1282 1266 1550 1302 construeret
1576 1256 1683 1312 πρό-

198 1332 332 1372 φασιν
362 1319 535 1363 invenit.
568 1320 614 1362 S.
645 1319 831 1376 Sophiae
874 1319 1034 1375 templo
1075 1325 1296 1376 comparat
1335 1316 1440 1359 illud
1470 1317 1684 1372 Corippus

197 1375 270 1418 lib.
299 1373 341 1421 4.

369 1456 512 1497 inclita
541 1458 809 1512 praeclarum
839 1456 924 1498 duo
956 1463 1052 1497 sunt
1082 1455 1288 1496 imitantia
1316 1454 1490 1505 caelum,

370 1514 545 1554 consilio
577 1514 751 1555 fundata
779 1514 869 1563 dei;
897 1513 1138 1555 venerabile
1167 1512 1371 1567 templum

373 1577 416 1612 et
444 1570 758 1626 Sophianarum
789 1570 1049 1627 splendentia
1078 1577 1188 1611 tecta
1218 1583 1442 1610 novarum.

314 1648 429 1690 Ibid.
476 1648 541 1691 13.
607 1645 774 1706 Ῥώμης
802 1649 1054 1697 Βενέὸικτος
1082 1645 1153 1703 ἔτη
1190 1643 1246 1699 ε’]
1287 1647 1437 1689 desunt
1479 1646 1521 1686 in
1560 1645 1689 1686 Barb-

201 1704 338 1746 Palat.
368 1713 410 1747 et
431 1707 604 1763 Peyrez.
634 1708 778 1762 legunt
797 1705 964 1761 Ῥώμης
985 1705 1236 1754 Βενέδικτος
1265 1701 1339 1758 ἔτη
1369 1704 1524 1758 absque
1553 1718 1687 1742 anno-

203 1777 300 1803 rum
330 1778 521 1804 numero·
554 1770 639 1805 tres
663 1765 806 1818 potius
832 1779 957 1819 quam
989 1764 1176 1819 quinque
1206 1760 1476 1816 reponendos
1507 1772 1685 1800 censeo:

205 1819 372 1860 Ioannis
403 1820 563 1875 quippe
590 1820 837 1863 successoris
879 1825 974 1875 post
1013 1833 1143 1861 annos
1178 1825 1262 1860 tres
1294 1832 1445 1859 nomen
1475 1830 1686 1858 memora-

202 1883 276 1918 tur
301 1890 395 1932 pag.
428 1876 523 1918 908.
1604 1884 1606 1890 ⁴

316 1950 424 1991 Ibid.
444 1950 508 1991 18.
565 1950 652 1991 τῶν
681 1947 813 2003 ἁγίων
838 1946 1092 2004 ἄναργύρων
1117 1949 1163 1991 ἐν
1189 1951 1275 1996 τοῖς
1292 1943 1500 2002 Δαρείου]
1530 1945 1576 1987 ἐν
1602 1948 1689 1993 τοῖς

202 2007 466 2048 Βασιλίσκου
498 2007 656 2048 habent
684 2008 791 2061 orig.
827 2007 905 2048 CP.
982 2007 1096 2047 aliud
1134 2002 1391 2058 α’ναργύρων
1431 2005 1608 2046 Cosmae
1646 2008 1688 2043 et

202 2063 399 2105 Damiani
434 2063 549 2105 nullo
580 2063 721 2118 pretio
755 2063 1056 2103 medicantium
1085 2064 1289 2117 templum
1320 2061 1537 2102 celebrant
1565 2060 1687 2101 illae:

204 2116 245 2162 οἷ
273 2114 389 2173 ἅγιοι
431 2116 670 2174 ἀνάργυροι
705 2112 822 2166 ὄντες
861 2119 921 2168 εἷς
968 2116 1016 2160 τὸ
1050 2121 1231 2172 Ζεῦγμα
1271 2117 1528 2172 ἐκτίσθησαν
1568 2112 1690 2167 παρὰ

205 2175 411 2232 Πρόκλου
444 2174 712 2231 πατριάρχου
740 2177 850 2218 ΚΠ.
879 2175 1083 2230 μαθητοῦ
1118 2175 1196 2217 τοῦ
1228 2170 1555 2229 Χρυσοστόμου.
1612 2172 1688 2216 SS.

206 2234 389 2275 mercede
415 2249 496 2274 non
522 2234 802 2274 conductorum
830 2235 1040 2274 ecclesiam
1071 2234 1130 2273 ad
1159 2234 1346 2287 Zeugma
1370 2233 1548 2288 positam
1580 2229 1689 2271 Pro-

206 2292 293 2333 clus
319 2291 570 2348 patriarcha
606 2291 690 2330 CP.
731 2289 1010 2342 chrysostomi
1036 2291 1254 2346 discipulus
1286 2290 1487 2329 extruxit.

316 2362 413 2416 376,
447 2364 483 2404 1.
541 2359 819 2411 Ἀναστάσιος
857 2357 879 2401 ὅ
908 2361 1132 2410 ἐπίσκοπος
1163 2358 1443 2414 Ἀντιοχείας]
1474 2359 1588 2400 cuius
1618 2358 1687 2398 hi-

206 2421 395 2474 storiam,
438 2428 480 2462 et
509 2419 708 2476 Gregorii
741 2434 879 2461 mores
908 2419 1130 2474 descripsit
1161 2419 1370 2474 Euagrius
1403 2417 1475 2458 lib.
1507 2416 1532 2456 5
1563 2430 1685 2471 capp.

206 2476 305 2519 5et
335 2476 376 2523 6.

319 2552 428 2592 Ibid.
449 2550 489 2592 9.
551 2550 733 2603 Ναρσῆς
776 2545 800 2590 ὅ
842 2547 1210 2605 κουβικουλὰριος]
1243 2548 1616 2598 cubiculariorum,
1649 2552 1692 2586 et

209 2608 517 2658 eunuchorum,
546 2609 698 2663 quibus
728 2621 798 2648 seu
831 2606 1109 2661 praepositu5‚
1143 2607 1292 2647 Narses
1314 2604 1592 2660 praesidebat,
1622 2618 1688 2644 se-

209 2663 315 2705 riem
346 2671 388 2705 et
414 2665 646 2705 ministeria
676 2663 866 2719 depingit
895 2663 1107 2718 Corippus
1139 2663 1211 2707 lib.
1243 2662 1270 2704 3
1298 2662 1350 2703 ad
1378 2661 1575 2702 medinm.

320 2739 430 2780 Ibid.
499 2734 906 2793 πρωτοσπαθάριος]
940 2747 1211 2793 protectorum
1252 2751 1393 2786 come-5,
1424 2749 1518 2776 ense
1549 2748 1690 2774 arma-

208 2799 289 2846 tus,
317 2800 568 2853 turmaeque
592 2796 672 2839 sihi
701 2794 891 2837 subditae
918 2796 1082 2854 signum
1105 2809 1266 2849 gerens.
1309 2792 1519 2848 Corippus
1549 2791 1620 2833 lib.
1646 2789 1687 2831 4.
