1768 3268
217 202 283 250 22
656 195 942 242 ANASTAsn

273 319 445 361 magnae
455 303 651 346 ecclesiae
661 300 923 353 Antiochiae,

273 363 388 404 annis
423 362 488 402 12.

217 421 450 474 Stephanus
481 416 596 458 annis
624 414 664 458 3.

215 476 413 517 Leontius
444 474 560 515 annis
585 473 626 516 8.

214 534 426 575 Eudoxias
455 531 572 571 annis
604 530 644 570 2.

215 591 405 631 Meletius
447 588 660 629 confessor
692 599 717 626 a
745 585 922 627 Valente

270 648 412 702 pulsus
441 645 557 686 annis
589 643 655 684 25.
772 699 782 706 ·

214 703 426 747 Euzobius
455 702 656 742 Arrianus
686 713 802 740 annis
819 728 854 738 ..
874 727 885 738 .
907 725 919 738 .

214 761 404 807 Meletius
421 761 590 809 iterum,
614 757 787 813 quando
814 769 921 796 con-

273 818 386 859 venit
425 818 466 859 in
519 815 699 857 secunda
744 812 920 872 synodo,

275 875 390 915 annis
424 905 434 914 .
466 904 476 915 .
507 904 517 914 .
546 902 559 915 .

213 933 433 974 Flavianus
461 931 578 971 annis
608 929 674 971 22.

213 989 477 1044 Porphyrius
505 987 620 1028 annis
657 1015 669 1027 .
701 1015 713 1027 .

213 1045 445 1087 Alexander
476 1044 591 1085 annis
625 1072 636 1085 .

215 1106 400 1154 IoanneS‚
432 1102 505 1157 qui
534 1101 576 1141 in
602 1099 728 1140 tertia
758 1097 920 1154 synodo

269 1159 421 1213 Ephesi
448 1160 564 1213 prius
595 1156 818 1207 celebrata,
849 1170 922 1194 an-

273 1217 332 1255 nis
366 1215 428 1256 18.

214 1273 457 1313 Theodotus
490 1271 605 1312 annis
636 1266 676 1310 4.

216 1326 434 1379 Domnus,
475 1328 547 1384 qui
588 1327 630 1367 in
683 1325 920 1366 latrocinali

268 1385 446 1427 secunda
497 1383 705 1440 EpheSIna
741 1383 920 1440 synod0‚

269 1442 383 1483 annis
414 1442 454 1482 8.

214 1500 473 1550 Maximinus,
508 1497 581 1553 qui
614 1497 655 1536 in
687 1496 920 1537 Chalcedo-

272 1557 386 1596 nensi
405 1562 555 1611 quarta
568 1553 744 1610 synodo,
761 1555 920 1609 quique

270 1613 422 1653 eiectus
455 1617 516 1653 est
545 1611 599 1652 ol)
629 1610 809 1666 culpam,
841 1626 920 1651 an-

271 1670 331 1712 nis
360 1669 399 1710 4.

216 1726 383 1768 Basilius
406 1725 521 1766 annis
549 1724 587 1765 3.

84 1783 418 1836 p-784Acacius,
448 1783 523 1823 sub
561 1797 645 1838 quo
677 1781 820 1824 civitas
849 1797 920 1824 ee-

274 1840 391 1892 cidit,
422 1854 529 1880 auno
548 1839 583 1880 1.

218 1895 445 1950 Martyrius
475 1896 591 1935 annis
618 1895 656 1936 3.

217 1953 395 1994 Iulianus
426 1953 539 1992 annis
563 1953 601 1994 5.

217 2021 365 2061 Petrus
380 2020 516 2073 Fullo,
547 2021 619 2076 qui
644 2021 720 2060 sub
750 2022 920 2064 Zenone

276 2077 428 2117 eiectus
460 2084 537 2129 est,
570 2079 684 2118 annis
713 2076 753 2119 3.

220 2146 406 2198 Ioannes,
419 2145 490 2199 qui
502 2151 596 2199 post
607 2147 778 2188 tertium
800 2164 919 2190 men-

275 2216 360 2241 sem
391 2202 545 2242 eiectus
576 2209 649 2252 est,
681 2233 917 2250 ......

220 2257 453 2311 Stephanus
485 2259 603 2299 annis
635 2259 673 2299 3.

221 2314 452 2367 Stephanus
483 2315 583 2355 alius
616 2332 725 2357 anno
760 2317 796 2359 1.

221 2370 419 2412 Calandio
451 2372 566 2412 annis
597 2367 636 2411 4.

219 2429 367 2467 Petrus
384 2428 503 2468 Fullo
534 2430 717 2469 secundo
749 2431 863 2471 annis
876 2430 919 2471 3.

218 2484 427 2525 Palladius
460 2485 576 2524 annis
613 2485 677 2529 10.

219 2540 463 2594 Flavianus,
494 2542 566 2597 qui
596 2542 749 2583 eiectus
780 2549 840 2584 est
869 2545 920 2585 ab

276 2599 490 2692 Alxrnastasio
522 2599 791 2654 imperatore,
809 2602 923 2641 annis

221 2710 421 2758 Severus,
457 2711 529 2765 qui
568 2712 721 2753 eiectus
754 2719 815 2754 est
845 2714 922 2754 sub

277 2765 504 2808 iustiniani)
542 2767 823 2824 imperatore,
851 2785 924 2810 an·

370 2822 394 2833 Η

278 2821 342 2863 nis
376 2834 408 2863 ι.

984 196 1247 239 HISTORIA

986 303 1140 346 Paulus
1170 303 1247 343 sub
1276 301 1425 343 eodem
1455 303 1572 342 annis
1607 302 1669 343 17.

985 361 1255 414 Euphrasius,
1287 360 1359 415 qui
1389 359 1431 399 in
1462 374 1558 401 casu
1589 359 1697 403 civi.

1042 419 1136 457 tatis
1169 418 1348 457 obrutus
1393 422 1480 468 est,
1509 417 1626 456 annis
1656 416 1694 456 5.

986 474 1254 528 EuphemiuS,
1271 475 1342 530 qui
1362 474 1437 514 sub
1453 474 1695 525 1ustiniano,

1042 531 1159 572 annis
1193 530 1256 572 18.

985 590 1175 629 Domnus
1206 588 1321 629 annis
1353 583 1418 631 14.

985 645 1219 686 Anastasius
1251 646 1366 686 annis
1401 645 1466 685 11.

987 703 1217 756 Gregorius
1247 703 1364 744 annis
1390 698 1457 743 24.

985 760 1218 800 Anastasius
1261 759 1446 802 secundo
1477 759 1595 801 annis
1626 760 1667 802 ὃ.

987 817 1219 858 Anastasius
1249 817 1351 859 alius
1381 818 1499 858 annis
1533 816 1572 858 9.

988 918 1082 959 Hae
1125 930 1216 960 sune
1251 920 1418 962 divinae
1448 923 1692 977 scripturae,
1710 930 1768 977 pst

984 992 1086 1031 quae
1115 978 1360 1033 reczpiuntur
1386 977 1438 1018 ab
1471 980 1634 1020 ecclesia
1661 988 1700 1020 et

985 1036 1276 1078 canonizatum·
1291 1065 1302 1087 ,
1344 1037 1563 1092 leat-umque
1600 1052 1697 1078 ver-

1012 1106 1124 1131 suum
1154 1107 1351 1144 ηιιιηοηις,
1378 1103 1421 1134 ut
1445 1094 1663 1134 subiicitur.

987 1194 1168 1248 Genesis,
1198 1209 1338 1236 versus
1360 1193 1488 1239 4300.

986 1250 1169 1301 Exodus,
1205 1267 1349 1292 versus
1383 1253 1509 1297 2700.

985 1307 1209 1360 Leviticus,
1240 1324 1380 1350 versus
1398 1310 1523 1355 2700.

986 1365 1172 1419 Numeri,
1201 1381 1341 1408 versus
1373 1366 1499 1409 3502.

987 1424 1385 1476 Deuteronomium,
1417 1440 1558 1466 versus
1572 1427 1699 1472 3100.

989 1479 1107 1529 Iesus,
1141 1495 1280 1521 versus
1310 1480 1434 1522 2100.

987 1536 1147 1577 Iudices
1179 1543 1220 1578 et
1254 1539 1382 1591 Ruth,
1415 1555 1555 1581 versus
1578 1540 1699 1582 2450.

986 1595 1230 1648 Regnorum
1273 1596 1434 1650 primus
1476 1604 1518 1639 et
1546 1615 1700 1641 secun..

1044 1652 1134 1703 dus,
1168 1667 1310 1694 versus
1341 1650 1467 1695 2240.

986 1710 1231 1762 Regnorum
1257 1711 1408 1752 tertius
1438 1719 1482 1754 et
1511 1719 1700 1768 quartus,

1044 1780 1187 1806 versus
1218 1767 1343 1811 2330.

983 1823 1383 1867 Praetermissorum
1401 1826 1563 1880 primus
1578 1832 1620 1868 et
1633 1843 1699 1868 sc-

1042 1881 1226 1934 cundus,
1244 1897 1384 1925 versus
1403 1883 1530 1929 5500.

986 1947 1164 1991 Hesdras
1243 1950 1371 1992 rimus
1408 1957 1451 1994 et
1479 1953 1698 2007 secundus,

1043 2021 1185 2048 versus
1244 2008 1341 2054 500.

986 2075 1096 2116 liber
1109 2076 1388 2132 Psalmorum,
1413 2094 1555 2120 versus
1569 2078 1696 2120 5500.

985 2133 1221 2174 Proverbia
1265 2135 1500 2178 Salomonis
1513 2170 1524 2190 ,
1557 2151 1701 2178 versus

1047 2189 1169 2232 1708.

987 2247 1267 2301 Ecclesiastes,
1300 2265 1441 2292 versus
1473 2249 1570 2294 750.

989 2317 1160 2357 Cantica
1214 2319 1508 2373 canticorum,
1556 2333 1699 2360 versus

1045 2373 1139 2414 280.

990 2430 1078 2486 Iob,
1112 2446 1253 2473 versus
1289 2431 1411 2474 1800.

987 2486 1139 2543 Esaias,
1165 2504 1307 2530 versus
1337 2489 1461 2532 3800.

988 2544 1231 2599 Hieremias,
1251 2562 1390 2589 versus
1420 2544 1547 2588 4000.

989 2601 1169 2653 Baruch‚
1200 2617 1342 2645 versus
1372 2603 1468 2646 700.

988 2656 1192 2712 Ezechiel,
1224 2675 1364 2703 versus
1392 2657 1518 2704 4000.

988 2715 1155 2768 Daniel,
1188 2732 1326 2760 versus
1359 2717 1483 2761 2000.

991 2770 1214 2813 duodecim
1245 2775 1481 2831 prophetae
1500 2806 1514 2826 ,
1556 2788 1697 2816 versus

1045 2827 1167 2871 3800.
