1768 3268
269 225 332 271 30
469 231 750 274 ANASTASH
794 228 1053 274 HISTORIA
1093 224 1507 271 ECCLESIASTlCA

267 346 562 387 desideraverit
600 348 885 403 episcopatum
912 343 1108 388 mirabilis
1138 345 1213 385 iste
1231 373 1244 395 ,
1275 342 1487 382 occultans
1514 352 1732 394 praesum-

265 409 460 457 ptnosum
503 404 544 443 in
576 419 617 444 sc
651 404 921 458 desiderium,
965 410 1004 443 ct
1036 401 1199 442 latentis
1243 398 1464 452 superbiae
1497 397 1731 438 velamento

265 455 528 513 cooperiens,
587 460 638 501 ad
666 477 788 517 quam
821 463 860 501 in
891 458 1130 515 primordiis
1169 456 1326 497 idcireo
1358 456 1488 495 elatus
1519 453 1733 508 apparuit,

265 516 464 571 quoniam
493 517 625 557 socios
660 533 706 559 ex
737 517 1037 558 consessoribus
1063 513 1286 554 nonnullos
1316 512 1473 552 habere
1503 517 1731 551 meruerat.

265 572 445 627 denique
477 574 700 626 Maximus,
742 590 845 614 unus
877 589 922 614 ex
953 570 1207 627 presbyteris
1237 569 1415 619 nostris,
1446 573 1489 608 et
1518 567 1732 616 Urbanus,

263 629 334 683 qui
364 629 544 669 secundo
576 645 622 670 ex
655 632 908 671 consessione
939 630 1115 683 gloriam
1156 626 1366 667 consecuti
1394 632 1504 676 suni,
1534 622 1732 666 vSidonius

294 699 433 740 noque
451 692 492 726 et
509 687 729 739 Celerinus,
751 689 815 727 vir
832 687 902 742 qui
919 685 1058 726 omnia
1083 684 1285 739 supplicia
1301 697 1381 737 per
1397 680 1733 722 misericordiam

262 700 328 780 ilci
343 744 745 795 perseverantissime
761 743 995 799 pertulerit,
1015 750 1055 783 et
1072 742 1269 782 firmitate
1285 739 1380 780 fidei
1396 753 1494 779 suae
1511 738 1733 778 infirmita·

261 802 344 836 tem
362 798 493 838 carnis
512 801 794 841 corroborans
810 807 1008 855 potenter
1023 798 1306 840 adversarium
1324 796 1438 848 vicit,
1460 794 1731 835 consideran..

262 859 320 893 tes
342 869 448 906 eum,
466 861 507 895 et
527 857 822 911 perspicientes
853 856 1120 898 calliditatem
1142 862 1184 896 et
1205 854 1416 895 levitatem
1437 867 1546 908 quae
1566 851 1732 892 inerant

260 910 310 959 el,
332 912 518 964 Periuria
539 928 709 969 quoquc
728 921 852 969 atque
871 912 1082 954 mendacia
1098 944 1109 964 ,
1145 926 1308 952 necnon
1333 915 1375 950 et
1393 908 1730 950 excommunica.-

259 967 414 1007 tionem
437 969 539 1021 eim,
570 973 722 1011 reversi
739 976 835 1010 sunt
850 971 900 1011 ad
917 970 1142 1020 ecclesiam,
1160 975 1200 1009 et
1215 968 1353 1009 omnia
1376 967 1460 1007 eius
1488 965 1667 1006 artificia
1686 969 1731 1005 et

257 1024 492 1076 molimina,
524 1040 629 1080 quae
662 1042 709 1068 ex
729 1028 861 1068 multo
894 1028 974 1068 iam
993 1033 1186 1081 tempore
1214 1025 1369 1065 habens
1396 1021 1730 1077 subterfugiebat

254 1084 297 1119 et
327 1080 564 1123 occultabat
593 1097 646 1134 se,
672 1099 814 1124 coram
833 1083 970 1125 multis
992 1083 1163 1124 confessi
1192 1087 1299 1129 sunt,
1333 1080 1415 1121 hoc
1435 1079 1606 1135 quidem
1638 1079 1729 1132 epi-

252 1137 407 1190 scopis,
437 1137 538 1178 illud
576 1153 678 1180 vero
720 1141 975 1196 presbyteris
1023 1147 1065 1181 et
1095 1139 1205 1180 laicis
1248 1154 1374 1195 quam
1405 1136 1597 1193 plurimis
1629 1150 1727 1175 cum

251 1191 365 1233 luctu
387 1208 468 1233 non
492 1195 657 1237 modico
677 1192 991 1247 manifestantes,
1022 1203 1065 1237 et
1097 1196 1391 1250 resipiscentes,
1419 1208 1548 1249 super
1576 1193 1726 1249 quibus

250 1248 417 1290 dolosae
443 1252 729 1308 malignaeque
759 1253 914 1295 bestiae
935 1259 1127 1308 parentes
1160 1253 1210 1293 ad
1232 1251 1445 1293 modicum
1477 1257 1641 1305 tempus
1673 1250 1726 1291 ab

248 1306 414 1345 ecclesia
449 1313 748 1350 recesserimt.''
818 1316 860 1351 et
900 1306 995 1365 post
1047 1325 1180 1364 pauca
1219 1308 1562 1363 “impossibilem,
1590 1308 1727 1348 frater

247 1362 474 1412 carissime,
514 1367 830 1407 conversionem
872 1373 914 1408 et
952 1367 1347 1408 transmutationem
1389 1366 1430 1406 in
1460 1364 1579 1406 brevi
1613 1369 1723 1405 tem..

112 1439 146 1473 p³
165 1429 232 1464 698
246 1432 351 1470 pore
382 1420 554 1460 vidimus
600 1436 726 1476 super
764 1438 833 1464 eos
862 1425 1063 1465 effectam.
1143 1423 1389 1464 clarissimus
1423 1422 1535 1463 enim
1564 1420 1653 1473 hic,
1682 1426 1725 1461 et

245 1475 316 1529 qui
347 1475 586 1517 iuramentis
635 1480 894 1521 terribilibus
925 1488 1016 1521 erat
1058 1480 1203 1522 solitus
1234 1479 1444 1520 affirmare
1473 1493 1515 1519 se
1543 1477 1724 1519 nullate-

243 1546 316 1570 nus
343 1532 629 1587 episcopatum
660 1535 911 1588 desiderare,
943 1537 1082 1578 subito
1115 1539 1333 1592 episcopus
1366 1535 1724 1591 quemadmodum

242 1601 288 1626 ex
318 1588 456 1641 stipite
490 1591 671 1645 quodam
714 1593 754 1633 in
790 1594 973 1635 medium
1017 1594 1193 1634 iactatus
1234 1598 1423 1648 apparet.
1483 1593 1559 1633 iste
1591 1592 1722 1646 igitur

241 1642 486 1697 dogmatista
531 1655 572 1687 et
615 1650 910 1692 ecclesiasticae
953 1651 1194 1707 disciplinae
1221 1657 1427 1706 patronus
1459 1663 1554 1690 cum
1585 1655 1720 1689 attra-

241 1700 342 1740 here
379 1716 426 1741 ac
464 1717 666 1758 usurpare
706 1708 1016 1763 episcopatum,
1059 1704 1133 1764 qui
1166 1709 1242 1749 sibi
1274 1706 1453 1762 desuper
1483 1706 1601 1746 datus
1633 1720 1718 1746 non

240 1757 389 1822 fuerat,
424 1759 658 1810 niteretur,
708 1764 810 1804 duos
855 1760 932 1806 sibi
962 1765 1096 1806 socios
1141 1765 1346 1820 propriae
1377 1764 1518 1804 salutis
1550 1765 1718 1818 ignaros

240 1814 388 1867 θιθὶζῑῑ,
422 1818 613 1870 quatinus
646 1818 707 1859 bis
751 1821 876 1862 missis
918 1822 959 1862 in
1000 1827 1207 1863 remotam
1251 1821 1391 1862 ltaliae
1421 1827 1590 1875 partem
1619 1819 1718 1860 inde

239 1874 322 1909 tres
344 1871 566 1934 ‘episcopos
597 1883 771 1930 agrestes
794 1884 835 1919 ct
864 1878 1183 1934 simplicissimos
1205 1880 1300 1919 ficta
1322 1877 1503 1934 quadam
1535 1878 1722 1918 circum-

241 1933 436 1968 ventione
466 1930 663 1973 seducere
693 1943 945 1988 conaretur,
973 1935 1177 1991 siquidem
1209 1936 1297 1991 ipse
1329 1949 1565 1976 asseverans
1599 1933 1716 1974 affir-

240 1983 382 2046 mabat
414 1993 613 2039 oportere
644 1989 731 2029 illos
763 1992 938 2032 Romam
968 2008 1226 2045 occurrere,
1261 2007 1347 2048 quo
1377 1999 1529 2032 cuneta
1562 1990 1719 2031 dissen-

240 2052 314 2102 sio,
347 2054 453 2094 quae
482 2043 589 2084 facta
618 2046 766 2098 fuerat,
800 2064 879 2088 una
902 2064 997 2090 cnm
1027 2050 1114 2090 aliis
1145 2049 1521 2090 intervenientibus
1552 2048 1720 2104 episco-

240 2109 302 2147 ΡΙ5
328 2096 578 2160 ,δθὶνονθωικ
637 2117 739 2157 quos
769 2107 1097 2159 praevenienteS,
1127 2107 1250 2147 sicuti
1280 2105 1574 2160 p1·aediximu5‚
1602 2105 1716 2145 circa

240 2151 520 2216 malignorum
547 2158 759 2199 molimina
802 2169 842 2202 et
872 2164 1065 2218 figmenta
1097 2163 1395 2218 simpliciores,
1427 2169 1471 2204 et
1502 2162 1720 2203 inclinatos

240 2222 263 2250 a
297 2210 542 2274 quibusdam
572 2214 648 2254 sibi
676 2217 874 2259 similibus
908 2227 947 2260 et
975 2221 1153 2261 turbatis
1182 2221 1436 2271 hominibus,
1468 2219 1575 2260 bora
1606 2217 1722 2259 deci-

241 2265 475 2332 mauebrios
505 2275 547 2309 et
574 2274 770 2325 crapulae
802 2275 977 2327 deditos,
1011 2278 1052 2317 vi
1085 2278 1223 2332 co‘e’git
1256 2276 1502 2332 imaginaria
1533 2275 1715 2332 quadam

242 2326 284 2359 et
306 2335 423 2385 ‘mani
470 2339 611 2366 manus
657 2330 921 2383 impositione
966 2335 1254 2388 episcopatum
1286 2335 1363 2375 sibi
1393 2333 1596 2374 tribuere.
1672 2345 1721 2372 ex

243 2378 392 2431 quibus
423 2385 560 2421 tamen
601 2398 705 2425 unus
736 2401 818 2428 non
852 2396 947 2442 post
981 2391 1158 2431 multum
1189 2392 1392 2432 remeavit
1422 2390 1473 2431 ad
1504 2389 1721 2430 ecclesiam

245 2432 384 2496 lugens
415 2442 456 2476 et
484 2439 684 2481 confitens
714 2452 932 2497 peccatum
963 2461 1102 2496 suum;
1147 2448 1214 2488 cui
1245 2455 1288 2488 et
1318 2447 1720 2489 communicavimus

113 2501 137 2537 P
163 2489 378 2541 099l²¹¹002
411 2507 492 2546 P1'0
524 2510 574 2560 ef)
608 2496 860 2551 deprecante
887 2503 1094 2555 universo,
1125 2505 1198 2560 qui
1224 2505 1392 2556 aderat,
1427 2505 1604 2558 populo.
1667 2502 1721 2542 ad

250 2545 339 2585 loca
373 2555 509 2589 autem
542 2568 583 2592 m
617 2554 765 2608 quibus
804 2557 951 2612 reliqui
985 2561 1169 2615 episcopi
1210 2562 1378 2602 fuerant
1406 2556 1593 2601 ordinati
1623 2574 1720 2599 suc-

249 2616 424 2667 cessores
453 2610 760 2651 transmisimus.
790 2613 981 2656 defensor
1011 2632 1112 2672 ergo
1141 2618 1341 2673 evangelii
1363 2618 1569 2659 nesciebat
1589 2632 1720 2656 unum

249 2673 490 2714 episcopum
510 2679 591 2706 esse
608 2674 810 2720 oportere
829 2671 867 2710 in
887 2673 1090 2714 catholica
1109 2675 1292 2726 ecclesia,
1322 2675 1364 2715 in
1387 2690 1468 2730 qua
1490 2688 1576 2714 non
1596 2674 1720 2729 igno-

252 2715 373 2778 ¹'³}l)³¹t
400 2721 666 2775 presbyteros
688 2739 770 2764 esse
789 2727 1063 2783 quadraginta
1092 2745 1171 2784 sex,
1201 2732 1399 2773 diaconos
1427 2736 1603 2785 septem,
1623 2729 1722 2770 sub-

252 2771 630 2830 ‹liaconosseptem7
643 2781 826 2836 acolytos
845 2783 948 2826 duos
961 2792 1001 2825 et
1014 2788 1300 2844 quadraginta,
1330 2783 1557 2830 exorcistas
1578 2794 1719 2826 autem

252 2833 293 2867 et
323 2828 497 2871 lectores
528 2848 619 2875 cum
652 2837 828 2878 ostiariis
859 2840 927 2893 52,
959 2843 1099 2884 viduas
1129 2861 1223 2887 cum
1254 2846 1413 2888 afflictis
1440 2859 1565 2899 supra
1599 2842 1719 2885 1050.
