1768 3268
244 205 339 266 148
451 213 735 260 ANASTAsu
761 210 1044 263 ‘ms'roms
1075 204 1488 253 EcasssnxsricA

240 330 559 382 vinculatorum,
588 329 861 383 compatienti
892 327 1023 369 corde
1052 340 1126 366 suo
1155 325 1347 365 misertus
1367 320 1532 362 vincula
1561 318 1709 360 dissol-

238 389 326 438 vit,
354 387 607 441 diligentiam
645 386 795 426 tribuit
832 389 874 425 et
914 383 1101 439 requiem
1146 379 1382 434 impertitus
1424 384 1511 426 est,
1555 376 1611 417 ita
1659 381 1706 415 ut

237 458 377 484 omues
405 458 500 483 cum
530 443 709 483 lacrimis
728 446 950 482 exorarent
982 440 1105 480 etiam
1133 435 1311 479 Persidis
1345 449 1439 474 eum
1471 433 1564 473 fieri
1599 431 1706 473 lihe—

235 507 434 550 ratorem,
466 498 611 539 mundi
643 498 1011 539 exterminatorem
1043 493 1326 534 trucidantem
1356 490 1589 531 chosroen.

349 574 468 613 Anno
510 571 672 625 imperii
712 569 893 610 Heraclii
943 573 1100 624 quarto
1145 564 1307 605 decimo
1340 562 1544 603 Chosroes
1578 563 1710 602 Sara-

234 628 409 682 blaggan
438 633 680 682 praetorem
714 625 959 675 constituit,
1002 622 1138 662 virum
1179 621 1462 660 facinorosum
1505 623 1547 660 et
1573 619 1708 675 typho

234 685 412 723 multum
442 684 616 734 elatum,
649 681 899 736 tradensque
940 679 975 720 ei
1015 676 1264 730 exercitum,
1309 689 1379 716 cos
1410 673 1603 716 videlicet
1635 676 1709 730 qui

238 740 438 780 dicuntur
475 738 811 794 Chosrohcgetae
855 750 901 776 ac
939 734 1181 783 Perozitae,
1220 733 1262 772 in
1294 731 1512 772 Albaniam
1559 731 1711 772 direxit

236 796 431 836 adversus
463 795 711 837 Heraclium.
785 806 964 847 cumque
1014 789 1184 845 ingressi
1216 795 1348 830 essent
1380 788 1420 828 in
1449 788 1549 829 fines
1578 788 1708 828 Alba..

236 852 341 903 niae,
374 866 456 892 non
484 857 580 892 sunt
624 850 710 890 ausi
754 848 806 890 ad
838 846 1073 888 bellandum
1121 851 1218 886 ante
1247 845 1394 886 faciem
1436 844 1703 899 imperatoris

235 914 360 955 stare,
393 906 462 949 sed
490 908 696 948 clausuras
728 909 956 946 tenuerunt
988 918 1094 958 quae
1125 903 1287 943 ducunt
1314 901 1353 941 in
1372 901 1602 954 Persidem,
1633 916 1706 942 ex-

234 965 423 1005 timantes
445 963 481 1004 ei
513 961 740 1004 obsidendo
770 960 966 1003 insidiari.
1025 965 1067 999 at
1093 973 1195 1000 vero
1226 957 1457 1009 Heraclius,
1485 972 1581 999 cum
1608 972 1705 998 mox

233 1035 308 1061 ver
336 1019 590 1070 accessisset,
620 1020 832 1072 profectus
874 1016 924 1057 de
956 1015 1126 1056 Albania
1169 1029 1248 1069 per
1276 1014 1429 1069 thios
1461 1028 1630 1070 campos
1662 1020 1705 1055 et

235 1076 332 1118 escis
364 1075 533 1130 largiter
561 1078 769 1116 affluentes
799 1073 1018 1115 transitum
1058 1072 1098 1111 in
1138 1070 1353 1113 Persidem
1380 1069 1574 1121 faciebat,
1604 1070 1705 1112 licet

236 1132 509 1188 longinquitas
549 1131 705 1172 multae
748 1129 928 1185 spatium
968 1129 1059 1169 viae
1105 1128 1372 1183 transegerit.
1432 1128 1704 1183 Sarablaggas

106 1197 334 1247 p.476vero
362 1202 440 1242 per
467 1191 642 1228 Arotum
685 1187 767 1227 iter
802 1192 849 1226 ut
879 1190 980 1240 pote
1024 1183 1372 1239 compendiosum
1400 1185 1626 1240 satagebat,
1657 1190 1705 1224 ut

235 1251 562 1300 praeoccuparet
605 1258 699 1284 eum
741 1243 782 1284 in
820 1241 997 1283 Persidis
1037 1242 1222 1296 regione.
1297 1240 1514 1282 Heraclius
1562 1246 1702 1282 autem

232 1301 426 1341 monebat
450 1299 655 1356 populum
673 1298 812 1340 dicens
840 1297 1070 1349 “novimus,
1101 1299 1268 1349 fratres,
1294 1298 1409 1353 quod
1431 1297 1578 1339 militia
1597 1298 1704 1338 Per-

231 1372 366 1397 sarum
397 1357 438 1395 in
466 1355 591 1397 deviis
622 1356 720 1396 locis
764 1368 988 1410 pererrans
1019 1359 1104 1394 tam
1134 1369 1292 1410 equum
1322 1368 1469 1395 eorum
1505 1354 1702 1395 dissolvat

231 1428 354 1470 quam
384 1412 491 1467 ipsos
519 1417 697 1453 enervet.
757 1425 831 1451 nos
857 1417 996 1452 autem
1025 1411 1264 1451 festinemus
1297 1417 1448 1451 contra
1478 1411 1696 1451 Chosroen

229 1483 461 1524 properare
486 1467 606 1509 valde
635 1467 842 1519 celeriter,
874 1472 922 1507 ut
949 1482 996 1509 ex
1026 1467 1256 1522 improviso
1290 1467 1496 1509 irruentes
1531 1468 1572 1507 in
1605 1482 1701 1507 eum

229 1526 441 1566 turbemus
461 1523 612 1568 illum.’'
668 1530 712 1565 at
739 1538 840 1565 vero
867 1525 1048 1579 populus
1067 1523 1304 1564 huiusmodi
1336 1524 1563 1578 spernebat
1593 1538 1699 1564 con-

228 1582 377 1631 silium,
405 1586 447 1621 et
478 1581 650 1622 maxime
664 1582 871 1621 Lazorum
898 1586 940 1621 et
969 1581 1259 1635 Habasgorum
1285 1585 1412 1636 atque
1438 1580 1702 1621 Hiberorum

230 1642 551 1679 concertatores.
609 1637 705 1677 hinc
745 1637 787 1678 in
835 1650 1053 1678 aerumnas
1100 1636 1321 1677 incidunt:
1362 1638 1556 1690 pervenit
1590 1637 1699 1677 enim

230 1699 272 1734 et
298 1693 542 1735 Sarbarazas
583 1708 677 1733 cum
704 1694 864 1748 populo
908 1707 982 1734 suo
1001 1723 1013 1742 ‚
1045 1708 1150 1749 quos
1190 1692 1304 1735 omni
1335 1694 1513 1734 armavit
1540 1693 1702 1734 virtute

231 1749 433 1790 Chosroes
478 1755 519 1790 et
562 1748 781 1790 destinavit
806 1764 886 1805 per
929 1750 1167 1791 Armeniam
1213 1751 1408 1791 adversus
1440 1750 1696 1791 Heraclium.

230 1805 494 1861 Sarablaggas
535 1820 636 1847 vero
677 1807 929 1862 sequebatur
972 1813 1070 1862 post
1106 1812 1272 1862 tergum
1309 1806 1507 1858 Heraclii,
1541 1812 1583 1847 et
1617 1821 1700 1846 non

230 1867 292 1903 est
321 1876 415 1902 cum
443 1877 494 1903 eo
525 1861 565 1902 in
597 1863 837 1903 conflictum
868 1877 1070 1918 egressus,
1105 1869 1324 1918 expectans
1353 1864 1465 1904 uniri
1492 1863 1700 1904 Sarbara..

232 1932 302 1958 zac
330 1923 373 1958 et
402 1917 459 1959 ita
491 1919 745 1960 constituere
770 1919 989 1975 praelium.
1020 1920 1192 1975 cognito
1226 1926 1364 1961 autem
1396 1920 1577 1960 Romani
1596 1921 1701 1960 Sar-

230 1974 407 2015 barazae
439 1974 594 2029 impetu
626 1976 677 2015 ad
706 1982 859 2016 metum
896 1977 1088 2018 conversi
1118 1982 1226 2028 sunt,
1257 1982 1300 2018 et
1329 1977 1381 2018 ad
1411 1975 1535 2032 pedes
1564 1976 1702 2031 impe—

233 2031 386 2069 ratoris
415 2045 509 2070 cum
548 2032 724 2072 lacrimis
767 2032 1062 2086 prociderunt,
1107 2033 1280 2075 scientes
1312 2033 1436 2089 quale
1466 2033 1619 2073 malum
1648 2033 1702 2073 sit

233 2100 317 2125 non
357 2087 503 2127 cedere
549 2101 714 2127 servum
763 2088 922 2129 domini
959 2090 1268 2142 voluntatibus,
1314 2095 1356 2129 et
1395 2089 1700 2145 poenitentiam

233 2148 398 2197 agentes
428 2158 553 2197 super
597 2144 876 2186 inobedientia
907 2161 1002 2198 sua,
1042 2161 1166 2202 quam
1196 2146 1394 2202 nequiter
1423 2153 1701 2201 perpetrave-

234 2205 343 2242 rant.
385 2205 426 2239 et
456 2199 645 2239 dicebant
674 2205 868 2241 “manum
890 2209 1001 2243 tuam
1022 2203 1087 2253 (la,
1119 2202 1300 2254 domine,
1327 2203 1575 2259 priusquam
1604 2217 1705 2258 per-

234 2268 369 2293 eamus
409 2255 573 2297 miseri:
613 2256 792 2298 cedimus
836 2259 946 2300 enim
988 2259 1067 2301 tibi
1110 2259 1150 2300 in
1182 2260 1501 2316 quibuscunque
1527 2274 1704 2314 praece-

102 2319 219 2368 P,477
234 2310 380 2374 periS.'’
436 2317 537 2351 tunc
562 2312 791 2367 imperator
810 2316 1057 2356 acceleravit
1087 2316 1289 2371 congredi
1316 2331 1413 2356 cum
1435 2311 1703 2371 sarablagga,

191 2395 200 2406 .
233 2380 474 2422 priusquam
505 2369 699 2409 uniretur
725 2372 885 2426 populo
916 2372 1115 2421 Sarbari3
1153 2380 1194 2413 et
1223 2372 1362 2413 multis
1392 2372 1702 2413 incursionibus

234 2421 424 2485 adversus
452 2439 544 2463 eum
576 2425 690 2466 factis
722 2434 845 2468 nocte
870 2442 919 2468 ac
951 2428 1017 2469 die
1048 2429 1159 2469 bunc
1190 2429 1230 2469 in
1261 2429 1532 2470 formidinem
1562 2443 1702 2484 pepu-

235 2478 294 2527 ht,
323 2485 364 2518 et
388 2487 502 2520 retro
534 2482 722 2537 utrisque
751 2484 920 2524 dimissis
952 2491 1101 2526 contra
1115 2486 1331 2527 Chosroen
1362 2485 1567 2526 velociter
1597 2488 1704 2526 inse-

236 2540 352 2572 cutus
383 2543 457 2575 est.
517 2537 600 2576 duo
633 2553 733 2578 vero
764 2554 810 2579 ex
833 2542 1027 2580 Romanis
1049 2557 1091 2583 se
1123 2542 1175 2582 ad
1205 2543 1348 2583 Persas
1381 2544 1626 2594 conferunt,
1657 2548 1701 2583 et

234 2591 482 2651 persuadent
510 2592 564 2632 eis
599 2595 771 2635 credere
802 2597 1012 2636 Romanos
1043 2613 1088 2638 cx
1120 2598 1346 2640 formidine
1372 2599 1530 2653 fugere.
1559 2599 1702 2638 conti-

235 2649 457 2708 git-autem
486 2649 540 2688 eis
575 2656 617 2690 et
659 2650 781 2691 alium
813 2652 960 2693 audire
1000 2668 1229 2706 rumorem,
1257 2656 1355 2696 Sain
1385 2655 1544 2696 scilicet
1573 2670 1703 2710 prae-

234 2705 336 2739 toris
365 2701 584 2744 Persarum
628 2707 853 2747 adventum
895 2723 989 2748 cum
1024 2711 1103 2750 alia
1143 2712 1290 2752 militia
1322 2712 1362 2752 in
1388 2712 1600 2752 auxilium.
1662 2717 1704 2752 et

233 2754 315 2819 boe
345 2766 560 2823 comperto
605 2762 872 2818 Sarablaggas
919 2772 960 2805 et
1004 2767 1210 2807 Sarbarus
1243 2769 1518 2809 decertabant
1565 2769 1704 2809 Hera-

234 2813 359 2852 chum
387 2821 579 2870 instigare
607 2817 657 2859 ad
677 2819 901 2874 praelium,
931 2822 1176 2878 priusquam
1197 2825 1441 2879 perveniret
1458 2825 1557 2866 sain
1584 2831 1627 2866 ct
1660 2824 1702 2864 in
