1728 3184
683 173 884 216 NOTAE.
1419 170 1514 217 559
1535 187 1540 191 ·

46 290 119 330 δια
152 285 230 334 τὰς
263 285 488 350 εἰρημένας
528 286 688 335 αἰτίας,
708 283 884 337 ἑτέοοις
929 287 1171 351 δοκιμάζειν
1206 290 1515 341 καταλείψομεν

43 350 131 389 τοῖς
160 340 311 394 ἔχουσι
338 339 409 382 τὸν
437 339 593 394 λυχνον
623 344 695 395 τῆς
722 342 890 395 γνώμης
928 345 973 383 έν
1000 340 1165 393 ἑαυτοῖς
1191 346 1410 411 φαίνοντα,
1439 343 1514 385 καί

45 401 302 465 ἐρρωμένοις
325 394 379 438 τὰ
406 395 483 451 τῆς
498 400 643 464 ψυχῆς
672 398 933 451 αἰσθητήρια
961 397 1066 464 πρὸς
1091 399 1166 452 την
1193 400 1392 441 τοιούτων
1418 400 1512 441 διοί-

47 469 213 518 κρισιν·
270 451 364 494 ἐπεὶ
383 454 459 493 καί
486 451 559 494 τδν
586 455 707 506 ιῖγιον
731 452 977 521 Ἐπιφοὶνιον
1004 453 1078 495 τὸν
1110 455 1293 509 Κύπρου
1323 456 1513 510 εὖρίσκο·

41 527 132 566 μεν,
163 506 232 551 τὸν
258 507 391 550 αὐτὸν
422 508 632 575 Θεοδώρῳ
661 510 787 563 ζῆλοι
819 509 894 550 καί
932 507 1125 551 ἔνστασιν
1150 510 1350 579 ἀήττητον
1378 513 1514 553 ἐνδει-

42 567 222 619 ξάμενον
265 562 372 617 πρὸς
414 562 493 629 τὴν
526 567 799 631 βασίλισσαν
835 565 1066 607 Ειῖδοκίαν
1137 565 1388 633 ἀπειλούσης
1429 565 1510 621 γὰρ

41 624 201 676 ἐκείνης
228 620 331 661 ποτὲ
359 619 462 668 τοὺς
486 621 570 663 τῶν
592 620 778 662 εἰδώλων
810 621 939 670 ναούς
964 623 1158 677 α’νοίγειν,
1189 625 1229 663 εἰ
1253 639 1312 676 μη
1346 623 1368 664 6
1398 625 1513 670 θεῖος

41 677 356 747 Χρυσόστομος
398 677 626 742 ἑξορισθῇ,
658 677 711 717 ου’
739 679 1004 747 κατέπτηξει,
1038 678 1138 719 ουδὲ
1167 679 1375 733 ἐνέδωκεν,
1405 677 1512 726 ολως

40 735 63 775 6
94 730 244 787 αγιος·
316 731 407 774 αλλ’
436 729 593 784 εἰπών,
623 733 767 780 ἀθωος
795 733 885 802 ειμὶ
911 732 994 774 ἀπὸ
1013 750 1098 801 της
1127 735 1303 787 κρίσεως
1329 732 1511 801 ταύτης·

39 792 192 855 ἐξῆλθε
238 789 382 840 θυμοῦ
420 790 630 857 πνέουσαν
670 789 930 841 καταλείψας
969 786 1117 843 αὖτήν.
1184 792 1345 843 λέγεται
1373 791 1420 831 δὲ
1448 805 1511 830 οτι

39 850 96 888 δι’
115 842 269 912 ἑτέραν
300 844 445 886 αἰτίαν
474 843 556 885 ἀπὸ
588 846 672 885 τών
706 845 914 915 ἀοιδίμων
944 847 1224 916 πατριαρζῶν
1254 844 1278 885 ο’
1305 846 1351 887 ἐν
1378 843 1510 898 ἁγίοις

42 898 267 954 Θεόδωρος
292 898 530 965 ἀπερράγη
590 898 614 954 ἦ
649 902 695 942 δὲ
729 896 803 955 ην·
862 897 933 955 ὅτι,
962 902 1105 956 φησι’,ν
1134 898 1216 942 ἀπὸ
1248 903 1333 942 τῶν
1356 902 1510 942 λαἰκῶν

36 955 172 1005 εὐθὺς
198 957 261 1004 εἰς
299 954 375 998 τὸν
424 955 733 1010 πατριαρχικὸν
772 936 933 1026 θρονον
958 955 1329 1012 ἀνεβιβάσθησαν,
1356 973 1426 998 και
1457 955 1509 996 οὕ

37 1010 146 1055 κατὰ
185 1010 350 1063 θεσμὸν
390 1011 735 1068 ἐκκλησιαστικὸν
780 1014 940 1066 ἐγένετο
985 1014 1144 1054 τούτων
1184 1013 1208 1068 ἡ
1259 1015 1507 1067 χειροτονία.

36 1067 146 1124 πρὸς
176 1069 224 1110 δὲ
264 1070 390 1110 τοῦτο
438 1069 709 1120 ἀπολογεῖται
749 1067 769 1109 6
799 1067 851 1110 τοὶ
895 1073 982 1109 κατ’
1017 1067 1171 1118 αύτούς
1199 1068 1508 1137 συγγραψάμε-

36 1140 130 1174 νος·
187 1140 251 1167 otc
282 1139 322 1166 οι
350 1126 463 1166 θεῖοι
490 1123 660 1174 κανόνες
688 1125 764 1166 οὔκ
784 1125 1053 1194 ἀποκλείουσι
1082 1122 1215 1193 πάντη
1247 1125 1290 1166 τὸ
1319 1127 1508 1180 πρᾶγμα·

35 1181 130 1223 ἀλλ’
160 1179 430 1248 ὑφορώμενοι
455 1180 605 1235 μήπως
635 1178 809 1234 ἄπειρος
829 1177 887 1222 ὠν
907 1179 928 1221 6
936 1179 1322 1251 χειροτονούμενος
1349 1182 1433 1222 τῶν
1459 1181 1508 1234 τῆ

34 1235 246 1294 ιερωσὺνῃ
278 1235 576 1307 καθηκόντων,
616 1238 676 1284 εἰς
728 1239 886 1278 πτῶσιν
924 1237 1066 1306 ἐνέγκῃ
1097 1236 1146 1278 τὰ
1177 1223 1505 1306 ἐκκλησιαστικά.

35 1308 158 1335 ουτοι
176 1281 236 1360 δέ,
266 1291 290 1334 6
318 1295 466 1347 μέγας,
486 1294 620 1361 φημί,
642 1291 865 1347 Ταράσιος,
894 1292 968 1334 καί
996 1292 1017 1333 6
1049 1295 1163 1342 θεῖος
1176 1291 1419 1359 Νικηφόρος
1446 1292 1506 1341 εἰς

33 1348 81 1392 τὸ
99 1347 257 1419 πράσῳ
272 1350 435 1417 βαίνειν
452 1366 526 1403 την
543 1351 764 1404 ἐκκλησίαν
793 1348 1057 1403 πεποιήκασι,
1086 1350 1159 1390 καί
1169 1347 1325 1417 ε’πάντα
1354 1349 1505 1404 καλῶς,

34 1421 103 1448 και
131 1407 351 1460 ε’νθὲσμως
392 1403 623 1459 ἔπραττον·
690 1421 760 1446 και
791 1404 864 1446 διὰ
896 1407 1019 1447 τοῦτο
1050 1405 1131 1458 0157
1159 1401 1336 1447 ἅπτεται
1361 1405 1505 1446 αὐτων

31 1461 55 1502 6
90 1462 247 1528 κακών.
305 1462 442 1503 ιστέον
479 1464 622 1515 μέντοι
665 1458 733 1503 ὅτι
779 1460 823 1503 τό
857 1463 1145 1514 προσκροῦσαι
1176 1466 1264 1509 τοῖς
1294 1459 1503 1513 ἀοιδίμοις

30 1517 324 1584 πατριάρχαις
364 1515 439 1559 τὸν
471 1520 606 1588 μέγαν
637 1518 858 1572 Θεόδωρον
899 1518 945 1559 ἐκ
972 1502 1082 1559 θεοῦ
1105 1516 1402 1570 κεκινημένοις,
1431 1515 1507 1557 καί

28 1571 182 1627 μικρὸν
211 1575 385 1617 ἐνδοῦσι
425 1576 503 1626 τῆς
530 1572 791 1640 ἀκριβείας,
836 1571 908 1614 δια
939 1573 982 1615 τὸ
1023 1591 1082 1628 μη
1112 1574 1307 1626 γίνεσθαι
1332 1573 1506 1624 μείζονα

29 1630 207 1685 βλάβην,
237 1628 313 1671 καί
339 1627 495 1671 εαυτόν
516 1625 751 1684 ἇποσχίσαι
778 1645 850 1698 της
874 1631 1106 1685 ἐκκλησίας,
1128 1629 1178 1669 οὐ
1204 1627 1360 1680 μικρὸν
1389 1630 1506 1670 πτῶ-

28 1702 91 1738 μα
117 1690 204 1735 τοῖς
235 1684 445 1741 πατράσιν
477 1684 632 1737 ε’δοξεν.
698 1685 787 1728 ἀλλ’
821 1683 936 1736 ὅμως
975 1656 1106 1727 πάλιν
1128 1684 1422 1755 διωρθώσατο,
1449 1682 1508 1732 ὥς

29 1742 306 1798 προείρηται,
347 1759 417 1784 και
458 1743 585 1797 δηλοῖ
621 1743 699 1794 μὲν
727 1744 850 1783 τοῦτο
881 1759 903 1795 η
935 1740 1020 1783 τών
1048 1742 1138 1783 κατ’
1167 1740 1299 1782 αὐτὸν
1324 1738 1507 1806 ἱστορία,

29 1799 156 1854 δηλοῖ
181 1801 228 1842 δὲ
256 1795 332 1840 καί
357 1797 378 1839 6
408 1799 541 1852 μέγας
558 1798 781 1848 Μεθόδιος
812 1799 856 1839 ἐν
887 1800 943 1854 τῶ
973 1793 1054 1852 ἤδη
1081 1799 1411 1866 μνημονευθέντι
1438 1793 1508 1838 λό-

27 1869 87 1911 γω
118 1855 255 1896 αὐτοῦ
282 1855 342 1921 τῷ
379 1853 487 1908 πρὸς
516 1852 614 1901 τοὺς
646 1856 877 1902 στουδίτας.
937 1855 1145 1909 διηγεῖται
1172 1851 1255 1920 γὰρ
1284 1868 1352 1894 οτι
1379 1852 1507 1894 πάλιν

27 1895 237 1965 ἠσθένησε
269 1927 348 1979 την
374 1909 555 1964 γνώμην,
587 1928 638 1978 ην
663 1906 780 1963 εἶσχε
802 1927 910 1951 κατα
941 1907 1227 1963 συναρπαγήν,
1257 1926 1327 1951 και
1357 1910 1427 1979 τῇ
1435 1909 1507 1950 ε’κ-

28 1968 180 2023 κλησία
208 1966 445 2037 συνηφθη·
503 1983 572 2007 και
603 1962 667 2007 ὅτι
695 1965 801 2019 πρὸς
828 1968 885 2022 τῷ
916 1970 1024 2008 τέλει
1055 1967 1190 2008 αὐτοῦ
1222 1965 1378 2019 πολὶην
1404 1963 1507 2006 ἕνω·

27 2038 123 2076 σιν,
174 2024 249 2064 καί
283 2019 474 2077 ἀγάπην,
513 2038 583 2063 και
616 2023 864 2074 συνομιλίαν
910 2023 1085 2065 α’ένναον
1113 2020 1241 2093 μετὰ
1255 2018 1504 2076 Νικηφόρου

22 2078 103 2144 τοῦ
131 2077 334 2130 ἀοιδίμου
364 2094 631 2148 nar9toe97ov
664 2079 872 2144 ἐκέκτητο.
932 2077 1161 2133 ἐπληρώθη
1190 2072 1267 2117 ουν
1298 2079 1364 2118 ἐπ’
1392 2077 1507 2133 αιῖτῴ

29 2132 78 2176 τὸ
109 2135 155 2176 ὲν
188 2137 379 2188 ψαλμοῖς
416 2135 638 2202 ειρηιιένον
679 2133 780 2186 περὶ
819 2136 894 2177 τοῦ
924 2136 1117 2176 δικαίου
1186 2130 1254 2174 ὅτι
1282 2131 1358 2175 εἰὶν
1387 2134 1503 2202 πέσῃ,

28 2189 83 2230 ου’
111 2189 507 2258 καταρραγὴσεται·
582 2206 650 2231 οτι
693 2191 837 2243 κύριος
878 2191 1160 2257 αντιστηρίζει
1197 2195 1323 2255 χεῖρα
1357 2187 1504 2229 αὐτοῦ.

0 2260 1 2267 ’
27 2261 66 2288 ει
94 2245 177 2299 γάρ
200 2248 274 2288 καί
300 2245 345 2288 τὸ
379 2247 670 2313 προσκροῦσαι
699 2263 770 2288 και
797 2248 856 2303 τῶ
885 2246 1056 2300 τυχόντι
1083 2244 1194 2316 ἱερεῖ
1217 2260 1314 2286 ανευ
1344 2241 1501 2309 δηλαδη

30 2299 235 2354 αιρέσεως
264 2306 400 2357 μέγαν
425 2299 516 2356 ἔχει
547 2301 620 2343 τὸν
646 2304 866 2345 κίνδυνον·
925 2305 1099 2357 πηλίκον
1127 2296 1178 2354 ἧν
1206 2299 1250 2342 τὸ
1283 2298 1387 2353 πρὸς
1416 2314 1503 2340 τοι-

26 2356 176 2407 ου’τους
205 2358 422 2413 ἀρχιερεῖς
459 2359 587 2400 τοῦτο
629 2361 856 2429 γεμνέσθαι,
888 2374 957 2400 και
1000 2357 1231 2426 ἀρχιερέων
1263 2356 1500 2408 αρχιερεῖς·

24 2415 188 2467 μᾶλλον
228 2415 276 2455 δὲ
319 2413 578 2463 ἀποστόλους
623 2412 804 2466 αὐτούς,
843 2431 948 2457 κατα
990 2414 1064 2456 τὸν
1088 2415 1230 2480 μέγαν
1256 2410 1499 2454 Διονύσιον.

26 2471 152 2512 τοῦτο
178 2486 261 2524 γαρ
292 2487 362 2512 και
388 2467 415 2510 6
447 2473 564 2519 θεῖος
597 2471 819 2518 Μεθόδιος
843 2470 950 2524 πρὸς
980 2469 1077 2518 τούς
1106 2470 1180 2509 τοῦ
1207 2466 1328 2519 ἁγίου
1356 2469 1500 2535 μαθη-

25 2523 111 2575 τοὶς,
142 2525 245 2574 τούς
272 2528 511 2597 στουδίτας,
542 2527 665 2581 φημί,
694 2527 868 2575 δικαίως
899 2526 1171 2578 προτείνεται,
1200 2525 1343 2590 λέγων
1358 2520 1501 2571 οὕτως.

24 2579 80 2623 σύ
100 2581 289 2635 μοναχός
316 2578 366 2648 εἶ,
393 2585 468 2623 καί
484 2584 562 2623 ου’κ
583 2580 718 2632 ἔξεστί
737 2597 806 2624 σοι
825 2600 876 2624 τα
899 2599 982 2624 των
1011 2579 1168 2632 ἱερέων,
1196 2579 1288 2620 ἀλλ’
1316 2575 1501 2644 67:016?-

24 2639 160 2679 σεθαί
183 2653 232 2679 σε
260 2636 372 2693 χρή,
402 2655 472 2679 και
506 2638 591 2691 οὔχ
617 2636 902 2689 ὖποτιίσσειν,
938 2654 987 2678 ου
1020 2638 1066 2678 δὲ
1096 2633 1305 2686 ἐξετάζειν
1332 2630 1500 2682 αὸτους.

23 2695 78 2735 de
107 2698 261 2736 sanctis
283 2697 540 2751 patr-lambis
580 2696 760 2737 Tarasio
791 2706 829 2736 et
854 2697 1098 2761 ΝἱεερΙιονο.
1156 2693 1386 2731 necessariis
1411 2707 1501 2748 qut-

27 2751 200 2792 busdam
228 2754 562 2808 temperamentis,
594 2761 631 2792 ec
658 2754 702 2792 in
742 2754 913 2807 negotias
943 2749 1283 2791 administrandis
1305 2758 1502 2805 perpetua
