1794 3250
604 193 674 234 Ex
709 190 1061 234 mEOPnANE.
1465 188 1561 233 257

92 302 446 360 rubiana-'exulem
474 306 574 348 fecit
601 307 714 362 apud
746 307 1092 348 Armeniacorum
1124 305 1265 348 thema
1304 307 1357 347 ad
1401 308 1564 347 satisfa-

91 362 275 403 ctionem
300 366 479 412 eorum.
547 365 589 403 in
631 363 799 404 exilium
853 363 1123 406 nihilominus
1162 369 1205 403 et
1243 365 1406 404 Aetium
1437 364 1563 415 misit,

87 418 316 472 spadonem
374 419 764 474 protospatharium
811 427 855 461 et
908 420 1103 459 intimum
1160 419 1246 458 eius
1262 426 1369 469 ,Ἀρι
1420 434 1562 460 omues

89 473 336 530 domesticos
382 476 507 530 ipsius
537 476 753 531 spadones.
809 476 920 515 hane
945 481 1083 515 autem
1127 489 1222 515 cum
1253 478 1459 517 suavitate
1485 492 1559 517 sua

87 535 131 570 et
161 532 370 572 affluentia
412 533 566 573 locavit
595 533 637 572 in
666 532 823 587 palatio
856 532 1114 581 Eleutherii,
1146 531 1262 586 quod
1295 533 1382 585 ipsa
1410 533 1557 574 aedifi-

87 587 269 642 caverat,
287 588 339 628 'in
373 603 460 645 quo
491 590 617 630 etiam
646 589 846 643 pecunias
873 591 1021 629 multas
1052 587 1345 628 absconderat.
1391 634 1396 639 ,

169 655 347 696 Factum
365 670 467 697 vero
485 662 546 696 est
574 657 722 697 eodem
744 671 880 697 mense
900 654 1152 705 incendium,
1184 661 1224 695 et
1241 662 1555 697 concrematum

84 714 146 751 est·
174 711 404 752 triclinium
432 712 694 767 patriarchii,
723 713 838 768 quod
881 713 1038 753 dicitur
1069 712 1324 762 Thomaites‚
1356 717 1399 752 et
1425 727 1555 768 quae-

83 772 261 821 storum,
279 775 322 809 et
339 769 444 809 aliae
465 768 611 808 domus
631 784 763 824 usque
780 768 832 809 ad
849 769 1023 809 Milium.
1057 774 1246 809 ceterum
1262 769 1395 822 Aprili
1417 783 1557 810 mense

82 823 376 865 Constantinus
406 840 502 865 cum
535 833 669 866 castra
697 827 892 866 movisset
933 832 1082 865 contra
1118 825 1333 879 vulgares,
1361 826 1475 866 venit
1502 825 1555 865 ad

82 881 295 922 castellum
333 882 450 937 quod
488 881 645 922 dicitur
679 883 876 933 Probati,
907 882 958 922 ad
992 883 1128 922 rivum
1158 882 1315 922 scilicet
1343 882 1386 925 S.
1417 884 1556 923 Geor..

80 937 165 982 cii:
197 941 241 979 et
265 951 362 978 cum
386 939 637 979 occurrisset
665 939 872 979 Cardamo
916 938 1087 978 domino
1123 938 1370 993 Vulgariae,
1399 939 1551 993 pusillo

79 966 194 1034 iiix-ca
237 1008 454 1050 vesperam
488 996 602 1036 facto
651 995 787 1046 bello,
830 996 1103 1035 formidantes
1151 995 1193 1035 hi
1238 995 1311 1049 qui
1352 1009 1400 1035 ex
1429 1001 1553 1049 parte

77 1050 368 1091 Romanorum
407 1057 557 1102 erant,
594 1066 674 1106 per
713 1058 881 1092 noctem
918 1053 1118 1106 fugerunt
1144 1058 1186 1091 et
1217 1051 1382 1106 inglorii
1415 1051 1550 1092 redie-

77 1112 203 1155 runt;
231 1107 333 1163 quin
368 1114 411 1148 et.
442 1108 645 1163 Vulgares
676 1114 905 1149 metuentes
935 1108 1091 1148 reversi
1120 1114 1230 1148 suut.

188 1179 316 1221 Anno
348 1180 515 1235 imperii
543 1181 606 1221 sui
636 1181 819 1222 secundo
842 1196 981 1221 mense
995 1181 1266 1236 Septembrio
1291 1187 1424 1221 castra
1453 1195 1544 1220 mo-
1560 1197 1594 1231 p.
1612 1184 1680 1219 724

77 1235 138 1276 vit
166 1236 402 1291 imperator
431 1237 626 1278 adversus
654 1239 823 1289 Arabes,
854 1243 896 1278 et
922 1239 1138 1292 profectus
1168 1237 1220 1277 ab
1241 1238 1415 1278 Amorio
1444 1238 1549 1278 abiit

73 1292 250 1332 Tarsum
285 1294 469 1335 Ciliciae.
536 1309 632 1334 cum
677 1301 816 1335 autem
861 1295 1037 1335 venisset
1066 1294 1118 1334 ad
1148 1294 1366 1350 inaquosas
1394 1301 1547 1345 turres,

77 1347 294 1402 repedavit
335 1350 464 1391 inanis
505 1365 643 1392 mense
683 1351 895 1391 octobrio
939 1350 1175 1391 indictionis
1209 1351 1392 1391 decimae
1421 1351 1548 1406 quin·

77 1411 158 1445 tae.
215 1421 351 1460 porro
383 1407 546 1447 decimo
577 1413 728 1448 octavo
758 1407 954 1448 kalendas
994 1407 1244 1448 Februarias
1274 1413 1443 1462 rogatus
1465 1407 1548 1448 im..

75 1468 252 1514 perator
277 1478 302 1502 a
329 1465 508 1518 propria
537 1470 673 1504 matre
694 1470 738 1505 et
766 1479 788 1504 a
818 1464 955 1504 multis
994 1464 1263 1518 optimatibus
1294 1464 1547 1517 pronuntiat

70 1531 162 1558 eam
189 1518 343 1560 iterum
377 1520 704 1574 imperatricem,
734 1526 777 1560 et
796 1520 917 1560 laude
946 1535 1042 1560 cum
1062 1520 1133 1560 illo
1161 1520 1283 1559 simul
1314 1520 1542 1572 attollitur,

69 1581 118 1614 ut
145 1589 168 1614 a
208 1576 448 1630 primordio
497 1577 758 1618 Constantini
814 1584 855 1617 et
898 1577 1114 1618 Heirenae.
1188 1591 1329 1617 omnes
1372 1577 1542 1632 quidem

68 1629 286 1679 obediunt.
347 1639 410 1674 ast
446 1634 795 1675 Armeniacorum
824 1633 964 1674 thema
1001 1633 1278 1688 pertinaciter
1307 1633 1458 1674 instans
1489 1633 1542 1673 ad

65 1687 150 1728 hoc
176 1689 404 1737 renititur,
435 1696 478 1730 et
507 1691 675 1746 quaerit
715 1690 928 1738 Alexium‚
959 1689 1033 1745 qui
1064 1689 1191 1743 paulo
1234 1696 1331 1731 ante
1362 1695 1542 1744 praetor

65 1743 108 1784 in
136 1745 192 1785 eis
222 1746 392 1797 fuerat,
435 1752 478 1786 et
520 1747 573 1787 ab
607 1747 871 1801 imperatore
907 1753 1011 1786 tunc
1041 1752 1236 1787 evocatus
1264 1751 1307 1786 et
1337 1745 1540 1800 dignitate

62 1801 234 1855 patricii
261 1801 493 1843 honoratus
512 1818 638 1858 penes
666 1803 803 1858 ipsum
828 1803 980 1857 degere
1002 1802 1239 1847 videbatur.
1296 1801 1410 1843 hunc
1435 1817 1541 1858 ergo

62 1865 247 1912 propter
272 1858 509 1900 huiusmodi
540 1860 858 1916 requisitionem
884 1866 926 1900 et
948 1858 1152 1916 quosdam
1169 1874 1381 1901 sermones
1410 1873 1540 1915 super

63 1913 153 1954 illos
181 1912 328 1967 dictos,
357 1917 455 1972 quia
484 1916 680 1958 videlicet
708 1923 959 1972 regnaturus
992 1922 1095 1957 esset
1109 1946 1125 1968 ,
1155 1915 1329 1957 caedens
1356 1931 1406 1957 ac
1435 1921 1537 1956 ton-

63 1970 162 2011 dens
195 1971 235 2011 in
263 1973 482 2026 praetorio
514 1974 675 2028 posuit.

174 2044 278 2084 Iulio
307 2059 409 2085 vero
442 2060 580 2087 mense
609 2047 839 2087 exercitum
871 2045 1004 2086 movit
1030 2045 1226 2086 adversus
1241 2045 1459 2099 Vulgares,
1492 2048 1536 2084 et

60 2101 294 2141 construxit
333 2107 514 2142 castrum
557 2103 871 2153 Marcellorum,
901 2109 944 2143 et
975 2101 1227 2143 duodecimo
1261 2099 1536 2141 kalendarum

58 2159 341 2211 Augustarum
382 2159 507 2198 exivit
546 2159 771 2202 cardamus
816 2159 1007 2200 dominus
1037 2158 1261 2213 Vulgariae
1290 2172 1386 2198 cum
1416 2156 1533 2196 omni

57 2213 217 2254 virtute
242 2229 329 2265 sua,
360 2222 403 2254 et
431 2216 547 2256 stetit
567 2217 606 2256 in
638 2216 954 2259 munitionibus.
1012 2215 1164 2255 fiducia
1195 2228 1297 2254 vero
1330 2215 1460 2253 fretus
1490 2217 1533 2253 et

57 2284 81 2311 a
117 2271 499 2325 pseudoprophetis
541 2272 777 2327 imperator
821 2273 995 2313 credere
1040 2286 1257 2326 persuasus
1301 2269 1416 2325 quod
1446 2269 1531 2309 eius

56 2333 160 2366 esset
189 2328 398 2378 victoria,
447 2328 795 2383 incircumspecte
835 2344 885 2370 ac
916 2328 1157 2369 inordinate
1177 2342 1189 2356 1‘
1201 2327 1354 2368 bellum
1386 2325 1528 2374 infert,

55 2390 98 2423 et
126 2383 264 2424 valido
295 2385 478 2424 vincitur
507 2386 658 2436 Marte,
689 2387 936 2441 fugatusque
966 2383 1091 2425 rediit
1122 2386 1164 2426 in
1196 2384 1358 2431 urbem,
1388 2381 1528 2421 multis
1539 2396 1577 2432 p.
1592 2385 1661 2421 725

4 2459 7 2461 >
55 2440 207 2480 amissis
236 2455 318 2481 non
360 2442 495 2480 solum
524 2443 754 2482 communis
793 2441 943 2497 populi
970 2441 1042 2482 sed
1072 2447 1114 2482 et
1139 2441 1384 2494 primatum,
1414 2437 1527 2478 inter

54 2511 158 2550 quos
191 2504 234 2538 et
262 2497 439 2537 Michael
467 2498 743 2552 magistratus,
771 2496 1099 2539 Lachanodraco
1133 2503 1175 2537 et
1205 2495 1358 2535 Bardas
1388 2493 1526 2547 patri-

52 2553 140 2593 cius
170 2567 219 2593 ac
248 2554 480 2608 Stephanus
514 2555 872 2609 protospatharius
894 2556 1134 2603 extiterunt,
1164 2552 1324 2592 Nicetas
1353 2563 1526 2605 quoque

52 2622 100 2649 ac
129 2609 420 2666 Theognostus
450 2611 548 2650 facti
581 2618 811 2666 praetores,
838 2618 881 2652 et
910 2611 1098 2651 homines
1131 2608 1234 2662 regii
1267 2622 1348 2646 uon
1385 2606 1522 2660 pauci.

47 2665 122 2706 sed
149 2672 192 2707 et
222 2666 464 2707 Pancratius
488 2668 858 2722 pseudopropheta
893 2674 935 2707 et
978 2674 1253 2713 astronomus,
1286 2663 1359 2720 qui
1390 2669 1432 2702 et
1460 2662 1524 2702 vi-

50 2728 219 2764 cturum
252 2723 367 2764 illum
397 2725 644 2764 vaticinatus
690 2732 761 2765 est.
830 2725 1089 2765 abstulerunt
1130 2726 1267 2761 autem
1319 2719 1521 2772 Vulgares

50 2777 176 2820 etiam
203 2780 423 2830 sarcinam,
458 2782 666 2835 pecunias,
696 2796 826 2837 equos
856 2788 898 2822 et
921 2780 1061 2820 aulaea
1087 2793 1169 2819 una
1198 2791 1295 2817 cum
1325 2775 1518 2816 universo

187 2863 426 2911 Theophanes
451 2866 498 2900 11.
1217 2859 1260 2893 17
