1768 3268
579 214 650 255 Ex
687 207 1034 256 THEOPHANE.
1447 209 1540 256 187

180 317 327 359 Mundi
357 331 466 358 anno
487 315 610 368 6186,
641 317 805 358 divinae
839 316 1132 357 incarnationis
1162 333 1271 358 anno
1301 314 1401 368 686,
1431 330 1541 356 anno

72 388 174 414 vero
206 373 371 429 imperii
416 373 631 414 lustiniaui
660 372 686 414 9
728 373 948 413 Callinicus
975 373 1155 413 habetur
1185 367 1543 426 Constantinopo-

73 429 220 471 litanus
251 430 437 480 antistes,
468 429 539 485 qui
582 429 632 469 12
672 431 855 483 praefuit
885 429 1001 470 annis
1033 429 1238 470 ecclesiae.
1308 430 1391 472 hoc
1418 430 1544 470 etiam

73 501 185 527 anno
215 486 393 528 defectio
424 492 485 526 est
511 485 605 526 solis
651 487 794 527 effecta
826 485 933 527 hora
963 485 1046 526 diei
1075 486 1216 536 tertia,
1244 485 1303 525 ita
1334 492 1381 526 ut
1411 500 1542 540 quae-

71 542 166 582 dam
201 542 338 583 clarae
371 542 512 583 stellae
548 548 761 596 parerent.
836 548 878 583 et
915 543 1147 583 exercitum
1189 542 1322 581 movit
1349 540 1544 581 Moamed

72 604 224 639 contra
252 598 499 640 Romaniam
526 598 679 638 babens
708 613 843 639 secum
874 600 1076 654 profugos
1097 598 1265 638 Sclavos
1296 603 1442 651 utpote
1475 612 1546 638 ex-

72 660 210 709 pertes
241 655 489 704 Romaniae,
521 660 563 693 et
593 655 743 695 multos
784 655 901 695 duxit
928 657 1128 710 captivos.
1186 668 1321 709 porro
1354 655 1546 694 iustinia-

75 725 150 750 nus
179 710 435 765 diligentiam
460 711 572 750 circa
599 710 742 765 palatii
770 710 923 751 babens
951 712 1119 765 negotia
1149 710 1380 751 construxit
1409 710 1543 750 tricli-

73 766 201 818 nium,
231 767 346 822 quod
374 767 584 808 Iustiniani
606 774 798 818 vocatur,
829 768 1130 822 constituitque
1158 767 1416 821 Stephanum
1442 767 1545 806 Per-

74 837 172 872 sam,
210 823 470 864 sacellarium
506 838 626 863 suum
662 829 704 864 et
738 823 968 878 spadonum
1011 824 1220 878 primum,
1259 824 1474 863 dominum
1503 828 1545 862 ct

74 879 296 930 arbitrum,
312 879 430 920 nimis
450 879 708 920 insidiantem
722 880 908 935 sanguini
933 886 1059 934 atque
1074 881 1300 930 crudelem,
1319 878 1391 934 qui
1406 878 1546 918 immi-

70 935 346 976 sericorditer
366 935 593 977 exteriores
618 951 807 991 quosque
825 937 1064 988 verberare,
1092 937 1161 977 sed
1184 942 1225 976 et
1245 936 1431 989 lapidare
1459 941 1545 974 tam

75 992 186 1045 ipsos
215 1006 340 1046 quam
370 992 524 1032 horum
564 994 773 1046 praelatos
803 995 834 1044 Ἴ
862 994 1026 1047 penitus
1059 1007 1142 1033 non
1173 993 1367 1034 cessabat.
1426 1006 1545 1031 eum-

74 1061 157 1102 que
202 1047 436 1102 imperator
484 1049 664 1104 quadam
702 1049 768 1089 die
808 1051 1023 1103 profectus
1063 1049 1228 1099 fuisset,
1270 1048 1546 1103 praesumpsit

73 1103 243 1160 agrestis
275 1104 343 1144 illa
369 1105 498 1146 bestia
528 1111 569 1145 et
598 1111 774 1145 matrem
840 1121 979 1160 uoque
1024 1103 1150 1161 ipsius
1185 1105 1437 1146 Anastasiam
1463 1107 1546 1143 Au-

73 1165 236 1215 gustam
281 1160 450 1202 habenis
490 1176 609 1201 more
652 1161 773 1215 pueri
806 1122 1026 1217 ilagellare.
1098 1163 1138 1201 in
1171 1162 1229 1202 his
1259 1167 1398 1221 autem
1430 1168 1472 1201 et
1506 1161 1547 1199 in

75 1230 243 1256 omnem
280 1216 444 1258 civilem
483 1218 649 1271 copiam
690 1218 829 1258 multis
875 1218 989 1258 malis
1035 1219 1203 1259 ostensis
1241 1232 1407 1259 exosum
1451 1216 1549 1257 fecit

73 1272 234 1312 cunctis
266 1272 576 1328 imperatorem.
635 1274 826 1315 similiter
853 1280 895 1314 et
924 1274 965 1314 iu
995 1274 1195 1329 generalis
1227 1273 1445 1329 logothesii
1475 1288 1549 1313 re-

73 1328 150 1368 bus
178 1329 396 1369 constituit
425 1329 676 1369 monachum
711 1331 932 1386 quendam,
959 1330 1235 1372 Theodorum
1263 1331 1444 1381 nomine,
1474 1329 1547 1384 qui

71 1384 189 1448 prius
214 1384 415 1425 inclausus
446 1386 584 1426 fuerat
615 1386 654 1425 in
668 1387 970 1428 Thracensibus
990 1387 1151 1442 angusti
1179 1388 1385 1441 partibus,
1414 1385 1484 1427 sed
1506 1391 1549 1426 et

72 1455 209 1504 ipsum
232 1442 512 1482 saevissimum
540 1449 583 1482 et
616 1443 827 1483 crudelem
859 1443 1033 1483 nimium
1065 1443 1316 1494 existentem,
1349 1443 1420 1498 qui
1447 1443 1547 1496 plu..

73 1511 201 1537 rimos
239 1497 301 1538 rei
344 1498 537 1552 publicae
576 1499 787 1553 principes
836 1505 877 1539 et
906 1500 1084 1540 illustres
1113 1500 1239 1551 viros,
1270 1514 1354 1539 non
1384 1505 1546 1539 tantum

73 1565 122 1593 ex
162 1552 478 1594 ordinatoribus
510 1555 581 1595 sed
629 1570 676 1595 ex
720 1555 836 1596 urbis
876 1555 1211 1607 habitatoribus,
1250 1556 1407 1597 frustra
1435 1555 1547 1596 etin

72 1624 225 1650 vanum
255 1617 298 1651 et
326 1610 661 1652 inexcusabiliter
691 1613 922 1652 exactiones
953 1618 994 1652 et
1023 1613 1256 1652 functiones
1289 1627 1335 1653 ex
1359 1611 1548 1666 proscri-

74 1665 224 1719 ptione
254 1667 463 1708 exsolvere
491 1668 642 1708 faciens
673 1669 925 1724 funibusque
949 1668 1025 1708 hos
1054 1669 1302 1723 suspendens
1332 1669 1547 1723 palearum

72 1723 188 1762 fumo
219 1722 439 1764 afficiebat.
513 1724 685 1778 insuper
722 1733 764 1766 et
791 1725 1031 1779 praefectus
1067 1724 1345 1780 imperatoria
1371 1725 1548 1764 iussione

77 1777 282 1832 plurimos
312 1779 428 1821 viros
458 1782 695 1821 carceribus
726 1781 897 1822 tradens
938 1796 1017 1836 per
1045 1781 1208 1837 aliquot
1238 1795 1365 1822 annos
1392 1779 1547 1822 servari

71 1835 297 1876 mandavit.
354 1835 458 1893 haee
486 1837 625 1877 omnia
657 1852 843 1879 crescere
866 1839 1059 1879 fecerunt
1087 1838 1230 1879 odium
1257 1838 1406 1892 populi
1436 1838 1547 1877 circa

72 1890 391 1945 imperatorem.
447 1901 670 1947 praeterea
702 1895 938 1950 imperator
967 1894 1157 1950 exigebat·
1184 1910 1207 1935 a
1237 1894 1438 1936 Callinico
1468 1909 1545 1948 pa-

75 1947 260 1989 triarcha
293 1948 528 1991 orationem
564 1950 755 2002 faciendi,
787 1956 835 1991 ut
880 1952 1114 1993 destrueret
1142 1951 1352 1992 ecclesiam
1382 1957 1548 1991 sanctae

74 2002 145 2044 dei
182 2004 415 2059 genitricis,
456 2021 564 2061 quae
606 2008 902 2062 metropolitae
940 2008 1176 2058 dicebatur,
1205 2008 1315 2049 iuxta
1345 2007 1547 2061 palatium

75 2059 224 2112 sitam,
264 2061 407 2102 volens
449 2062 492 2102 in
521 2063 616 2104 loco
658 2062 803 2105 sistere
845 2064 1028 2118 phialam
1067 2071 1107 2105 et
1150 2065 1264 2105 bases
1303 2071 1547 2105 construere

75 2116 189 2170 vulgi
219 2117 499 2169 Venetorum,
531 2126 578 2160 ut
606 2121 690 2161 illic
719 2121 1019 2175 imperatorem
1047 2121 1316 2175 susciperent.
1374 2127 1417 2160 at
1443 2133 1545 2160 vero

75 2173 318 2226 patriarcha
350 2175 515 2216 dicebat
544 2178 807 2218 “orationem
848 2176 1017 2232 quidem
1043 2177 1094 2217 ad
1123 2178 1383 2219 statuendam
1413 2178 1546 2217 eccle-

74 2229 175 2268 siam
208 2230 417 2279 babemus,
454 2231 495 2271 in
525 2232 851 2275 destructionem
876 2248 979 2275 vero
1021 2235 1217 2275 ecclesiae
1248 2248 1333 2274 non
1362 2233 1546 2286 suscepi-

74 2288 204 2325 muS.’'
281 2293 457 2342 cogente
497 2295 638 2330 autem
676 2305 770 2331 eum
797 2290 1086 2345 imperatore,
1115 2298 1156 2332 et
1186 2289 1431 2330 omnimodis
1458 2289 1547 2329 exi—

75 2348 199 2396 gente
229 2345 495 2395 orationem,
536 2345 638 2386 dixit
683 2347 922 2401 patriarcba
965 2348 1126 2402 “gloria
1156 2347 1260 2399 deo,
1292 2346 1365 2402 qui
1394 2346 1547 2399 iugiter

75 2399 274 2439 sustinens
308 2400 490 2454 patitur,
530 2417 641 2442 nunc
671 2411 713 2444 et
738 2417 901 2457 semper
933 2411 975 2444 et
1007 2404 1048 2444 in
1078 2405 1237 2444 saecula
1270 2402 1546 2448 saeculorum.

77 2458 236 2496 amen.'’
294 2471 378 2512 quo
412 2456 554 2499 audito
586 2459 880 2501 destruxerunt
908 2461 1121 2501 ecclesiam
1142 2467 1184 2501 et
1211 2461 1400 2499 fecerunt
1422 2456 1546 2512 phia-

78 2509 340 2608 {suth-porro
374 2513 458 2554 iam
478 2513 629 2558 dictam
659 2516 869 2559 ecclesiam
888 2517 1186 2572 metropolitae
1214 2517 1406 2557 fecerunt
1433 2513 1545 2569 apud

115 2582 138 2608 e
159 2582 238 2608 rm.

125 2718 158 2765 *)
188 2719 382 2768 praelatos]
408 2720 471 2767 qui
502 2721 553 2754 eis
601 2728 804 2768 praeerant.
862 2724 949 2758 hinc
984 2723 1160 2770 praelatio
1192 2722 1413 2768 προστασία
1447 2721 1544 2767 apud

170 2771 242 2848 get.
278 2767 342 2802 int.
385 2768 490 2814 epist.
531 2768 577 2803 ad
615 2771 886 2814 Antiochenos,
927 2783 1021 2819 quae
1058 2772 1093 2804 S.
1131 2770 1271 2816 Ignatio
1315 2769 1541 2804 adscribitur.

198 2825 274 2848 un.

1556 733 1589 768 p.
1604 721 1673 758 562

1560 1802 1594 1837 p.
1608 1791 1677 1827 563
