1728 3242
238 179 335 223 230
450 180 735 223 A-NASTASH
774 179 1036 223 nls'rolzm
1075 178 1486 222 ECCLESlASTlCA

238 295 346 334 tinus
375 295 632 342 ei,decentes
662 296 893 350 gratiarum
931 296 1113 335 actiones
1152 294 1344 334 delei-ret.
1403 297 1446 332 at
1477 291 1544 332 ille
1577 292 1702 332 dcco-

238 357 330 403 ptus
360 351 472 392 venit
501 366 595 392 cum
628 358 796 392 centum
822 352 985 391 milibus
1015 351 1214 405 equitum,
1243 349 1468 403 unitusque
1494 347 1552 388 illi
1584 346 1702 388 occi-

107 407 223 452 p.662
237 407 353 445 ditur
393 408 445 447 ab
482 422 532 448 eo
579 408 767 448 manibus
806 407 1016 461 propriis,
1049 407 1190 460 sicque
1227 404 1489 459 principatus
1518 404 1701 445 Abdelae

234 464 465 514 confertur,
496 463 568 518 qui
599 463 648 504 21
682 464 887 504 Arabibus
916 463 1101 518 praefuit
1132 461 1263 500 annis.

339 537 461 577 Anno
487 535 652 591 imperii
681 535 939 576 Constantini
967 535 1016 575 15
1036 534 1184 574 Paulus
1206 534 1416 574 Romanae
1437 531 1542 573 sedis
1573 546 1699 587 prae-

231 591 292 630 sul
319 591 514 637 habetur.
570 593 729 633 Nicetas
768 591 1036 645 Heliopoleos
1079 589 1442 629 anathematizatus
1470 596 1530 629 est
1558 604 1580 628 a
1609 594 1696 628 tota

199 693 202 696 ,
231 649 412 688 ecclesia.
471 649 703 703 imperator
745 656 882 689 autem
913 646 1201 687 Constantinus
1232 647 1360 701 Syros
1393 651 1435 685 et
1462 645 1695 696 Armenios,

232 718 336 759 quos
366 721 388 744 a
420 704 745 758 Theodosiopoli
776 712 818 744 et
842 703 1038 743 Melitana
1068 702 1256 753 duxerat,
1288 702 1329 741 in
1355 701 1560 741 Thracem
1591 702 1697 742 emi..

230 761 380 814 gravit,
412 776 457 800 ex
489 762 638 815 quihus
672 761 795 801 etiam
838 759 1179 799 Paulicianorum
1221 764 1280 798 est
1306 757 1485 798 haeresis
1513 757 1694 797 dilatata.

229 817 419 856 similiter
449 822 490 855 et
520 818 557 855 in
591 817 696 856 urbe
735 815 875 870 paucis
905 829 1009 869 prae
1046 814 1306 854 mortalitate
1336 814 1454 854 factis
1482 813 1692 854 habitato..

230 873 343 911 ribus
375 874 470 922 eius,
502 872 616 912 duxit
644 887 726 911 una
755 886 849 911 cum
881 871 1060 920 familiis,
1090 876 1175 910 tam
1204 885 1252 911 ex
1283 871 1421 910 insulis
1455 878 1495 911 et
1524 871 1694 911 Hellade

230 944 354 983 quam
385 944 429 969 ex
460 928 725 968 inferioribus
766 928 981 981 partibus,
1011 927 1156 983 sicque
1188 927 1334 968 urbem
1364 926 1554 967 habitare
1581 927 1695 978 fecit,

228 1000 350 1039 quam
382 992 423 1025 ot
456 985 702 1025 condensam
737 983 931 1024 reddidit.

337 1057 495 1097 Eodem
534 1071 704 1112 quoque
739 1070 848 1096 anno
879 1054 1092 1111 quaesiere
1120 1055 1325 1111 Volgares
1354 1062 1478 1110 pacta
1509 1060 1691 1109 propter

227 1119 357 1152 castra
388 1128 493 1167 quae
521 1119 758 1153 constructa
787 1112 969 1152 fuerant.
1003 1119 1064 1152 ast
1085 1111 1344 1166 imperatore
1372 1113 1693 1166 apocrisiarium

225 1184 370 1209 eorum
403 1168 699 1210 dehonestante
729 1168 919 1209 exierunt
951 1167 1170 1222 hostiliter,
1201 1175 1243 1210 et
1274 1183 1402 1224 usque
1433 1169 1484 1208 ad
1521 1169 1692 1224 longum

223 1239 388 1264 murum
425 1231 651 1274 venerunt,
698 1231 740 1266 et
780 1225 913 1265 multo
957 1224 1117 1265 excidio
1160 1231 1409 1281 perpetrato
1452 1224 1581 1266 illaesi
1622 1239 1692 1265 re-

223 1282 330 1321 versi
364 1287 473 1321 sunt.

329 1360 450 1399 Anno
482 1358 648 1414 imperii
679 1359 938 1401 Constantini
985 1358 1036 1400 16
1068 1365 1208 1402 terrae
1239 1367 1375 1401 motus
1407 1358 1518 1400 haud
1550 1359 1693 1400 modi-

92 1421 207 1467 p.663
221 1430 288 1457 cus
317 1416 449 1456 factus
490 1422 549 1457 est
589 1415 631 1455 in
660 1416 888 1458 Palaestina
925 1423 969 1457 et
1007 1417 1130 1472 Syria
1169 1415 1348 1472 septimo
1380 1416 1470 1457 idus
1496 1416 1689 1464 Martiam

219 1477 261 1511 et
287 1472 382 1511 exul
412 1473 542 1512 factus
582 1479 642 1512 est
669 1472 920 1514 Theodorus
957 1473 1205 1515 Antiochiae
1244 1473 1504 1528 patriarcha,
1536 1473 1691 1513 invidia

218 1527 439 1583 derogatus
468 1531 501 1578 *)
539 1529 723 1569 Arabum
735 1559 749 1581 ,
789 1529 902 1584 quod
949 1531 1103 1571 crebro
1133 1531 1382 1584 imperatori
1412 1530 1685 1571 Constantino

217 1599 354 1624 causas
387 1600 532 1624 eorum
562 1599 640 1639 per
669 1585 826 1626 litteras
856 1584 1074 1627 indicaret.
1108 1592 1150 1627 ct
1171 1588 1223 1627 de
1253 1594 1394 1628 cetero
1422 1586 1550 1627 Salim
1575 1586 1688 1626 hunc

219 1641 375 1680 exulem
405 1642 513 1691 fecit,
542 1642 708 1682 mittens
740 1657 835 1683 eum
864 1643 903 1683 in
927 1641 1230 1684 Mohabitidem
1252 1643 1479 1699 regionem,
1510 1642 1693 1697 patriam

215 1711 346 1736 suam.
406 1697 706 1753 praecepitque
736 1699 844 1740 idem
874 1700 981 1739 Alim
1013 1714 1097 1740 non
1129 1700 1430 1740 construendas
1463 1695 1588 1739 novas
1619 1713 1692 1739 ec-

217 1753 355 1793 clesias
388 1768 463 1793 nec
490 1769 658 1794 crucem
685 1755 920 1805 videndam,
951 1755 1023 1796 sed
1056 1771 1194 1812 neque
1223 1755 1274 1797 de
1294 1756 1373 1797 fide
1403 1772 1427 1796 a
1447 1755 1689 1795 Christiano

217 1823 312 1848 cum
346 1810 547 1849 Arabibus
579 1811 959 1865 dogmatizandum.
990 1826 1126 1866 porro
1159 1813 1390 1854 exercitum
1419 1813 1553 1853 movit
1582 1811 1693 1852 idem

216 1870 365 1904 contra
397 1866 640 1906 Romaniam
688 1883 783 1908 cum
810 1867 865 1909 80
897 1869 1085 1923 milibus,
1115 1876 1158 1910 et
1190 1870 1356 1909 veniens
1388 1869 1430 1909 in
1463 1868 1691 1922 Cappado-

217 1920 325 1961 ciam
355 1921 513 1961 audivit
542 1924 859 1965 Constantinum
890 1925 1084 1966 adversus
1128 1940 1170 1966 se
1204 1926 1442 1967 venientem
1469 1932 1692 1973 armatum,

218 1983 260 2017 et
296 1978 464 2017 territus
494 1978 677 2019 inefficax
718 1982 957 2035 repedavit,
992 1981 1096 2022 nihil
1135 1981 1439 2036 depopulatus,
1472 1982 1547 2022 nisi
1577 1981 1693 2036 quod

217 2034 360 2088 paucis
389 2034 591 2074 Armeniis
619 2035 669 2075 ad
697 2052 738 2076 se
761 2037 1070 2079 confluentibus
1101 2039 1317 2093 assumptis
1346 2053 1533 2080 reversus
1565 2045 1637 2080 est.

328 2113 448 2150 Anno
480 2112 643 2166 imperii
674 2116 934 2156 Constantini
971 2115 1020 2156 17
1058 2117 1233 2158 Abdelas
1264 2118 1528 2158 tributorum
1558 2116 1693 2159 ratio-

218 2182 313 2206 nrm
345 2168 587 2208 Christianis
631 2171 866 2226 ampliavit,
898 2172 1002 2213 adeo
1041 2180 1089 2214 ut
1119 2189 1260 2214 omnes
1292 2174 1519 2214 monachos
1551 2181 1594 2214 et
1627 2174 1692 2213 in-

217 2223 373 2263 clausos
403 2231 528 2279 atque
550 2226 736 2278 cionitas,
767 2230 837 2282 qui
867 2229 947 2271 deo
968 2230 1075 2270 hene
1093 2230 1262 2285 placere
1292 2231 1586 2279 noscebantur,
1615 2230 1691 2269 sub

217 2280 386 2319 tributis
418 2281 639 2331 redigeret.
709 2284 884 2337 signavit
925 2291 1064 2327 autem
1109 2287 1377 2328 ecclesiarum
1405 2286 1692 2336 cimiliarchia,

217 2342 275 2432 {eth
304 2335 443 2399 cdouxit
485 2337 696 2378 Hebraeos
736 2339 788 2378 ad
827 2342 1151 2383 venundandum
1198 2343 1293 2398 illa,
1324 2349 1366 2385 et
1407 2349 1602 2384 emerunt
1644 2358 1692 2384 ea

236 2407 246 2431 ι
281 2399 376 2432 erti-

331 2459 452 2511 Anno
486 2471 650 2526 imperii
680 2472 742 2512 sui
787 2474 838 2514 18
866 2476 1163 2519 Constantinus
1192 2478 1417 2519 Sclavinias
1449 2492 1574 2533 penes
1603 2478 1692 2518 Ma-

270 2630 303 2676 '')
325 2629 529 2679 derogatus]
556 2631 772 2678 διαβληθείς.
799 2634 887 2668 Hist.
914 2636 996 2682 trip.
1028 2637 1098 2672 32:
1126 2638 1274 2673 credens
1301 2636 1597 2684 derogationibus
1623 2637 1691 2672 his.

320 2678 411 2711 Non.
439 2679 629 2714 detrahere
655 2680 839 2726 derogare.
867 2683 1017 2718 Glossae
1050 2686 1215 2720 Dosithei
1242 2688 1420 2732 magistri:
1447 2686 1597 2731 derogat
1623 2686 1689 2720 ‹le-

318 2725 429 2759 trahit
449 2726 674 2773 obloquitur.
703 2728 888 2763 Goffridus
914 2730 1023 2766 abbas
1049 2732 1204 2768 Vindoc.
1230 2736 1335 2782 epist.
1361 2736 1384 2771 2
1410 2734 1476 2770 29:
1502 2745 1569 2769 nec
1592 2745 1688 2780 pon-

319 2772 407 2806 ussei
433 2774 524 2809 sicut
547 2775 659 2810 Maria
685 2774 802 2821 Moysi
827 2776 1052 2823 derogarent.
1104 2782 1206 2818 ann.
