1728 3184
458 180 645 223 NOTAE
682 181 1068 226 POSTERIORES.
1384 183 1479 230 577

18 297 249 354 Ἀντιοχείᾳ
275 296 349 338 a'n’
382 298 524 340 αὐτῶν
560 298 879 351 ἅποσχίσαντες.
944 304 1014 357 qui
1040 313 1132 359 pos-c
1167 313 1397 359 provectum
1427 306 1488 347 ad

16 357 288 411 episcopatum
306 354 512 396 ‘Euzoiam
539 357 742 396 Arianum
782 358 1038 404 Antiochiae,
1077 374 1118 398 se
1142 361 1197 400 ab
1223 362 1281 400 eis
1306 375 1483 417 separa-

17 419 180 452 verant.-
234 424 322 466 quo
351 418 395 452 et
422 412 636 452 indicatur
651 413 841 466 priorem
856 413 977 453 fuisse
991 414 1155 454 Paulini
1181 416 1482 471 episcopatum,

20 480 98 507 nec
125 466 200 506 uisi
228 466 445 508 schismate
475 468 528 508 ab
557 483 608 509 eo
651 469 809 508 factum
836 468 1050 509 Meletium
1080 471 1344 525 episcopum:
1375 487 1485 528 quae

16 528 62 562 et
88 522 200 563 ratio
231 522 286 562 sit
312 537 393 563 cur
420 524 711 564 Occidentales
749 525 1044 578 propensiores
1086 527 1242 566 suerint
1273 529 1314 568 in
1339 529 1484 570 Pauli-

20 593 134 629 num,
160 578 327 633 sintque
358 580 626 632 postmodum
656 581 821 634 gravius
858 582 992 635 questi
1035 581 1076 620 in
1105 583 1345 624 Flavianum
1374 600 1481 638 pro-

21 635 152 675 ducto
180 635 398 676 schismate
426 637 583 677 Meletii
614 651 918 687 successorem,
948 642 995 677 ut
1024 643 1174 678 auctor
1201 639 1311 680 infra
1339 641 1482 681 Theo-

20 690 124 730 dosii
152 705 248 731 ann.
279 690 350 732 15.

132 761 225 814 105,
259 763 323 803 15.
382 763 428 813 ἔξ
458 763 690 818 ἐμφανείας
731 763 805 816 τῆς
835 764 1043 817 παναγίας
1072 762 1287 815 θεοτόκου]
1315 770 1485 808 sanctis-

21 818 128 858 sima
154 820 226 859 dei
245 821 440 872 genitrice
481 835 595 860 suam
626 822 717 859 illic
745 822 933 860 virtutem
948 852 960 872 ‚
991 836 1044 862 ac
1063 825 1334 876 praesentiam
1364 827 1483 863 exhi-

15 874 136 914 beate.
165 875 226 915 sic
255 875 408 916 Christi
439 891 506 917 an.
538 874 634 926 402,
660 877 711 916 de
729 876 949 916 pulcheria
977 877 1037 917 ait
1066 892 1113 918 ex
1128 879 1293 918 sozom.
1323 875 1384 919 ὅτι
1414 880 1488 919 καί

17 930 138 978 θείας
165 929 399 984 ἐμφανείας
434 930 603 985 ἠξιοῦτο
619 947 630 958 ·
688 947 791 987 quae
817 933 970 974 divina
999 935 1155 974 visione
1182 935 1427 988 dignaretur.

132 1002 225 1054 108,
251 1002 292 1046 3.
348 999 640 1058 φθονήσαντας
678 1003 738 1058 τῷ
774 1001 1008 1057 πράγματι]
1051 1006 1177 1045 Barb.
1209 1007 1333 1062 Peyr.
1361 1007 1482 1048 Cedr.

16 1065 96 1102 etc.
126 1059 201 1100 etsi
229 1059 321 1100 Pal.
358 1057 667 1113 προστάγματι.
710 1060 813 1100 illud
842 1061 1001 1100 melius.
1063 1062 1208 1102 videns
1235 1064 1297 1102 rei
1322 1065 1484 1104 invidia

14 1125 154 1156 motos.
194 1112 269 1156 τὸν
306 1114 610 1168 συντακτήριον
636 1111 760 1168 λόγον
798 1112 1123 1167 ἐπιδειξάμενος.
1149 1121 1331 1158 oratione
1359 1121 1483 1171 edita,

14 1186 65 1210 ac
91 1171 223 1223 dicta,
257 1186 337 1227 qua
362 1171 599 1212 discessurus
624 1172 721 1212 bene
740 1181 997 1227 precaretur,
1030 1187 1082 1212 ac
1106 1175 1200 1213 vale
1229 1175 1388 1215 diceret.
1422 1177 1483 1216 sic

17 1227 214 1266 nimirum
253 1228 361 1281 ipse:
401 1225 728 1279 προτρεπτικοὺς
770 1223 872 1280 ἧμῖν
914 1225 1168 1280 μελετήσατε
1211 1228 1372 1283 λόγους,
1400 1228 1482 1281 ἐγώ

16 1281 120 1335 ὑμῖν
144 1281 353 1324 ἀποδώσω
392 1281 467 1323 τὸν
494 1280 806 1337 συντακτήριον.
877 1299 1073 1323 sermones
1103 1286 1307 1335 instruite,
1339 1287 1485 1341 quibus

21 1340 230 1381 abeuntem
252 1341 588 1396 prosequamini;
618 1355 689 1393 ego
705 1340 823 1380 vobis
838 1341 1146 1379 valedictorium
1166 1342 1345 1382 reddam.
1374 1342 1482 1383 male

17 1395 81 1435 Bu
123 1400 129 1406 “
156 1394 224 1436 rd.
250 1395 393 1437 habita
419 1396 471 1436 de
493 1410 597 1450 pace
624 1396 782 1450 agenda
810 1397 1022 1445 oratione,·
1060 1397 1158 1451 Xyl.
1184 1400 1236 1436 de
1261 1398 1481 1438 concordia

15 1466 63 1492 co
108 1451 312 1492 tituenda:
342 1452 597 1506 Baroniiqne
628 1453 859 1505 interpres:
890 1457 938 1491 ut
966 1459 1008 1492 et
1038 1454 1176 1491 Anast.
1204 1456 1483 1508 compositorio

12 1522 208 1549 sermone.
236 1509 500 1561 ῃροσέθηκεν
528 1509 587 1564 τῷ
612 1507 810 1564 συμβόλῳ
836 1505 913 1561 τήν
940 1503 1163 1560 θεολόγιαν
1189 1508 1267 1548 τοῦ
1293 1505 1480 1561 πνεύμα-

15 1577 112 1612 τος·
184 1563 409 1604 docte-inam
447 1564 498 1603 de
523 1565 689 1620 spiritus
716 1565 849 1604 sancti
887 1564 1048 1604 deitate.
1081 1565 1215 1605 minus
1246 1564 1386 1605 reddit
1415 1566 1483 1605 in-

18 1626 152 1675 terpr.
179 1629 363 1662 sanctam
390 1620 442 1660 de
471 1621 615 1676 spiritu
646 1630 786 1661 sancto
811 1621 1050 1663 doctrinam.
1119 1659 1123 1662 Δ

131 1690 225 1743 109,
261 1690 326 1735 18.
384 1687 529 1746 φήμης
568 1691 760 1744 ψευδοῦς
787 1687 1056 1746 ἐξελθούσης]
1086 1693 1319 1747 cumfhlsus
1346 1706 1483 1733 mmor

9 1748 311 1804 percrebuisset.
716 1756 718 1758 ·

123 1820 232 1863 thid.
267 1819 335 1861 19.
403 1818 747 1872 ἅνασυρθέντες]
787 1822 923 1875 palam
964 1821 1140 1871 detecti,
1175 1835 1224 1861 ac
1251 1820 1477 1875 prodentes

16 1876 157 1932 quales
188 1876 229 1916 in
255 1875 485 1917 catholicos
518 1884 666 1918 essent.
697 1877 770 1918 καί
798 1875 988 1918 ἕκαστον.

132 1953 227 2003 112,
255 1953 296 1995 8.
361 1951 549 1995 ἐκώλυσε
586 1952 662 1996 τὸν
696 1953 771 1996 ἐπὶ
806 1955 882 2009 τῆς
916 1955 1143 2007 μετανοίας
1181 1949 1480 2006 πρεσβύτερον]

15 2011 213 2052 Nectario
232 2010 523 2066 presbyterum
545 2012 830 2066 poenitentiae
846 2013 1134 2067 praepositum
1156 2010 1367 2067 amoventi
1399 1998 1484 2048 isni—

17 2069 146 2123 quior
176 2066 278 2107 mihi
310 2068 418 2107 visus
457 2068 504 2112 P,
534 2071 682 2120 Goar,
726 2083 822 2109 cum
851 2084 939 2109 rem
970 2068 1039 2108 ille
1068 2067 1307 2121 disciplinae
1336 2066 1482 2119 egerit,

20 2123 208 2178 nihilque
236 2122 334 2164 inde
352 2124 464 2178 apud
494 2125 702 2180 antiquos,
734 2125 846 2165 velut
872 2125 1155 2180 poenitentiae
1181 2127 1483 2162 sacramentum

18 2179 154 2234 ipsum
182 2179 378 2230 violarit,
413 2187 538 2222 notae
567 2182 813 2235 reportarit.
881 2181 961 2222 fuit
990 2195 1153 2234 semper
1176 2178 1356 2218 Nectarii
1386 2191 1481 2215 san..

16 2242 85 2276 cta
114 2236 344 2288 memoria,
373 2236 631 2292 modumque
658 2237 774 2277 illum
810 2237 1094 2292 poenitentiae
1136 2234 1338 2289 publicae,
1368 2233 1479 2272 unde

15 2291 61 2332 id
89 2292 270 2332 scandali
310 2298 454 2333 ortum
502 2300 630 2344 esset,
660 2295 775 2334 velut
802 2301 964 2336 tantum
999 2293 1098 2333 iuris
1127 2288 1309 2341 humani,
1338 2295 1381 2328 et
1410 2302 1478 2327 ec-

16 2346 264 2390 clesiasticae
294 2350 616 2400 consuetudinis,
650 2349 693 2389 in
725 2364 812 2402 sua,
840 2351 908 2391 cui
938 2350 1028 2390 iure
1054 2345 1323 2403 patriarchali
1351 2358 1477 2398 prae-

18 2404 192 2456 sidebat,
221 2405 392 2446 ecclesia
420 2406 591 2447 abolere
613 2407 766 2460 potuit.

128 2477 242 2521 lbid.
258 2480 323 2523 19.
395 2477 569 2526 οἰκείαις
595 2475 724 2531 χερσὶ
751 2479 919 2530 λωβοΐς]
951 2478 1017 2518 vix
1044 2474 1191 2516 adduci
1222 2476 1480 2535 possum‚-ut

15 2532 69 2574 de
99 2533 271 2588 leprosis
298 2535 547 2589 peculiarius
577 2535 793 2589 accipiam,
822 2536 972 2590 quibus
999 2534 1082 2587 ipsa
1114 2532 1299 2570 manibus
1313 2527 1478 2569 Placnlla

17 2591 198 2645 Augusta
225 2591 509 2639 miuistraret3
539 2596 581 2632 et
611 2606 695 2631 non
716 2593 842 2646 magis
871 2591 922 2630 de
944 2602 1127 2643 corpore
1155 2586 1321 2635 mutilis,
1353 2591 1480 2647 atque

17 2645 114 2686 alias
143 2646 375 2695 debilibus;
415 2647 551 2689 scabie
582 2648 753 2699 forsan,
799 2647 1045 2701 foetidisque
1084 2642 1284 2684 eiusmodi
1322 2640 1480 2681 morbus

17 2701 323 2747 laborantibus.

138 2779 311 2824 113,12.
372 2773 444 2815 διὰ
474 2774 526 2815 τὰ
557 2772 724 2830 μητιέτα
742 2775 948 2830 στρατοῦ]
976 2781 1145 2829 propter
1170 2770 1370 2811 exercitus
1398 2782 1480 2808 me-

157 2859 396 2906 Tloeoplmnes
421 2862 473 2894 11.
1166 2853 1211 2887 37
