1728 3242
212 167 309 214 226
414 172 694 214 ANASTASH
744 172 778 213 Π
788 170 1003 213 lSTOmA
1051 165 1462 212 ECCLESIASTICA

208 286 309 330 bant
337 301 380 326 se
410 300 503 326 cum
534 285 764 341 peregrinis
787 284 1046 340 quibusdam,
1085 289 1132 323 ut
1159 282 1381 337 putabant,
1412 287 1453 322 et
1483 281 1670 323 trucibus

209 342 387 385 faciebus
417 342 635 393 comitari,
678 349 719 384 et
747 357 816 383 eos
848 342 920 396 qui
953 342 993 380 in
1024 341 1172 381 itinere
1200 338 1276 380 sibi
1307 338 1420 378 obvii
1443 338 1598 380 fiebant
1627 352 1670 377 se

239 398 321 438 nasi
353 398 504 439 amicos
531 399 709 439 salutare
750 413 799 438 ac
841 398 1041 453 colloqui.
1119 395 1268 435 notatis
1309 408 1410 435 vero
1459 393 1520 435 his
1563 409 1671 448 quae

206 412 453 496 dicebantur
484 455 534 495 ab
565 456 634 506 eis,
666 455 767 496 haec
795 461 939 508 postea
969 452 1217 494 referebant.
1275 450 1671 506 contemplabantur

206 516 347 552 autem
373 511 536 553 eosdem
568 518 609 552 et
660 511 804 552 domos
850 509 1028 565 ingredi„
1057 515 1098 548 et
1132 507 1233 548 alios
1264 506 1433 562 quidem
1461 521 1510 549 ex
1539 507 1669 548 domo

205 566 362 620 egredi,
393 581 528 621 porro
561 567 660 608 alios
690 567 922 611 vulnerare.
953 564 1129 618 contigit
1153 570 1293 604 autem
1323 570 1365 604 et
1388 578 1536 609 eorum
1563 577 1670 617 quae

205 623 316 663 dieta
345 630 440 664 sunt
467 625 519 664 ab
548 624 616 672 eis,
643 623 822 677 plurima
854 628 900 661 ut
927 621 1120 661 viderant
1147 619 1252 660 fieri.
1312 627 1533 674 praetcrea
1567 634 1670 659 ver-

206 680 286 722 nali
316 686 508 734 tempore
535 680 695 735 primae
734 677 970 719 indictionis
1014 677 1140 731 magis
1178 683 1342 718 extensa
1375 682 1449 717 est.
1508 675 1667 716 aestivo

204 741 342 775 autem
373 750 546 790 prorsus
574 735 768 786 incendit,
797 735 853 774 ita
879 741 924 774 ut
955 734 1142 787 integrae
1172 746 1342 787 quoque
1372 731 1516 775 domus
1545 731 1668 786 peni.-

71 802 191 850 μσςὴ
204 796 268 832 tus
297 792 617 842 clauderentur,
647 806 722 831 nee
762 796 891 831 essent
918 790 988 844 qui
1024 789 1224 830 deberent
1251 793 1443 829 mortuos
1472 788 1665 844 sepelire.

203 862 251 892 ex
282 848 519 891 necessitate
549 849 688 903 itaque
718 846 846 887 multa
876 845 1156 900 excogitatum
1205 850 1266 886 est
1306 859 1393 903 quo
1421 859 1549 900 super
1579 844 1667 884 ani-

200 904 320 944 malia
354 904 517 945 tabulae
547 909 846 954 sternerentur,
871 908 911 943 et
940 903 994 942 ita
1035 916 1162 956 super
1191 901 1262 941 has
1292 901 1475 956 impositi
1506 900 1665 941 mortui

199 960 480 1000 deferrentur.
535 960 627 1015 pari
657 959 783 1000 modo
826 965 867 999 et
897 958 937 997 in
968 958 1160 1012 plaustris
1194 957 1262 997 alii
1290 958 1544 1013 suprapositi
1576 957 1665 998 aliis

198 1017 534 1070 asportabantur.
605 1030 699 1056 cum
740 1020 876 1056 autem
919 1015 1079 1069 repleta
1125 1013 1293 1055 fuissent
1337 1014 1544 1063 universa,
1579 1019 1665 1053 tam

196 1072 351 1112 scilicet
378 1073 535 1112 urbana
579 1087 702 1127 quam
742 1071 1013 1122 suburbana,
1056 1077 1356 1123 monumenta,
1390 1076 1431 1112 et
1460 1070 1666 1111 cisternae

196 1143 365 1183 quoque
405 1129 489 1168 sine
520 1143 627 1183 aqua
670 1135 712 1168 et
751 1127 859 1169 lacus
900 1133 942 1168 et
987 1127 1203 1182 plurimae,
1229 1127 1397 1178 vineae,
1429 1141 1592 1169 necnon
1622 1132 1665 1167 et

196 1184 413 1225 interiores
446 1184 587 1237 liortI,
621 1184 693 1240 qni
738 1183 850 1225 intra
890 1191 1052 1227 veteres
1085 1198 1227 1224 muros
1267 1190 1402 1235 crant,
1434 1183 1486 1224 ad
1517 1183 1665 1223 huius-

195 1240 307 1281 modi
339 1241 627 1295 capessendam
661 1240 920 1295 sepulturam
964 1240 1094 1282 effossi
1126 1246 1234 1292 sunt,
1264 1247 1306 1281 et
1336 1240 1392 1280 ita
1421 1240 1488 1280 vix
1523 1239 1663 1281 omnia

194 1296 293 1337 haec
322 1296 373 1336 ad
402 1304 558 1338 tantam
606 1298 887 1338 necessitatem
926 1296 1114 1339 sufficere
1143 1298 1379 1337 valuerunt.
1438 1296 1552 1336 omni
1586 1311 1663 1335 au..

192 1358 274 1392 tem
304 1353 428 1393 domo
474 1353 543 1393 tali
596 1354 829 1397 calamitate
870 1360 1075 1408 corrupta
1120 1360 1302 1408 propter
1343 1352 1662 1407 depositionem,

192 1423 298 1463 quae
343 1410 465 1464 impie
509 1410 617 1450 facta
660 1416 719 1451 est
763 1411 813 1450 ab
851 1410 1152 1464 imperantibus
1198 1410 1237 1450 in
1284 1424 1419 1450 sacras
1450 1409 1662 1465 imagineS,

193 1466 408 1506 confestim
449 1466 644 1506 nimirum
676 1469 964 1522 Agarenorum
1007 1467 1138 1508 classis
1187 1467 1239 1507 ab
1268 1465 1515 1507 Alexandria
1547 1465 1664 1506 venit

193 1521 234 1561 in
266 1522 478 1576 Cyprum,
520 1523 590 1562 ubi
624 1529 714 1563 erat
755 1530 798 1564 et
825 1524 1047 1564 Romaieus
1086 1522 1227 1563 stolus.
1286 1528 1328 1562 at
1353 1536 1455 1562 vero
1484 1529 1663 1578 praetor

193 1578 545 1633 Cibyraeotornm
586 1579 747 1620 irruens
791 1579 831 1619 in
876 1594 946 1620 eos
977 1579 1182 1635 extemplo
1215 1579 1256 1619 in
1288 1586 1419 1633 portu
1449 1578 1663 1629 Ceramea,

194 1639 234 1673 et
265 1640 425 1674 retenta
454 1641 602 1689 portus
631 1637 770 1688 fauce,
808 1651 904 1678 cum
937 1643 1069 1678 essent
1106 1636 1279 1691 triginta
1305 1635 1543 1689 dromones,
1573 1641 1658 1676 tres

193 1689 300 1730 solos
329 1691 498 1732 exiliisse
521 1693 715 1735 fatentur.

59 1796 94 1830 p,
113 1783 183 1819 654
306 1775 451 1815 Mundi
482 1790 589 1815 anno
620 1775 742 1827 6239,
772 1776 934 1818 divinae
961 1776 1260 1818 incarnationis
1293 1789 1401 1816 anno
1424 1774 1520 1825 739,
1549 1787 1662 1815 anno

195 1844 296 1869 vero
339 1831 500 1884 imperii
532 1834 788 1874 Constantini
832 1835 1037 1888 septimo,
1084 1834 1296 1874 occiditur
1338 1832 1567 1887 Gregorius
1608 1831 1662 1871 ab

195 1887 519 1938 Arirutensibus,
551 1896 593 1929 et
618 1890 744 1930 evicit
770 1890 1005 1942 Maruham,
1037 1896 1083 1930 ut
1112 1890 1309 1945 praetuli,

307 1967 425 2006 Anno
457 1966 616 2020 imperii
641 1969 900 2009 Constantini
930 1976 1081 2010 octavo
1110 1976 1249 2009 motus
1285 1974 1344 2008 est
1374 1967 1416 2007 in
1437 1965 1660 2008 exteriori..

194 2021 269 2060 bus
302 2022 487 2073 Orientis
514 2024 701 2077 partibus
730 2026 909 2066 Persidis
940 2027 1135 2081 populus,
1163 2028 1235 2081 qui
1264 2025 1465 2065 dicuntur
1496 2022 1662 2062 Choro-

195 2078 349 2118 sanitae
388 2079 665 2133 Maurophori
685 2112 695 2131 ,
743 2089 891 2122 contra
920 2082 1141 2122 Maruham
1167 2090 1210 2122 et
1239 2095 1406 2122 omnem
1438 2079 1661 2134 cognatio-

198 2149 290 2173 nem
320 2134 427 2186 eius,
457 2135 529 2190 qui
568 2137 795 2191 principati
833 2145 929 2178 sunt
971 2140 1022 2180 ab
1053 2139 1143 2193 ipso
1173 2137 1369 2179 Maumed
1396 2136 1662 2190 pseudopro-

196 2190 321 2242 pheta
351 2205 481 2245 usque
513 2191 564 2231 ad
597 2193 770 2234 eundem
785 2195 1017 2249 Marubam,
1047 2195 1088 2235 id
1122 2201 1182 2235 est
1210 2201 1359 2235 contra
1389 2207 1458 2233 eos
1488 2191 1559 2248 qui
1593 2191 1663 2231 di-

196 2254 352 2287 cuntur
383 2247 456 2286 filii
486 2248 670 2288 Humaia.
742 2250 805 2291 his
847 2252 955 2292 enim
985 2259 1082 2306 post
1113 2250 1481 2304 interemptionem
1512 2247 1663 2289 Vhalid

197 2303 497 2344 debellantibus
532 2310 574 2344 et
602 2307 978 2362 constringentibus
999 2304 1204 2355 invicem,
1239 2308 1281 2347 hi
1311 2307 1381 2362 qui
1413 2305 1664 2346 dicebantur

197 2359 269 2398 lilii
299 2359 445 2399 Ecbim
487 2367 530 2400 et
561 2361 710 2413 Halim,
739 2365 904 2417 cognati
946 2372 987 2406 et
1027 2365 1103 2419 ipsi
1140 2362 1563 2419 pseudoprophetae,
1592 2358 1662 2400 sed

196 2415 426 2456 absconditi
453 2422 577 2472 atque
603 2418 765 2472 fugaces
794 2421 1006 2462 existentes
1037 2421 1077 2461 in
1103 2421 1260 2462 minori
1279 2419 1448 2470 Arabia,
1481 2431 1664 2472 congre-

197 2471 303 2525 gati,
344 2478 513 2512 tenente
551 2474 592 2513 in
624 2474 680 2514 eis
708 2475 933 2528 primatum
980 2478 1203 2527 Abraliim,
1246 2477 1420 2517 mittunt
1461 2474 1662 2515 libertum

196 2542 312 2566 suum
346 2529 570 2584 quendam,
604 2531 800 2570 Amuslim
839 2533 1009 2584 dictum,
1040 2535 1080 2574 in
1113 2535 1340 2574 Chorosam
1372 2531 1424 2572 ad
1458 2530 1662 2586 quosdam

198 2583 348 2624 ibidem
379 2586 702 2639 praeminente5‚
732 2593 877 2627 contra
913 2591 1137 2630 Murali-am
1167 2591 1245 2630 sibi
1272 2587 1492 2643 suffragari
1512 2592 1661 2640 peten-

199 2645 267 2679 tes.
328 2642 399 2694 qui
445 2642 608 2682 collecti
650 2643 762 2695 apud
806 2646 1019 2685 Caccaban
1059 2647 1266 2701 quendam
1296 2645 1588 2692 conciliantur,
1621 2648 1662 2682 et

200 2697 412 2736 concitant
450 2713 592 2738 servos
632 2699 672 2738 in
713 2699 903 2741 dominos
937 2705 1135 2756 proprios
1157 2736 1168 2755 ,
1216 2710 1257 2744 et
1283 2702 1484 2743 occidunt
1514 2698 1663 2739 multos

201 2758 324 2793 nocte
351 2768 454 2805 nna,
487 2769 670 2810 quorum
701 2756 826 2797 armis
852 2760 967 2812 equis
995 2765 1036 2799 et
1078 2760 1263 2814 pecuniis
1295 2755 1538 2812 locupletati
1566 2755 1662 2794 facti
