1768 3268
549 221 617 266 EX
665 221 1012 266 THEOPHANE.
1422 217 1515 264 125

42 340 232 381 Romani.
292 351 378 395 quo
408 338 554 380 audito
583 339 791 394 chaganus
830 338 1120 393 potentatibus
1149 338 1324 393 sumptis
1355 351 1519 393 prope-

44 399 165 438 rabat
191 395 244 437 ad
275 395 445 436 bellum.
505 404 548 437 at
578 411 680 436 vero
697 396 910 436 Salvianus
940 395 1034 435 visis
1062 394 1400 436 multitudinibus
1428 400 1519 434 stu-

42 455 230 508 pefactus
260 453 312 492 ad
338 453 527 493 Priscum
556 468 597 494 se
628 454 826 493 contulit.
893 452 1157 506 comperiens
1201 459 1338 492 autem
1369 452 1518 505 chagn-

42 526 116 550 nus
147 512 438 551 Romanomm
477 509 681 551 recessum
728 509 781 549 ad
825 508 1035 548 maritima
1065 508 1295 563 egreditur,
1324 508 1518 561 deinceps

43 566 96 606 ad
126 567 169 606 S.
202 566 502 631 Alexandrum,
546 572 588 606 et
628 565 742 605 hunc
789 565 930 606 omnia
962 565 1183 606 devoranti
1212 563 1425 604 tradidit
1416 564 1516 618 igni.

43 623 245 664 transiens
275 628 413 662 autem
459 624 500 662 in
528 623 749 677 Drizipera
791 628 973 662 conatur
1010 621 1289 662 exterminare
1319 635 1407 661 rem
1436 635 1520 673 pu-

42 680 209 730 blicam,
243 678 526 719 devastatoria
550 686 750 733 operatus
774 678 1063 719 instrumenta.
1125 678 1167 717 hi
1189 692 1292 718 vero
1320 677 1392 733 qui
1418 676 1521 717 D1i-

43 737 187 790 zipera
219 735 424 787 habitant,
455 736 610 776 diutius
643 750 666 777 e
696 735 863 777 diverso
896 735 1027 775 aciem
1054 734 1324 775 direxerunt:
1356 749 1450 773 nam
1481 738 1523 773 et

42 800 189 847 portas
230 768 464 846 aperientes
499 792 774 833 minabantm
814 793 1019 833 barbaros
1044 791 1281 840 debellare,
1324 804 1421 830 cum
1460 804 1522 829 es-

43 854 134 890 sent
165 849 207 889 in
250 847 478 890 formidine
507 849 680 904 ingenti.
756 855 859 889 tunc
910 863 1012 904 ergo
1058 848 1199 889 divina
1229 847 1435 904 quaedam
1466 846 1521 886 eis

42 905 254 946 consuluit
282 906 442 946 virtus.
487 906 626 946 media
654 920 835 961 namque
868 906 936 946 die
962 905 1109 946 videre
1130 910 1389 959 putaverunt
1418 904 1569 957 bar-p.
1585 909 1658 945 416

41 962 149 1014 bari,
179 962 378 1002 Romanis
410 962 638 1004 virtutibus
673 962 980 1018 egredientibus
1002 962 1053 1003 ab
1074 962 1194 1013 urbe,
1225 962 1417 1001 futurum
1444 960 1521 999 sibi

44 1020 139 1060 fore
169 1025 218 1059 ut
248 1033 343 1059 cum
363 1018 419 1059 eis
449 994 721 1060 conflictum-'⁵’
726 1024 1009 1060 consererent.
1069 1024 1112 1059 et
1134 1017 1395 1059 consternati
1426 1017 1523 1070 fuga

42 1075 292 1131 infatigabili
322 1076 501 1130 fugiunt,
536 1083 579 1117 et
611 1075 724 1131 apud
753 1076 1003 1117 Perinthum
1044 1075 1301 1116 efficiuntur.
1359 1073 1525 1114 Priscus

43 1139 196 1180 autem,
231 1146 311 1172 nec
337 1133 427 1173 visu
460 1133 630 1188 quidem
668 1134 784 1174 ferre
812 1133 1102 1174 multitudines
1142 1132 1429 1172 barbarorum
1451 1145 1527 1170 va-

44 1189 145 1243 lens,
170 1188 406 1229 Tzurulum
436 1189 642 1244 ingressus
672 1196 855 1231 castrum
885 1190 1172 1229 muniebatur.
1233 1194 1293 1228 ast
1322 1187 1370 1227 Ῑιτ-
1380 1188 1527 1228 rbarus

42 1245 233 1286 Priscum
263 1245 458 1287 obsidere
486 1246 736 1287 conabatur.
812 1246 874 1286 his
911 1245 1059 1286 auditis
1090 1245 1317 1285 Mauricius
1344 1244 1528 1285 haesita-

46 1303 121 1342 bat
151 1301 254 1357 quid
280 1303 394 1342 foret
426 1304 648 1357 agendum.
708 1309 812 1343 tunc
845 1304 1009 1358 optimo
1051 1302 1158 1343 inito
1189 1301 1364 1342 consilio
1393 1315 1530 1340 arma-

42 1365 116 1398 tur
144 1365 297 1399 contla
326 1358 532 1398 infinitam
561 1359 847 1400 barbarorum
875 1360 1098 1410 virtutem,
1131 1364 1172 1399 et
1200 1358 1273 1398 uni
1305 1357 1525 1398 excubito-

43 1429 138 1454 rum
169 1413 325 1469 magnis
358 1414 477 1455 donis
512 1423 640 1470 atque
670 1416 1014 1470 piomissionibus
1051 1415 1198 1455 suadet
1224 1421 1272 1455 ut
1301 1420 1453 1468 sponte
1483 1414 1524 1454 in

45 1471 252 1512 barbaros
286 1471 424 1512 irruat
443 1502 456 1523 ‚
497 1472 621 1527 eique
656 1473 728 1512 dat
757 1472 809 1512 ad
837 1473 1029 1513 Priscum
1075 1471 1234 1512 litteras
1264 1471 1526 1512 continentes

44 1527 148 1569 baec
189 1528 514 1583 “gloriosissimo
554 1529 747 1582 praetori
787 1529 951 1569 Prisco.
1031 1529 1200 1569 noxium
1244 1528 1525 1568 barbarorum

45 1590 246 1626 conatum
277 1599 328 1627 ne
355 1584 590 1626 formides:
641 1585 693 1625 ad
721 1584 1004 1640 perditionem
1048 1585 1159 1625 enim
1187 1598 1338 1626 eorum
1369 1585 1526 1624 factum

44 1647 105 1682 est
135 1641 248 1682 hoc:
289 1641 393 1682 scito
440 1643 551 1683 enim
576 1642 679 1698 ‘quia
711 1657 807 1682 cum
836 1642 968 1683 multa
1006 1642 1253 1683 confusione
1287 1647 1526 1682 revertetur

45 1699 253 1753 chaganus
275 1699 316 1739 in
348 1699 564 1753 regionem
584 1714 692 1754 quae
714 1699 792 1739 sibi
813 1714 835 1739 a
854 1699 1052 1740 Romanis
1086 1704 1145 1739 est
1173 1698 1386 1754 deputata.
1416 1713 1526 1753 pro-

43 1762 190 1809 pterea
218 1761 461 1810 perseveret
497 1756 630 1811 gloria
663 1762 734 1796 tua
765 1771 890 1811 penes
929 1756 1189 1807 Tzurutum,
1219 1755 1525 1810 circumvagari

41 1812 198 1853 faciens
226 1812 316 1852 illos
337 1828 350 1853 ε
379 1812 582 1854 mittimus
631 1814 743 1853 enim
788 1828 868 1868 per
898 1827 1016 1854 mare
1048 1827 1183 1864 naves,
1217 1819 1256 1853 et
1289 1812 1524 1866 captivabi-

43 1883 133 1908 mus
163 1869 337 1909 familias
365 1883 528 1920 eorum,
558 1876 602 1911 et
632 1877 811 1925 cogetur
841 1869 892 1910 ad
911 1870 1093 1924 propria
1109 1869 1359 1910 confusione
1388 1870 1524 1909 reser-

43 1932 111 1965 tus
141 1932 268 1980 atque
298 1926 460 1966 iactura
494 1927 691 1967 reverti.''
758 1933 800 1966 at
843 1941 946 1967 vero
988 1926 1197 1981 chaganus
1226 1926 1374 1966 litteris
1404 1940 1525 1966 com-

41 1982 255 2036 prehensis
285 1988 327 2023 et
357 1983 474 2023 lectis
517 1998 671 2037 pavens
702 1983 904 2036 efficitur,
950 1989 992 2024 et
1017 1983 1312 2037 sponsionibus
1341 1983 1522 2036 pacificis
1535 1981 1658 2030 p.417

43 2038 96 2077 ad
125 2039 314 2079 Priscum
347 2038 551 2094 dispositis
586 2041 627 2080 in
657 2041 902 2081 muneribus
931 2041 1073 2095 paucis
1102 2046 1230 2096 atque
1259 2038 1450 2094 indignis,
1479 2040 1521 2079 iu

41 2109 158 2135 suam
189 2101 250 2135 est
276 2103 436 2136 terram
464 2111 559 2138 cum
589 2099 685 2153 fuga
712 2098 876 2152 potenti
908 2111 1127 2152 regressus.

151 2167 386 2208 Undecimo
418 2169 585 2224 imperii
616 2186 727 2212 anno
756 2171 951 2211 Mauricii
978 2169 1382 2226 Hierosolymitanus
1398 2170 1522 2209 Amos

43 2223 223 2264 habetur
257 2225 488 2280 episcopus.
547 2227 783 2282 imperator
813 2235 952 2268 autem
983 2228 1174 2267 Priscum
1207 2242 1301 2267 cum
1333 2226 1522 2266 omnibus

44 2281 241 2321 Romanis
273 2283 559 2334 potentatibus
588 2284 639 2325 ad
674 2286 825 2325 Istrum
855 2285 1029 2325 fluvium
1062 2284 1201 2337 misit,
1233 2290 1280 2322 ut
1307 2282 1524 2323 Sclavino-

42 2351 138 2376 rum
174 2338 364 2380 nationes
411 2341 594 2381 transire
634 2340 898 2396 prohiberet.
981 2354 1065 2396 quo
1115 2317 1227 2394 a'ipud
1256 2339 1521 2380 Dorostolon

40 2392 186 2434 habito
215 2395 421 2451 chaganus
466 2396 550 2437 hoc
579 2399 811 2452 comperit;
858 2397 932 2453 qui
962 2397 1105 2452 legatis
1149 2397 1200 2436 ad
1231 2412 1326 2437 eum
1351 2395 1522 2436 directis

40 2451 291 2491 calumniam
295 2428 527 2493 ”inferebat
553 2454 748 2495 Romanis
777 2454 996 2494 exordium
1028 2453 1220 2494 dantibus
1252 2452 1362 2493 belli.
1421 2452 1520 2491 Ριί-

39 2521 128 2547 scus
159 2514 298 2549 autem
327 2510 549 2550 excusabat
576 2525 646 2561 se,
675 2511 791 2566 quod
826 2527 909 2550 non
944 2511 1109 2551 venerit
1138 2509 1333 2549 adversus
1360 2509 1521 2550 balba-

42 2577 110 2602 ros
138 2564 445 2619 belligeratum,
470 2567 540 2607 sed
574 2568 691 2622 quod
721 2568 774 2608 ad
793 2567 1088 2608 Sclavinorum
1120 2566 1308 2607 nationes
1340 2581 1362 2605 a
1395 2566 1521 2620 prin-

41 2620 135 2674 cipe
162 2622 293 2663 fuerit
323 2622 565 2664 destinatus.
634 2624 805 2665 audiens
848 2631 990 2664 autem
1034 2624 1197 2663 Priscus
1239 2621 1356 2676 quod
1384 2621 1520 2663 Arda-

41 2682 176 2729 gastus
203 2679 491 2721 multitudines
520 2680 810 2720 Sclavinorum
855 2681 908 2721 ad
940 2679 1229 2735 praedandum
1259 2677 1516 2733 disperserit,

39 2734 242 2775 transiens
268 2737 420 2776 Istrum
452 2736 586 2778 media
620 2743 744 2778 nocte
775 2738 990 2792 inopinate
1016 2736 1246 2790 Ardagasto
1270 2736 1518 2777 coniunctus

41 2797 119 2830 est.
177 2796 219 2831 at
249 2806 351 2833 vero
381 2793 628 2859 Ardagastus
658 2794 898 2835 discrimine
932 2808 1049 2833 senso
1098 2791 1256 2831 nudum
1297 2792 1518 2833 ascendens

41 2860 208 2901 equum,
238 2848 304 2889 vix
334 2850 465 2891 salvus
495 2851 647 2902 evasit,
686 2851 952 2905 Romanique
991 2848 1328 2889 multitudinibus
1358 2849 1517 2889 Sclavi-
