1728 3184
191 177 288 224 316
698 184 751 224 ΙΝ
799 183 1177 226 THEOPHANEM

188 302 331 354 πῆχυν
360 298 674 355 Ἀλεξανδρέων
704 296 979 355 μετατιθέναι
1008 303 1218 345 ἐκέλευσε.
1277 316 1366 343 cum
1404 303 1572 358 gentiles
1600 304 1669 353 (ιβ-

173 359 404 415 firmarent
430 358 667 415 Serapidem
704 376 782 400 esse
798 391 810 412 ‚
842 362 912 418 qui
941 361 1085 402 Nilum
1125 360 1184 400 ad
1210 359 1393 414 Aegypti
1418 373 1540 414 agros
1565 361 1668 400 irri-

186 415 348 468 gandos
377 414 662 467 introduceret,
694 426 914 472 propterea
941 418 1052 474 quod
1077 430 1269 456 mensura
1300 431 1430 472 aquae
1458 417 1668 457 inundan-

189 473 241 511 tis
270 471 314 511 in
344 473 540 528 templum
564 472 782 525 Serapidis
815 482 913 514 esset
940 475 1170 529 deportata,
1204 473 1481 513 Constantinus
1508 463 1670 512 mensu·

186 540 284 568 ram
311 528 375 569 ad
398 529 603 569 ecclesiam
619 530 961 571 Alexandrinam
982 528 1202 583 transferri
1230 530 1350 570 iubet.
1407 529 1457 570 de
1488 529 1668 570 nilome-

189 583 276 624 trio
307 584 367 681 alc-i·
400 585 520 639 putei
550 586 684 627 latera
714 587 902 628 Strabo:
949 586 1000 628 de
1033 587 1120 627 aliis
1151 585 1203 626 ad
1231 600 1344 637 saxa,
1375 586 1428 626 ad
1458 586 1671 626 columnas

188 647 268 682 etc.
298 656 319 680 a
341 657 383 684 ιι.

301 714 367 765 23,
398 713 437 756 6.
498 712 725 757 Θεὸτεκνον
760 711 893 770 γόητα
919 713 1078 770 α’νεῖλε]
1107 714 1341 756 Theotecni
1377 720 1559 755 mortem
1587 713 1671 755 huc

188 772 453 813 referendam
501 773 661 813 censuit
708 779 862 813 auctor
905 769 986 825 πρὸ
1036 773 1115 812 τοῦ
1144 772 1332 825 μανῆναι
1365 769 1587 822 Λικίνιον,
1620 771 1672 811 de

188 828 303 869 cuius
352 829 394 868 in
435 829 692 870 Christianos
738 830 894 870 insania
945 844 1054 869 anno
1099 829 1303 884 sequenti.
1375 843 1500 884 quem
1529 842 1668 883 porro

186 885 334 926 scribit
363 884 433 926 hic
462 885 672 937 Λικίνιον,
701 886 818 941 prius
847 886 1074 941 scripserat
1106 883 1341 927 Λικίννιον.

301 958 406 998 Ibid.
440 957 480 999 8.
539 955 735 1005 Λικίνιος
773 950 932 1013 ἤρξατο
978 955 1083 998 κατά
1118 955 1408 1009 Χριστιανῶν]
1455 956 1670 996 Maximini

189 1013 315 1055 caede
348 1030 456 1055 anno
501 1015 763 1055 Constantini
802 1014 1023 1055 undecimo
1065 1014 1224 1069 posita,
1254 1019 1346 1052 tum
1376 1027 1477 1053 vero
1507 1015 1674 1053 firmata

191 1071 359 1125 imperii
388 1087 483 1112 cum
500 1072 666 1112 Licinio
702 1071 919 1123 divisione,
950 1084 1059 1111 anno
1095 1069 1244 1110 deinde
1273 1068 1525 1110 duodecimo
1556 1077 1672 1110 mota

189 1127 231 1167 in
263 1128 519 1168 Christianos
546 1128 697 1168 Licinii
720 1128 904 1168 eiusdem
933 1127 1191 1182 persecuti0‚
1220 1125 1384 1167 decimo
1418 1126 1567 1181 quinto
1598 1125 1672 1166 de-

187 1184 387 1225 scribitur
426 1199 473 1225 ex
502 1185 659 1225 Aurelii
706 1184 892 1225 Victoris
931 1184 1202 1224 auctoritate.
1269 1183 1332 1222 ita
1357 1191 1535 1237 potestas
1563 1183 1672 1223 orbis

191 1240 366 1281 Romani
392 1241 544 1282 duobus
572 1242 778 1297 quaesita.-
809 1242 882 1298 qui
909 1242 1104 1297 quamvis
1127 1255 1206 1294 per
1217 1237 1363 1294 flavii
1387 1253 1567 1279 sororem
1596 1254 1671 1279 ηιι-

183 1306 296 1352 ptam
318 1297 478 1338 Licinio
508 1299 687 1339 connexi
714 1299 823 1339 inter
847 1313 888 1338 se
914 1306 1055 1337 erant.-
1088 1298 1137 1337 ob
1163 1297 1349 1336 diversos
1369 1310 1499 1335 mores
1533 1304 1673 1336 tamen

188 1356 320 1394 anxie
352 1355 572 1395 triennium
605 1369 827 1409 congruere
857 1356 1035 1410 quivere.
1108 1353 1160 1394 de
1191 1351 1352 1393 Licinio
1383 1353 1507 1406 plura
1539 1352 1672 1392 Ense..

187 1409 278 1450 bins
310 1410 385 1451 lib.
421 1410 470 1452 10
501 1425 592 1465 cap.
626 1410 651 1451 9
683 1417 726 1452 et
755 1411 807 1453 de
836 1411 922 1452 vita
958 1411 1104 1452 Const.
1148 1409 1219 1450 lib.
1252 1409 1277 1449 2
1314 1423 1404 1463 cap.
1437 1408 1475 1457 1,
1510 1408 1583 1448 ubi
1620 1408 1672 1449 de

186 1467 336 1507 Basilio
371 1468 584 1519 nonnulla,
616 1468 667 1509 de
706 1482 792 1523 quo
818 1467 1024 1508 Baronius
1048 1467 1138 1508 fuse
1168 1465 1220 1507 ad
1251 1480 1406 1506 annum
1420 1463 1672 1506 Christisslfi

191 1537 303 1563 num.
342 1522 394 1565 16
421 1531 464 1565 et
491 1539 605 1580 seqq.

298 1598 408 1639 Ihid.
442 1597 509 1638 15.
567 1597 641 1638 καί
682 1592 740 1646 ὥς
769 1597 881 1646 τινές
908 1611 1045 1652 φασι,
1088 1596 1163 1637 καί
1201 1594 1301 1644 τούς
1329 1591 1388 1650 μ’]
1427 1596 1540 1636 inter
1567 1609 1672 1651 quos

187 1655 439 1709 praecipuus
467 1654 639 1694 Basilius
666 1669 836 1710 magnus
867 1660 976 1697 orat.
1002 1654 1044 1694 in
1077 1654 1185 1708 ipsos
1217 1649 1270 1693 40
1301 1659 1521 1708 martyres.

299 1726 407 1767 Ibid.
444 1725 508 1767 19.
577 1719 722 1779 ὄρειος
759 1726 831 1781 τῆς
858 1724 1014 1778 μανίας
1045 1722 1282 1778 ἐπώνυμος]
1330 1725 1466 1765 arium
1496 1739 1574 1764 ceu
1604 1724 1675 1763 fu-

186 1789 353 1824 rentem
396 1784 478 1823 suis
509 1783 638 1823 literis
669 1783 965 1824 Constantinus
1007 1797 1176 1838 magnus
1220 1782 1470 1836 exagitavit,
1504 1786 1546 1821 et
1575 1780 1670 1819 Ho-

190 1841 355 1881 mericis
380 1840 568 1881 versibus
614 1840 655 1879 in
688 1856 783 1881 eum
813 1840 920 1880 lusit.
990 1839 1191 1880 videndus
1219 1838 1481 1892 Epiphanius
1513 1835 1674 1877 haeresi

187 1895 241 1937 69
271 1903 313 1938 et
341 1897 546 1938 Baronius
577 1896 627 1936 ad
660 1913 815 1937 annum
831 1895 914 1936 319
937 1910 1052 1935 num.
1094 1894 1157 1935 10.
1216 1894 1361 1935 suidas
1393 1910 1431 1936 v.
1463 1887 1674 1948 ἆρειομα-

186 1951 274 2008 νής.
334 1954 541 1994 Homerus
572 1953 734 1994 ironiae
767 1953 883 1995 dedit
926 1967 1067 1993 ansam
1092 1951 1154 1991 his
1181 1952 1343 2002 verbis,

300 2018 415 2080 ἄρες,
434 2020 558 2078 ὅστις,
587 2025 853 2079 βροτολοιγέ,
888 2022 1106 2079 μιαιφόνε,
1135 2023 1448 2077 τειχεσιπλῆτα.

301 2113 426 2147 mat-S,
457 2113 586 2150 mar-S,
614 2099 820 2139 hominum
841 2099 1066 2155 pernicies,
1103 2094 1316 2155 inquinate
1346 2096 1547 2146 caedibus,
1579 2109 1674 2137 mu-

192 2171 332 2196 rorum
361 2165 630 2211 oppugnator.

300 2228 416 2270 [bid.
454 2228 519 2269 20.
577 2227 840 2283 ἐφανέρωσε,
868 2225 943 2267 καί
979 2226 1144 2280 σχίσμα
1167 2222 1413 2279 εἰργάσατο]
1446 2223 1675 2264 Eusebium

189 2284 466 2339 Theophanes
495 2290 708 2340 sequutus,
729 2285 846 2326 hellis
878 2284 1074 2325 adversus
1098 2284 1305 2324 Licinium
1328 2282 1483 2331 relatis,
1514 2295 1676 2334 pugnas

190 2341 231 2381 in
267 2343 402 2381 arium
433 2342 485 2382 ab
531 2342 700 2383 ecclesia
743 2341 952 2389 institutas
994 2348 1162 2381 narrat:
1196 2354 1342 2381 earum
1380 2352 1481 2378 vero
1512 2337 1673 2390 primos

187 2399 404 2450 tumultus,
433 2404 473 2439 et
489 2399 785 2454 oppositarum
803 2398 981 2438 invicem
1011 2397 1327 2446 sententiarum,
1357 2395 1472 2435 velut
1493 2393 1671 2448 digladi-

191 2456 367 2508 antium,
396 2456 560 2511 agmina
591 2469 674 2495 non
709 2469 819 2495 anno
847 2454 931 2494 hoc
951 2454 1135 2508 primum
1155 2460 1317 2503 coacta,
1349 2458 1391 2492 et
1421 2451 1462 2491 in
1494 2450 1676 2490 invicem

189 2512 418 2564 commissa,
449 2527 497 2553 ex
513 2512 794 2554 ecclesiasticis
825 2511 1041 2551 annalibus
1065 2517 1333 2565 compertum
1363 2514 1452 2549 est:
1487 2507 1674 2562 quinim-

190 2582 259 2607 mo
294 2569 562 2610 dissidiorum
579 2569 761 2609 ssammas
790 2568 916 2622 longe
943 2567 1110 2623 lateque
1138 2572 1365 2622 serpenteS,
1398 2570 1439 2605 et
1470 2565 1510 2603 in
1540 2564 1671 2602 altum

192 2622 312 2676 latas,
355 2633 574 2680 praesente
614 2640 723 2666 anno
762 2631 1087 2665 commonstrat:
1132 2624 1185 2665 de
1215 2623 1367 2679 quibus
1414 2626 1672 2662 memoratus

191 2681 390 2723 Eusebius
422 2683 496 2724 lib.
527 2684 552 2724 2
581 2682 634 2723 de
663 2682 749 2723 vita
779 2682 921 2722 Const.
955 2696 1046 2736 cap.
1073 2679 1140 2721 60.

302 2755 367 2807 24,
398 2755 436 2797 5.
494 2753 651 2808 μαθών
682 2750 703 2795 ὅ
733 2754 866 2808 μέγας
897 2753 1231 2807 Κωνσταντῖνος]
1262 2750 1467 2793 sententia
1498 2749 1677 2803 integra,

192 2811 330 2853 verbis
362 2813 552 2855 nonnihil
592 2812 818 2854 immutatis
858 2825 905 2852 ex
933 2811 1115 2853 Eusebio
1159 2810 1234 2851 lib.
1269 2810 1294 2850 2
1325 2808 1378 2850 de
1412 2807 1496 2849 vita
1528 2807 1671 2847 Const-
