1728 3184
232 207 334 260 434
734 218 791 260 ιΝ
829 215 1205 264 ,Τι-ιΕοΡΗΑΝΕΜ

231 350 326 388 μων
353 334 801 387 κατεξουσιαζόντων’
781 353 827 378 εν
855 341 946 384 ταῖς
977 333 1291 390 ἱπποδρομιᾝαις
1341 336 1488 392 populi
1497 336 1705 390 factioni-

233 395 303 433 bus
334 402 570 459 potestatem
612 408 771 434 omnem
811 395 890 433 sibi
927 393 1228 433 vindicantibus
1274 392 1318 432 in
1345 395 1480 444 circo,
1527 399 1605 434 etc.
1663 399 1706 434 et

234 450 478 503 δήμαρχος,
508 450 593 490 sive
623 447 847 515 δημάρχης
888 452 1018 515 partis
1046 449 1164 488 unius
1168 449 1400 514 princeps
1415 449 1506 489 luit.
1564 449 1706 489 Simo-

233 511 344 546 catta
375 505 501 546 1112.ss
536 520 626 560 cap.
658 505 697 546 7.
755 502 852 554 τούς
884 504 1132 576 δημάρχους
1160 499 1181 544 ὅ
1216 502 1486 556 αὕτοκροὲτωρ
1517 504 1708 546 nonane-

231 575 412 613 σαμενος
454 562 515 610 εις
543 561 593 603 τὰ
625 561 846 614 βασι’,λεια
889 560 963 608 οὓς
1004 558 1220 614 διοικητὰς
1261 576 1343 601 των
1379 558 1527 614 δήμων
1555 558 1708 602 εἴωθεν

230 615 276 658 τὸ
308 618 471 672 πλῆθος
499 617 745 659 α’ποκαλεῖν.
813 620 1010 685 tribunos,
1062 633 1154 673 quos
1181 619 1329 673 populi
1356 618 1706 658 administratores

231 675 377 729 vulgus
406 676 621 730 appellare
650 675 810 714 sol1tum
837 685 912 726 est,
950 677 994 715 in
1018 675 1225 731 palatzum
1254 675 1409 714 accivit
1432 676 1535 744 imp.
1566 675 1705 714 Zona-

238 746 304 772 ras
336 730 376 771 in
408 731 563 771 Phoca.
633 725 654 769 ὃ
683 731 839 777 Φωκᾶς
882 727 956 782 τήν
992 734 1173 795 γυναῖκα
1199 730 1413 770 Λεοντιάν
1449 726 1710 796 Αὕγοιὲσταν

233 801 280 826 ει
271 784 370 834 ’θος
403 784 660 841 ἀνηγόρευσε
690 786 772 827 τῶν
801 785 947 840 δήμων
975 783 1211 839 παρόντων.
1268 783 1364 826 τότε
1393 781 1465 827 διοὶ
1495 799 1635 826 τοπων
1663 787 1710 827 ἐν

234 836 296 890 οἷς
323 840 491 884 ἵσταντο
524 841 798 909 ἀμφιβολίας
830 842 1052 895 γενομένης
1090 847 1178 890 τοῖς
1197 840 1475 908 Πρασίνοις,
1519 856 1591 882 και
1619 846 1710 890 τοῖς

234 898 453 950 Βενέτοις,
495 895 742 948 στασιάζειν
770 892 951 964 ἤρξαντο
984 898 1072 938 κατ’
1099 895 1308 964 ἀλλήλων.
1362 899 1540 964 πέμψας
1562 900 1613 939 δὲ
1641 914 1710 940 τι-

230 969 306 1002 νας
346 953 368 996 ὃ
414 955 566 1004 Φωκᾶς
606 951 940 1005 κατασκευάζειν
990 953 1134 1001 αὐτοῖς
1177 951 1252 1008 τὴν
1291 969 1441 995 στασιν
1479 952 1707 1008 ἐπεχείρει.

230 1007 321 1059 ενὸς
350 1005 427 1052 ουν
467 1009 543 1052 τὸν
586 1010 823 1052 σταλέντων
865 1008 936 1051 τὸν
974 1011 1056 1051 τῶν
1082 1012 1320 1077 Πρασίνων
1345 1008 1599 1075 ὑβρίσαντος
1629 1009 1710 1065 δή-

228 1082 428 1134 μαρχον,
466 1066 542 1108 καί
567 1068 712 1109 τοῦτον
744 1066 1001 1121 ωθίσαντος,
1039 1063 1099 1119 μὴ
1133 1064 1368 1119 ἐνεγκόντες
1397 1063 1435 1106 οἱ
1466 1068 1543 1107 τοῦ
1569 1063 1710 1120 δήμου

230 1126 370 1175 τοῦτο,
401 1120 590 1177 ἔκραζον.
648 1124 866 1164 Leontiam
898 1137 1068 1164 uxorem
1084 1124 1307 1177 Augustam
1333 1126 1616 1180 praesentibus
1629 1126 1711 1176 sa-

228 1182 427 1222 ottonibus
453 1182 591 1221 statim
622 1181 882 1223 renuntiavit.
938 1189 1033 1220 tunc
1068 1189 1240 1235 propter
1264 1181 1445 1220 locorum
1473 1176 1710 1235 dignitatem

229 1239 334 1277 inter
363 1237 562 1278 Prasinos
591 1247 629 1278 et
662 1236 835 1277 Venetos
876 1245 970 1277 orta
1009 1238 1262 1277 contentione
1290 1237 1530 1276 tunucltuari
1560 1237 1622 1277 ad
1645 1239 1712 1277 in·-

228 1295 361 1333 vicem
392 1302 626 1350 coeperunt.
699 1293 942 1348 quibusdam
989 1307 1089 1332 vero
1128 1294 1268 1344 missis,
1298 1294 1391 1332 loca
1419 1294 1476 1332 eis
1501 1295 1712 1346 assignare

229 1350 387 1391 Phoc-as
415 1351 654 1392 conabatur.
713 1350 926 1390 missorum
958 1350 1097 1404 itaque
1126 1351 1317 1404 quopiam
1340 1349 1712 1399 Prasinaejactio-

227 1409 289 1446 nis
317 1407 458 1446 ducem
490 1408 683 1447 convitiis
706 1408 934 1462 excipiente
963 1420 1015 1446 ac
1045 1420 1133 1445 eum
1162 1407 1407 1461 impellente,
1419 1407 1632 1456 factionis
1656 1407 1713 1445 il..

229 1464 306 1503 lius
336 1465 421 1502 viri
449 1464 645 1503 iniuriam
675 1477 755 1503 non
774 1462 1030 1503 tolerandam
1062 1462 1161 1512 rati,
1190 1463 1528 1515 vocffierebantur.
1558 1463 1714 1502 factio-

227 1520 288 1558 nis
318 1520 519 1574 cuiusque
547 1520 614 1559 vir
656 1516 856 1573 δημότης,
903 1524 944 1558 et
982 1515 1232 1571 δημοτεύειν
1272 1519 1346 1574 qui
1386 1533 1455 1559 eos
1499 1518 1539 1559 in
1583 1534 1714 1559 unum

233 1576 466 1630 cogebant,
510 1576 752 1617 dicebatur:
785 1574 1067 1629 δημοκρατίαι
1097 1574 1263 1614 'tandem
1311 1576 1431 1615 unius
1464 1576 1505 1614 in
1537 1576 1714 1615 aiteram

231 1639 395 1687 partem
426 1647 591 1686 pugnae
621 1632 815 1673 victoria.
870 1631 1104 1685 Procopius
1150 1632 1200 1671 de
1229 1631 1340 1672 bello
1370 1631 1538 1672 Persico
1570 1632 1640 1671 lib.
1677 1633 1714 1672 1.

228 1690 374 1744 populi
411 1688 539 1740 δῆμοι
587 1691 629 1730 in
670 1689 853 1745 qualibet
887 1689 1055 1727 civitate
1099 1688 1337 1741 iamdudum
1380 1689 1424 1728 in
1454 1688 1646 1729 Prasinos
1675 1698 1715 1730 et

236 1746 410 1784 Venetos
438 1746 569 1785 divisi
612 1755 733 1786 erant
773 1745 979 1798 (fullonia
1010 1745 1167 1800 qut'dem
1198 1746 1386 1796 nomina)
1418 1759 1589 1800 quorum
1618 1759 1716 1799 gra-

232 1804 291 1841 tia
321 1803 430 1841 inter
455 1812 711 1856 spectatores,
742 1810 781 1841 et
800 1803 998 1856 pecunias
1018 1814 1200 1853 erogare,
1229 1809 1266 1839 et
1294 1815 1466 1856 corpora
1490 1802 1593 1840 diris
1621 1817 1718 1840 cru-

235 1859 405 1898 ciatibus
455 1859 635 1912 affligere
649 1889 661 1908 ,
722 1859 892 1911 denique
939 1858 1254 1910 ignominiosam
1315 1865 1501 1913 oppetere
1551 1867 1716 1898 mor-tem

225 1929 315 1955 vnon
348 1915 633 1968 dedignantur.
693 1923 848 1954 certant-
872 1915 979 1953 enim
1003 1927 1092 1953 cum
1113 1915 1307 1968 opposito,
1335 1928 1414 1953 non
1443 1914 1718 1954 animadver-

235 1980 361 2011 tentes
387 1973 498 2010 cuius
539 1973 677 2038 gratia
709 1986 777 2027 pet
779 1970 936 2010 iculum
978 1970 1159 2008 subeant:
1208 1971 1461 2025 nasciturque
1499 1971 1583 2010 illis
1619 1985 1716 2025 erga

229 2029 443 2083 proximos
486 2029 702 2067 inimicitia
743 2026 944 2082 quaedam
990 2026 1104 2065 nulla
1140 2026 1192 2065 de
1220 2040 1370 2079 causa,
1400 2041 1510 2082 quae
1539 2041 1614 2067 nec
1643 2042 1718 2080 ge-

233 2086 350 2133 neri,
380 2099 452 2123 nec
493 2084 778 2124 necessitudini
818 2083 896 2121 ulli
925 2084 1088 2137 parcit:
1130 2082 1246 2136 apud
1283 2084 1353 2122 lios
1387 2084 1715 2135 vincereficerit,

235 2143 273 2179 .ςὶ
303 2154 387 2195 qua
418 2141 629 2195 impietate
673 2140 717 2179 in
754 2140 877 2179 deum
907 2148 1084 2204 utantur,
1124 2140 1160 2177 si
1201 2148 1240 2178 et
1267 2140 1383 2193 leges,
1417 2149 1455 2179 et
1484 2155 1546 2179 res
1570 2139 1718 2194 publi-

231 2212 305 2236 cae
334 2197 549 2238 vtmolentur
609 2211 721 2236 cutus
748 2196 908 2236 sceleris
943 2196 1166 2250 participes
1193 2210 1350 2250 quoque
1373 2198 1586 2245 foeminae
1615 2205 1718 2248 sunt,

235 2268 318 2293 non
342 2254 468 2292 solum
496 2255 601 2309 ipsos
623 2261 825 2307 sequentes
855 2265 980 2315 viros,
999 2252 1072 2291 sed
1092 2266 1180 2291 cum
1197 2266 1253 2291 eis
1281 2254 1319 2291 si
1345 2262 1527 2307 oporteat
1553 2254 1597 2292 in
1628 2267 1720 2291 cet·—

236 2319 372 2349 tamen
403 2308 705 2358 descendentes,
738 2308 924 2364 quamvis
967 2308 1081 2347 allas
1109 2310 1154 2347 in
1195 2311 1398 2349 theatrum
1427 2324 1508 2349 non
1539 2312 1720 2353 ventant.

236 2381 362 2421 super
410 2366 553 2421 quibus
605 2365 711 2405 nihil
752 2379 823 2418 ego
873 2366 972 2403 satis
1020 2365 1151 2405 liabeo
1203 2365 1367 2418 decere,
1408 2367 1490 2405 nisi
1535 2365 1718 2406 morbum

236 2424 339 2462 hunc
371 2437 453 2462 esse
480 2424 611 2463 animi
657 2435 910 2462 communem
928 2450 940 2472 ,
987 2422 1057 2476 qui
1086 2435 1223 2461 omnes
1253 2422 1442 2462 civitates
1472 2437 1522 2462 ac
1543 2422 1718 2478 populos

236 2480 405 2518 invasit.

352 2541 743 2598 978,11,πάκτα
783 2541 1029 2597 στοιχὴσας]
1072 2559 1219 2599 pacem
1250 2545 1333 2585 hoc
1362 2559 1471 2585 anno
1502 2543 1720 2599 depactam

236 2602 526 2668 TheophaneS,
557 2603 781 2643 lornandes
799 2601 848 2642 de
870 2616 984 2655 legn.
1004 2617 1051 2641 ιο
1069 2607 1197 2656 temp.
1228 2616 1337 2643 succ.
1365 2602 1606 2642 seditionis
1597 2615 1718 2652 anno,

239 2660 312 2723 qui
347 2660 565 2715 insequens
599 2666 682 2701 est:
713 2658 977 2699 Marcellinus
1009 2659 1227 2698 Iustiniani
1260 2656 1298 2710 6,
1347 2658 1585 2712 P1ocopius
1614 2658 1716 2698 Per-

238 2716 367 2756 sicum
400 2717 553 2758 bellum
585 2717 701 2758 annis
729 2716 753 2757 7
785 2716 952 2756 durasse
975 2715 1178 2755 affirmat.

240 2830 283 2869 M
352 2774 470 2870 Ιῖιηὶαἱ
495 2771 559 2818 14.
602 2773 774 2830 πέμπτῳ
803 2765 908 2826 οντι]
944 2772 999 2812 ita
1029 2772 1264 2813 chronicon
1293 2770 1645 2822 Alexandrinum,
1679 2773 1712 2811 ei

287 2844 383 2869 arce
417 2846 485 2870 ssli-
