1728 3242
538 175 609 219 tx
648 173 997 217 TREOPHANE.
1409 169 1506 215 235

46 289 226 333 staretur
249 301 274 328 a
303 287 468 330 medico
493 301 569 329 suo
591 289 707 329 Mose
730 287 912 338 nomine,
940 286 1120 328 diacono
1147 285 1508 327 Antiocheam-um

43 344 254 396 ecclesiae,
284 359 409 400 quem
436 344 520 387 iam
557 343 798 385 muneribus
829 343 990 384 fecerat
1018 343 1270 384 acerrimum
1302 343 1511 384 conficere

41 400 322 450 medicamen,
367 401 485 455 quod
529 399 651 441 simul
691 406 736 440 et
778 399 1045 440 narcoticum
1074 399 1189 440 foret
1219 399 1508 447 vehementem

46 458 143 512 qui,
173 456 368 497 videlicet
393 457 518 508 Hise,
548 471 646 498 cum
674 455 1085 510 paruissetAbdelae,
1117 456 1297 508 suscepit
1324 469 1403 509 per
1433 471 1508 494 na·-

46 527 111 553 res
138 513 458 564 confectionem,
487 519 530 553 et
549 512 731 566 repletus
745 512 786 552 in
813 512 1004 552 omnibus
1023 511 1134 551 circa
1155 517 1294 565 caput,
1327 511 1507 551 cunctis-

43 583 127 624 que
152 569 333 609 sensibus
362 584 445 609 una
464 583 560 609 cum
581 568 860 624 hegemonicis
882 567 1198 622 operationibus
1225 566 1505 617 defraudatnS,

38 627 128 667 sine
155 639 260 666 voce
291 639 428 679 porro
456 624 628 665 iacebat.
693 624 905 664 advocatis
949 624 1093 678 itaque
1127 623 1303 663 Abdelas
1332 623 1506 663 ducibus

40 696 89 721 ac
118 680 377 736 primoribus
408 681 541 736 gentis
570 679 703 735 “quid
722 680 865 720 vobis''
888 681 1027 734 inquit
1057 679 1255 719 “videtur
1282 693 1410 732 super
1436 680 1505 718 fu-
1518 681 1635 728 p.673

40 743 141 778 turo
173 751 271 793 rege
298 743 439 778 vestro
450 739 489 778 ?''
557 743 601 777 at
644 737 702 776 illi
745 736 1020 777 concorditer
1046 736 1250 789 abnegato
1281 749 1331 775 eo
1362 735 1506 775 dexte-

41 807 107 833 ras
138 793 348 834 dederunt
391 793 479 834 filio
510 793 597 835 eius
624 792 806 834 Abdelae
849 792 1097 843 Muhamed,
1130 793 1202 846 qui
1237 797 1508 845 nuncupatur

38 849 175 896 Madi;
206 864 342 904 porro
373 849 471 891 Hise
500 850 657 904 absque
685 864 807 890 sensu
836 849 1006 890 domum
1023 854 1366 902 reportaverunt.
1394 847 1507 887 bunc

39 911 178 946 autem
208 912 303 960 post
330 906 503 948 tertium
523 905 633 947 diem
661 906 1022 947 convalescentem
1042 904 1373 944 excusationibus
1403 904 1508 943 fictis

37 961 347 1013 consolabatur,
377 968 547 1003 centum
575 963 669 1003 auri
696 963 861 1004 talentis
889 962 1088 1002 iniuriam
1120 974 1451 1014 recompensans.

147 1039 310 1080 Eodem
339 1040 466 1081 etiam
492 1056 603 1082 anno
638 1041 750 1082 misit
796 1041 1010 1095 Paganus,
1049 1039 1239 1081 dominus
1265 1038 1505 1094 vulgariae,

38 1094 91 1136 nd
119 1095 443 1150 imperatorem,
486 1098 698 1152 postulans
729 1103 777 1138 ut
805 1112 902 1138 cum
931 1111 981 1138 eo
1009 1098 1114 1136 facie
1145 1095 1198 1136 ad
1224 1096 1373 1136 faciem
1405 1096 1503 1134 iun-

37 1158 232 1206 geretur,
267 1158 309 1194 et
347 1159 522 1208 accepto
549 1155 681 1195 verbo
725 1152 936 1195 descendit
965 1153 1018 1193 ad
1048 1167 1142 1193 eum
1172 1167 1269 1192 cum
1293 1151 1504 1192 Bobiladis

34 1209 131 1248 suis.
186 1223 368 1264 cumque
395 1210 631 1264 imperator
671 1225 752 1250 nna
792 1224 888 1250 cnm
917 1210 1072 1250 Sabino
1115 1207 1294 1259 sederet,
1328 1207 1506 1262 suscepit

34 1279 103 1304 eos
133 1271 176 1305 et
203 1266 476 1320 exprobravit
503 1266 863 1307 inordinationem
892 1280 1041 1307 eorum
1070 1270 1112 1305 et
1143 1263 1287 1305 odium
1317 1265 1506 1305 habitum

36 1320 76 1361 in
108 1321 322 1373 Sabinum,
353 1322 628 1378 feceruntqu'e
658 1337 819 1377 pacem,
852 1329 898 1362 ut
930 1322 1171 1377 putabatur.
1229 1327 1291 1361 ast
1320 1321 1508 1376 impera-

35 1383 107 1417 tor
153 1378 320 1419 mittens
360 1379 466 1419 clam
502 1379 544 1418 in
588 1379 832 1433 Vulgariam
881 1378 992 1432 cepit
1033 1379 1233 1418 Severum
1271 1377 1507 1431 principem

33 1434 285 1484 Sclavinum‚
313 1434 387 1489 qui
417 1435 548 1475 multa
580 1436 620 1475 in
648 1437 814 1476 Thrace
847 1436 1005 1475 fecerat
1032 1435 1155 1474 mala.
1183 1433 1506 1488 comprehensus

33 1496 172 1531 autem
198 1496 260 1530 est
289 1496 333 1530 et
363 1491 632 1540 Christianum,
661 1491 735 1547 qni
764 1506 812 1532 ex
828 1491 1072 1531 Christianis
1101 1491 1321 1545 magarites
1354 1497 1396 1530 et
1411 1489 1505 1544 pri-

33 1561 122 1586 mus
162 1561 449 1587 scamarorum
479 1550 513 1598 *)
563 1548 730 1588 effectus
758 1553 842 1599 est,
888 1562 1010 1602 quein
1057 1546 1168 1600 apud
1213 1548 1253 1587 S.
1298 1546 1505 1586 Thomam

33 1603 219 1643 manibus
240 1608 283 1643 et
297 1603 474 1657 pedibus
489 1603 782 1645 detruncantes
804 1603 1067 1644 adduxerunt
1084 1603 1279 1654 medicos,
1300 1603 1373 1658 qui
1392 1602 1504 1642 bunc

30 1659 171 1699 vivum
203 1659 436 1700 inciderent
479 1676 502 1700 a
547 1661 719 1702 thorace
747 1661 861 1715 pube
904 1666 1025 1701 tenus
1054 1659 1106 1699 ad
1136 1659 1312 1699 bominis
1341 1672 1505 1714 cogno-

34 1716 228 1756 scendam
252 1716 503 1770 positionem
520 1722 646 1772 atque
677 1723 949 1767 structuram,
980 1723 1023 1757 et
1038 1716 1097 1756 sic
1115 1731 1211 1757 eum
1239 1715 1505 1756 tradiderunt
1518 1731 1553 1766 p.
1573 1715 1643 1756 674

35 1771 135 1826 igni.
170 1777 358 1812 actutum
387 1780 611 1828 praeterea
644 1774 878 1828 imperator
904 1773 1038 1813 exiens
1069 1773 1119 1812 ab
1142 1773 1264 1824 urbe,
1296 1787 1392 1812 cum
1419 1771 1507 1813 sine

32 1828 223 1869 custodia
242 1829 464 1870 invenisset
489 1830 545 1870 ob
557 1829 846 1885 deceptoriam
874 1844 1023 1884 pacem
1052 1830 1272 1879 clausuras,
1302 1829 1505 1883 ingressus

29 1891 91 1924 est
109 1885 354 1940 vulgariam
374 1900 504 1941 nsque
523 1886 577 1927 ad
593 1888 749 1939 TzicaS,
776 1893 819 1927 et
837 1887 958 1927 misso
980 1886 1074 1940 igne
1102 1886 1144 1925 in
1176 1885 1371 1926 cohortes
1402 1900 1504 1940 quas

30 1941 205 1995 reperit,
231 1956 328 1982 cum
355 1941 512 1983 timore
531 1958 722 1985 reversus
754 1950 827 1998 est,
859 1957 955 1982 cum
982 1942 1085 1982 nihil
1116 1943 1229 1983 forte
1257 1946 1473 1997 patrasset.

140 2020 261 2060 Anno
293 2017 460 2075 imperii
498 2022 559 2063 sni
589 2022 670 2074 25,
706 2022 757 2064 12
786 2021 979 2063 kalendas
1010 2021 1279 2062 Decembrias
1309 2020 1505 2061 indictio-

31 2074 91 2115 nis
119 2082 321 2130 quartae,
351 2078 492 2119 furens
532 2079 682 2134 impius
724 2086 767 2119 et
808 2079 997 2120 scelestus
1038 2078 1272 2133 imperator
1310 2077 1504 2118 adversus

31 2147 174 2173 omnes
206 2133 396 2174 timentes
436 2135 593 2187 deum,
632 2135 890 2190 Stephanum
939 2150 1096 2174 novum
1142 2140 1503 2188 protomartyrem

29 2188 214 2229 abstrahi
242 2190 486 2245 praecepit,
526 2207 622 2232 cum
652 2198 755 2233 esset
796 2191 1000 2232 inclausus
1046 2191 1157 2245 apud
1184 2191 1224 2231 S.
1254 2190 1501 2231 Auxentium

29 2243 70 2283 in
103 2245 297 2298 proximo
338 2253 482 2288 monte
522 2250 750 2304 Damatry3
783 2263 909 2304 quem
938 2247 1011 2302 hi,
1039 2248 1111 2303 qui
1143 2246 1389 2288 eruditionis
1415 2246 1501 2286 eius

28 2301 216 2341 fructum
242 2303 537 2357 percipiebant
565 2311 609 2345 et
648 2305 767 2345 nnius
799 2319 896 2345 cum
926 2318 977 2345 eo
1009 2319 1057 2344 ac
1086 2304 1226 2344 similis
1259 2308 1380 2343 erant
1408 2297 1506 2341 sen-⁸

24 2371 105 2407 sus,
133 2358 332 2399 scholarii
360 2373 531 2415 quoque
561 2375 611 2401 ac
638 2361 807 2416 reliquis
830 2361 1048 2402 ordinibus
1075 2359 1262 2414 deputati
1287 2358 1499 2412 accipien-

28 2419 102 2463 tes,
131 2415 367 2471 pedemque
401 2416 526 2470 ipsius
557 2416 733 2458 rudente
766 2418 950 2472 ligantes,
982 2423 1197 2457 traxerunt
1226 2432 1248 2456 a
1277 2415 1499 2469 praetorio

28 2480 160 2526 usque
187 2469 242 2512 ad
269 2486 317 2514 ea
348 2487 456 2528 quae
482 2480 580 2515 suut
605 2473 776 2530 Pelagii,
806 2474 878 2515 ubi
895 2479 937 2515 ct
964 2474 1242 2528 discerpentes
1269 2485 1364 2511 eum
1392 2485 1502 2526 pro-

76 2630 110 2678 ‘)
135 2633 283 2666 scamari
319 2639 405 2668 sunt
430 2633 660 2680 praedones,
688 2642 726 2670 et
759 2647 915 2669 scamara
941 2633 1190 2681 depraedatio.
1241 2631 1445 2677 Stephanus
1471 2632 1495 2666 2

116 2679 276 2724 epistola
300 2680 347 2714 ad
371 2682 538 2728 Pipinum
579 2684 618 2716 R.
644 2683 702 2717 R:
735 2695 912 2717 scamaras
948 2689 1058 2728 atque
1091 2679 1394 2726 depraedationes
1430 2690 1495 2712 seu

117 2725 385 2763 devastationes
425 2730 464 2764 in
484 2730 693 2765 civitatibus
718 2737 757 2766 et
783 2732 872 2765 locis
907 2732 945 2764 B.
974 2730 1068 2765 Petri
1109 2729 1227 2764 faeere
1251 2738 1316 2762 sua
1338 2727 1494 2774 impera-

113 2774 215 2809 tione
241 2787 310 2811 nec
336 2778 492 2813 cessavit
520 2790 590 2813 nec
613 2784 739 2814 cessat.
789 2780 895 2814 Fun.
