1768 3268
625 217 696 257 Ex
725 215 1024 258 SYNCELLO.
1500 210 1561 254 37

82 348 186 390 quos
200 344 342 374 omnes
358 331 518 372 domini
537 331 670 386 gratia
687 336 729 372 ct
745 331 1033 372 misericordia
1054 331 1210 376 mitrit;
1232 345 1340 385 quae
1354 344 1430 369 nec
1450 333 1566 367 tanta

84 398 126 431 et
155 397 241 431 tam
272 389 314 430 in
332 388 504 430 ecclesia
533 388 760 428 necessaria
790 403 870 442 per
900 387 965 429 dei
994 387 1303 442 providentiam
1325 384 1567 433 multitudo,

89 461 168 487 nec
195 445 307 488 dives
336 452 380 486 et
405 443 622 499 multiplex
653 459 848 486 numerus
867 460 962 485 cum
985 445 1164 485 maximo
1196 451 1238 485 et
1270 441 1567 483 innumerabili

88 502 252 558 populo
281 517 305 543 a
333 508 451 543 tanta
480 501 773 557 desperatione
804 517 852 541 ac
882 502 1022 542 taedio
1053 501 1285 550 convertit,
1316 506 1387 540 aut
1414 499 1466 540 ad
1494 514 1567 539 eo-

85 561 253 601 etesium
281 558 540 600 revocavit.''
617 557 679 598 his
729 557 909 599 inferens
951 565 1047 613 post
1088 558 1167 598 alia
1203 557 1307 598 dicit
1333 556 1424 596 “eia
1456 569 1568 595 nunc

85 623 227 658 cetera
255 628 579 672 prosequamur,
613 615 764 671 quibus
787 616 986 669 operibus
1017 614 1083 655 vel
1110 615 1261 671 quibus
1277 613 1568 654 conversatio-

87 673 209 715 nibus
238 673 332 714 fisus
368 671 661 727 episcopatum
702 671 782 713 sibi
811 672 1101 712 vindicaverit.
1179 686 1230 711 an
1260 672 1374 711 forte
1404 684 1486 724 pro
1518 683 1568 709 eo

84 730 203 787 quod
234 730 288 772 ab
318 729 440 770 initio
471 729 512 769 in
543 727 713 770 ecclesia
731 729 871 770 fuerat
908 734 1189 780 conversatus,
1221 735 1263 769 et
1281 727 1435 767 multos
1465 741 1569 780 ago-

86 802 158 829 nes
187 801 270 843 pro
292 801 340 828 ea
366 785 558 835 subierit,
587 790 631 826 et
659 786 701 826 in
731 785 929 840 periculis
961 786 1100 826 multis
1133 792 1175 827 et
1204 785 1359 839 magnis
1389 790 1572 838 propter

85 844 276 886 divinum
303 843 465 884 cultum
492 842 689 883 affuerit?
722 841 793 884 sed
828 856 913 883 non
955 849 1015 884 est
1043 842 1116 883 ita.
1174 843 1240 882 cui
1272 841 1466 881 videlicet
1497 854 1571 879 oc-

85 901 198 942 casio
227 899 430 942 credendi
469 899 552 941 fuit
580 899 758 940 Satanae
794 899 995 941 adventus
1027 899 1068 939 in
1097 913 1192 939 eum
1222 903 1263 939 et
1294 897 1500 938 habitatio
1530 897 1572 936 in

85 957 160 998 illo
189 963 387 1013 tempore
416 955 551 997 multo
570 986 582 1007 ,
624 962 667 997 ct
704 962 752 997 ut
781 956 1057 997 adiuvaretur
1089 956 1141 996 ab
1172 954 1401 999 exorcistis,
1475 968 1573 994 culn

82 1029 252 1056 saevum
278 1013 522 1055 incurrisset
553 1014 814 1068 languorem,
848 1027 1030 1069 cumque
1061 1012 1172 1053 mori
1206 1012 1498 1053 aestimaretur
1530 1011 1570 1050 iu

83 1073 193 1113 lecto
225 1086 312 1128 quo
342 1070 518 1121 iacebat,
548 1071 739 1124 perfusus
769 1077 829 1111 est
863 1070 1013 1124 gratia,
1042 1070 1075 1110 si
1106 1075 1245 1110 tamen
1269 1069 1410 1110 dicere
1442 1082 1572 1122 opor.
1585 1079 1620 1115 p·
1639 1069 1707 1105 700

84 1134 172 1170 teat
202 1127 440 1170 huiusmodi
475 1125 579 1183 quid
607 1127 769 1182 gratiae
797 1126 1031 1182 suscepisse.
1090 1126 1162 1167 sed
1188 1140 1265 1166 nec
1294 1131 1434 1167 cetera
1464 1140 1571 1165 con-

86 1190 253 1227 secutus
284 1191 370 1235 αἱ,
409 1198 507 1224 cum
548 1184 796 1239 languorem
826 1184 1015 1240 fugeret,
1046 1198 1154 1239 quae
1183 1183 1407 1238 percipere
1441 1182 1571 1222 debe-

84 1242 159 1284 bat
180 1241 411 1283 secundum
431 1240 628 1282 ecclesiae
655 1241 855 1295 regulam.
913 1240 983 1281 sed
1017 1255 1093 1282 nec
1106 1239 1365 1295 signaculum
1395 1239 1447 1278 ab
1479 1238 1571 1293 epi-

81 1313 213 1354 scopo
243 1304 490 1340 consecutus
519 1303 596 1339 est.
656 1311 759 1353 ergo
790 1312 887 1338 cum
907 1297 1012 1338 baec
1042 1297 1219 1351 adeptus
1247 1311 1330 1337 non
1360 1298 1428 1348 sit,
1460 1311 1571 1351 quo..

83 1355 213 1396 modo
244 1369 398 1411 quaeso
428 1354 626 1408 spiritum
653 1361 843 1395 sanctum
874 1354 1050 1409 adeptus
1083 1355 1194 1395 est?”
1252 1359 1295 1394 et
1330 1367 1472 1394 rursus
1504 1352 1568 1391 in-

80 1414 167 1454 fert
193 1412 294 1468 “qui
324 1417 505 1466 propter
533 1411 805 1452 formidinem
836 1417 879 1452 et
900 1412 1112 1465 privatam
1143 1410 1355 1466 quandam
1389 1408 1569 1465 gratiam

85 1475 283 1524 tempore
310 1467 616 1524 persecutionis
645 1467 939 1524 presbyterum
970 1482 1053 1508 esse
1079 1482 1122 1508 se
1147 1467 1392 1522 denegavit:
1425 1473 1570 1521 postu-

81 1527 189 1568 latus
226 1525 339 1567 enim
377 1531 507 1581 atque
543 1531 715 1579 rogatus
762 1539 784 1564 a
816 1524 1062 1565 diaconibus
1101 1530 1149 1565 ut
1191 1524 1322 1564 exiret
1352 1538 1374 1564 e
1407 1522 1568 1573 cellula,

83 1598 167 1640 qua
195 1597 281 1624 sese
311 1587 579 1632 coercuerat,
608 1581 811 1622 fratribus
841 1581 1114 1622 auxiliaturus
1142 1586 1197 1632 et,
1225 1586 1271 1620 ut
1303 1581 1359 1620 sas
1389 1580 1567 1634 presby-

80 1646 177 1681 tero
208 1645 326 1688 esset,
358 1653 442 1694 pro
471 1639 631 1679 viribus
650 1637 985 1693 periclitantibus
1015 1637 1216 1678 fratribus
1245 1643 1287 1678 et
1314 1636 1567 1677 sollicitudi-

81 1697 143 1738 nis
177 1695 459 1752 indigentibus
493 1695 801 1750 opitulaturus‚
832 1694 939 1736 adeo
979 1709 1135 1750 parere
1164 1693 1411 1734 diaconibus
1444 1707 1567 1734 recu-

79 1753 186 1794 savit
213 1758 262 1794 ut
290 1754 417 1796 etiam
444 1752 668 1794 saeviendo
700 1750 948 1793 discederet.
1010 1766 1096 1792 non
1124 1752 1236 1792 enim
1266 1752 1376 1805 ultra
1396 1765 1437 1790 se
1462 1763 1565 1804 pre-

79 1811 299 1866 sbyterum
335 1812 431 1851 sore
474 1824 736 1857 asseverans,
783 1824 880 1849 cum
919 1808 1090 1849 alterius
1135 1812 1239 1849 esset
1273 1806 1566 1862 philosophiae

81 1870 281 1908 amator.”
353 1866 448 1908 dein
477 1873 575 1921 post
606 1866 836 1921 pauxillum
872 1865 1081 1906 subinfert
1112 1865 1304 1906 “deserta
1337 1864 1448 1905 enim
1480 1862 1564 1903 cla-

80 1939 151 1965 rus
185 1925 262 1966 iste
288 1923 460 1966 ecclesia
489 1922 584 1972 dei,
634 1923 676 1963 in
710 1938 792 1979 qua
822 1921 997 1963 credens
1038 1921 1194 1962 meruit
1223 1921 1564 1977 presbyteratum

78 1996 159 2036 per
186 1980 366 2037 gratiam
395 1980 605 2035 episcopi,
635 1980 708 2035 qui
738 1978 792 2020 ad
819 1986 979 2020 sortem
1010 1979 1324 2034 presbyteratus
1355 1978 1392 2018 ci
1425 1978 1564 2031 impo-

78 2039 178 2089 suit,
204 2037 445 2093 prohibitus
472 2042 535 2078 est
573 2037 625 2077 ab
657 2036 773 2076 omni
802 2035 931 2087 clero,
959 2035 1030 2076 sed
1062 2041 1104 2076 et
1132 2034 1243 2075 laicis
1287 2035 1428 2074 multis
1461 2048 1564 2073 asse-

82 2095 272 2137 rentibus
302 2109 387 2135 non
418 2108 503 2135 esse
533 2093 695 2134 licitum
716 2093 916 2134 clericum
938 2092 1029 2133 lieri
1060 2107 1156 2133 eum
1188 2105 1309 2132 causa
1340 2091 1566 2131 infirmita-

79 2153 144 2204 tis,
173 2151 247 2207 qui
277 2151 318 2191 in
352 2151 460 2192 lecto
488 2150 649 2206 positus
677 2150 857 2205 gratiam
887 2150 941 2189 sit
975 2148 1162 2203 adeptus.
1220 2163 1369 2189 verum
1399 2147 1564 2202 episco-

79 2224 181 2264 pum
210 2213 524 2263 poposcerunt,
558 2212 606 2247 ut
633 2207 715 2247 hoc
742 2206 821 2247 sibi
852 2205 903 2247 de
937 2205 1016 2246 isto
1045 2205 1134 2246 solo
1155 2204 1446 2246 concederet.’'
1503 2202 1566 2241 bis

81 2265 200 2307 addit
231 2264 450 2306 Cornelius
486 2264 773 2317 pravissimam
817 2263 969 2303 Novati
1016 2262 1320 2317 impudentiam
1366 2274 1565 2300 asserens.

81 2322 263 2363 “faciens
296 2321 408 2362 enim
440 2321 687 2370 oblationes,
714 2327 756 2361 et
786 2319 1033 2373 dispertiens
1065 2318 1295 2374 unicuique
1323 2318 1566 2372 portionem
1599 2320 1601 2324 “

81 2386 123 2420 et
141 2378 324 2430 tradens,
355 2377 439 2417 hoc
457 2377 599 2418 iurare
614 2391 696 2432 pro
715 2376 1010 2418 benedictione
1026 2375 1199 2417 miseros
1217 2375 1408 2416 homines
1438 2372 1566 2427 cogit,
1581 2386 1618 2421 p.
1639 2376 1705 2412 701

79 2442 222 2476 tenens
252 2442 436 2489 utraque
478 2449 603 2474 manu
631 2448 803 2474 manum
832 2432 1097 2487 accipientis,
1143 2439 1186 2474 et
1226 2447 1311 2472 non
1354 2430 1567 2470 dimittens

80 2493 217 2533 donec
260 2491 403 2532 iurans
441 2489 526 2530 hoc
567 2490 679 2530 dicat
716 2490 842 2540 (illius
884 2490 995 2530 enim
1027 2489 1290 2530 sermonibus
1334 2491 1443 2534 utar)
1476 2488 1567 2526 iura

79 2551 179 2590 mihi
198 2564 279 2604 per·
302 2563 444 2604 cot-pus
471 2557 511 2588 et
546 2547 776 2600 sangtu‘nem
822 2546 981 2587 domini
1009 2547 1138 2586 nostri
1162 2546 1255 2585 Iesu
1290 2545 1440 2583 Christi
1460 2542 1573 2598 quod

83 2620 285 2662 nunquam
311 2620 374 2644 me
403 2603 625 2659 aliquando
669 2603 924 2659 derelinquas
963 2602 1033 2642 vel
1058 2603 1119 2642 ad
1145 2603 1374 2642 Cornelium
1400 2600 1568 2648 redeas,-

81 2670 124 2702 ct
157 2662 356 2702 inlaustus
387 2660 517 2701 bomo
545 2675 631 2700 non
663 2659 780 2715 prius
811 2663 948 2714 gustat
978 2674 1104 2713 quam
1129 2658 1206 2697 sibi
1236 2662 1358 2697 antea
1391 2656 1568 2696 maledi..

84 2726 164 2773 cat,
194 2724 237 2760 et
267 2733 349 2772 pro
381 2732 431 2759 eo
475 2722 523 2757 ut
558 2715 671 2757 dicat
714 2722 891 2771 accepto
936 2730 1045 2769 pane
1078 2714 1148 2754 illo
1181 2716 1212 2764 *)
1241 2728 1376 2765 amen,
1407 2714 1570 2753 ulterius

177 2798 209 2838 ')
235 2807 267 2829 v.
292 2795 565 2829 observationes
595 2795 672 2828 Nic.
702 2795 851 2838 Rigaltii
880 2794 925 2827 ad
959 2792 1179 2827 'sei-tullian.
1206 2791 1252 2824 de
1281 2791 1506 2838 Spectaculis
1532 2791 1570 2823 in

181 2845 255 2879 fine
282 2848 319 2879 et
348 2843 512 2879 Menard.
542 2844 582 2878 in
605 2842 688 2877 libr.
716 2843 874 2878 Sacram.
900 2843 935 2877 S.
952 2842 1099 2886 Gregor.
1131 2852 1167 2886 p.
1194 2838 1266 2874 389
1292 2840 1424 2875 e1391.
1454 2839 1568 2873 Fun..
