1768 3268
263 218 354 265 176
472 219 750 262 ANASTASII
793 217 1052 260 HISTORIA
1095 212 1510 257 ECCLESIASTICA

258 335 470 390 suspendit
500 350 593 376 eum
623 334 664 374 in
700 333 827 389 ligno.
884 331 1178 372 Constantinus
1209 336 1347 369 autem
1376 326 1521 368 audito
1539 325 1729 367 Phadai*

258 394 316 432 ‹lis
348 393 529 432 adventu
562 392 602 431 in
629 391 797 430 Saboris
828 389 1023 429 auxilium
1057 386 1339 439 Nicephorum
1380 383 1559 425 destinat
1585 384 1719 437 patri-

257 450 365 488 cium
405 462 499 487 cum
536 448 722 487 Romana
769 446 921 485 virtute
963 443 1174 485 resistendi
1207 440 1399 481 Saborio.
1437 448 1550 484 verat
1579 446 1719 480 autem

255 505 392 544 Sabor
419 503 718 557 Hadrianopoli
742 503 904 556 degens,
938 506 980 542 et
1007 515 1101 540 cum
1117 498 1398 551 Nicephorum
1421 496 1472 537 ad
1503 511 1546 537 se
1572 497 1719 536 venire

255 561 533 616 comperisset,
562 555 780 600 exercebat
807 563 935 597 semet
976 557 1024 596 ad
1056 555 1276 610 praelium.
1336 567 1483 594 verum
1513 553 1580 593 die
1610 568 1718 607 qua..

255 618 350 657 dam
371 617 556 671 contigit
601 616 711 656 hunc
753 614 976 654 secundum
1008 609 1348 652 consuetudinem
1387 623 1504 650 suam
1535 609 1588 650 de
1617 609 1719 648 civi-

253 679 339 714 tate
366 687 491 727 super
529 687 683 726 equum
724 671 932 710 sedentem
963 669 1085 708 exire.
1155 680 1334 720 cumque
1361 671 1513 719 portae
1542 665 1720 706 civitatis

253 730 640 784 appropinquasset,
669 741 821 782 equum
856 725 1017 779 flagello
1057 723 1285 777 percussit3
1318 722 1390 777 qui
1419 722 1625 762 iactanter
1652 736 1720 762 sa·-

254 786 354 826 liens
384 792 425 826 et
453 786 536 825 eius
566 791 693 839 caput
724 784 763 823 in
789 787 954 837 portam
983 779 1148 819 allidens
1179 779 1291 818 hunc
1320 779 1426 818 male
1458 779 1541 818 vita
1570 778 1719 833 priva.-

254 842 328 892 vit,
357 847 398 882 et
423 842 479 880 sic
509 841 605 881 deus
636 839 879 894 imperatori
909 836 1130 877 victoriam
1159 835 1349 876 contulit.
1408 834 1609 874 Phadalas
1643 850 1718 874 au-

255 904 340 938 tem
369 898 534 937 veniens
562 898 602 936 in
625 895 836 950 Exapolim
866 901 905 934 et
936 894 1036 933 haec
1073 892 1209 932 omnia
1242 891 1399 931 discens
1428 891 1619 932 turbatus
1647 896 1720 942 est,

255 960 298 994 et
326 953 434 993 misit
464 954 513 993 ad
534 953 740 993 Mauhiam
767 950 974 1005 postulans
1008 949 1281 999 adiutorium,
1310 962 1360 987 eo
1391 948 1507 1002 quod
1539 948 1718 988 Romani

254 1010 306 1050 ad
339 1010 605 1050 concordiam
630 1008 924 1048 convenissent.
982 1005 1112 1045 mittit
1142 1010 1281 1044 autem
1312 1004 1350 1044 ei
1370 1004 1556 1045 Mauhias
1587 1004 1718 1043 filium

253 1081 370 1106 suum
404 1065 535 1115 Hirid,
568 1078 728 1104 armans
749 1079 842 1103 eum
871 1078 964 1102 cum
985 1062 1252 1102 multitudine
1281 1062 1583 1102 Romanorum.
1616 1075 1718 1100 con-

125 1127 238 1173 p-537
253 1129 456 1163 venerunt
488 1129 623 1161 autem
656 1121 825 1174 utrique
847 1119 957 1173 apud
988 1117 1317 1168 Chalcedonem,
1348 1122 1391 1157 et
1417 1116 1604 1171 captivos
1635 1116 1717 1156 du-

251 1184 400 1219 xerunt
441 1178 616 1217 multos:
667 1182 869 1230 ceperunt
909 1180 1047 1215 autem
1087 1180 1128 1215 et
1165 1175 1384 1214 Amorium
1424 1173 1643 1229 Phrygiae,
1674 1179 1716 1212 et

252 1235 434 1290 quinque
461 1234 620 1273 milibus
653 1239 914 1272 armatorum
957 1231 1149 1271 virorum
1191 1230 1360 1270 dimissis
1401 1230 1441 1269 in
1483 1229 1716 1270 custodiam

250 1291 334 1331 eius
378 1291 639 1330 diverterunt
681 1289 722 1328 in
765 1288 944 1343 Syriam.
1019 1302 1113 1327 cum
1143 1294 1283 1327 autem
1313 1286 1442 1327 hiems
1473 1287 1714 1337 accessisset,

248 1347 376 1387 mittit
402 1347 631 1400 imperator
658 1344 833 1386 eundem
853 1343 1060 1385 Andream
1080 1343 1384 1384 cubicularium
1405 1361 1413 1391 ;
1451 1349 1491 1383 et
1517 1358 1611 1383 cum
1646 1343 1714 1383 nix

249 1410 348 1444 esset
374 1403 516 1453 multa,
546 1408 674 1442 noctu
691 1401 818 1451 venit,
852 1407 894 1441 et
924 1415 1003 1455 per
1031 1400 1190 1456 lignum
1215 1399 1440 1440 ascendunt
1467 1399 1507 1438 in
1529 1414 1710 1449 murum,

247 1467 289 1500 et
318 1459 610 1514 ingrediuntur
653 1458 891 1508 Amorium,
933 1464 975 1498 et
1003 1471 1144 1498 omnes
1174 1457 1435 1497 interficiunt
1458 1456 1626 1508 Arabes,
1657 1457 1716 1496 ita

247 1523 296 1557 ut
322 1531 367 1556 ex
396 1516 578 1570 quinque
607 1514 768 1554 milibus
800 1513 885 1554 illic
913 1513 1045 1554 nullus
1076 1514 1237 1568 penitus
1270 1520 1518 1554 remaneret.

355 1586 498 1628 Mundi
529 1601 637 1626 anno
658 1584 784 1638 6160,
817 1586 981 1627 divinae
1011 1587 1307 1627 incarnationis
1335 1601 1444 1626 anno
1474 1583 1571 1636 660,
1602 1598 1712 1624 anno

245 1658 345 1685 vero
385 1644 549 1697 imperii
594 1644 655 1683 sui
698 1643 777 1694 27,
807 1644 1006 1684 Constans
1044 1644 1200 1683 occisus
1247 1649 1307 1683 est
1351 1642 1449 1682 dolo
1491 1643 1533 1681 in
1576 1641 1715 1682 Sicilia

246 1701 356 1754 apud
386 1700 628 1755 Syracusam
667 1700 708 1740 in
739 1700 908 1750 balneo,
939 1699 1005 1739 cui
1040 1714 1191 1740 nomen
1222 1706 1313 1739 erat
1341 1698 1543 1753 Daphne:
1573 1699 1711 1738 fuerat

247 1763 386 1796 autem
430 1771 548 1796 causa
575 1755 690 1796 haec.
763 1764 858 1810 post
894 1756 1263 1811 interemptionem
1302 1755 1530 1796 Theodosii
1568 1755 1709 1794 fratris

246 1813 369 1867 ipsius
401 1812 498 1852 odio
526 1812 687 1852 habitus
718 1819 776 1853 est
804 1828 826 1852 a
854 1808 1090 1868 Byzantiis,⁴
1117 1819 1158 1853 et
1188 1812 1362 1853 maxime
1391 1813 1486 1867 quia
1521 1817 1562 1852 et
1592 1813 1710 1851 Mar-

245 1871 378 1909 tinum
417 1869 709 1908 sanctissimum
749 1883 901 1923 papam
929 1871 1164 1909 Romanum
1206 1869 1478 1925 ignominiose
1511 1869 1712 1908 Constan-

246 1925 468 1978 tinopolim
500 1925 614 1965 duxit
663 1931 704 1965 et
733 1926 852 1965 exilio
894 1927 1096 1980 relegavit
1123 1941 1248 1980 penes
1278 1925 1498 1966 Chersonis
1531 1924 1709 1974 climata,

247 1988 288 2022 et
331 1981 497 2021 Maximi
536 1981 816 2035 sapientissimi
862 1988 904 2023 et
943 1983 1189 2024 confessoris
1229 1983 1412 2038 linguam
1458 1996 1712 2035 manumque

248 2038 484 2086 truncavit,
529 2044 568 2077 et
607 2038 755 2077 multos
791 2038 1127 2080 orthodoxorum
1167 2040 1411 2081 verberibus
1442 2044 1484 2078 et
1513 2038 1638 2078 exiliis
1670 2044 1711 2077 ct

246 2093 637 2147 proscriptionibuS,
666 2109 714 2134 eo
748 2095 861 2150 quod
889 2096 1047 2136 haeresi
1090 2111 1185 2136 suae
1218 2095 1448 2136 nullatenus
1478 2095 1714 2150 acquiesce-

113 2175 147 2209 p.
166 2161 235 2197 538
251 2156 356 2202 rent,
387 2149 695 2199 condemnavit3
723 2153 820 2206 quin
845 2157 885 2192 et
913 2151 1014 2192 duos
1032 2153 1276 2206 Anastasios,
1306 2153 1377 2208 qui
1398 2147 1587 2206 discipuli
1617 2152 1710 2189 fue-

248 2212 344 2246 rant
372 2206 534 2245 Maximi
566 2207 803 2247 confessoris
835 2215 876 2248 et
905 2210 1114 2265 martyris,
1144 2210 1363 2249 tormentis
1393 2215 1434 2249 et
1466 2208 1592 2249 exiliis
1621 2214 1709 2246 tra-

248 2262 367 2306 didit,
435 2268 614 2317 propter
652 2263 746 2303 talia
784 2279 883 2319 ergo
910 2279 1050 2305 exosus
1093 2266 1250 2305 cunctis
1281 2267 1448 2306 effectus
1484 2271 1555 2305 est.
1615 2278 1711 2302 cum

248 2324 386 2358 autem
426 2318 543 2358 valde
581 2325 806 2371 metueret,
841 2321 973 2361 voluit
1017 2322 1241 2377 imperium
1281 2322 1323 2361 in
1356 2322 1502 2362 urbem
1532 2322 1710 2360 Romam

247 2376 487 2426 transferre,
517 2375 626 2416 unde
651 2382 692 2416 et
711 2377 1016 2431 imperatricem
1047 2386 1216 2434 tresque
1247 2379 1351 2418 filios
1383 2391 1476 2418 suos
1506 2377 1654 2418 tollere
1688 2391 1710 2415 a

248 2431 443 2485 Byzantio
473 2431 619 2484 voluit,
651 2432 726 2472 nisi
755 2434 936 2474 Andreas
969 2435 1247 2475 cubicularius
1277 2441 1318 2476 et
1347 2434 1594 2474 Theodorus
1625 2434 1709 2473 Co-

248 2487 382 2527 loniae
422 2488 538 2527 huius
578 2489 886 2542 prohibuissent
935 2492 1165 2532 consilium.
1235 2507 1330 2532 sane
1370 2492 1411 2531 in
1441 2490 1578 2531 Sicilia
1611 2490 1709 2529 fecit

247 2557 372 2607 annos
395 2559 474 2583 sex.
533 2558 627 2583 cum
657 2553 794 2586 autem
815 2548 1077 2601 praedictum
1110 2549 1302 2588 balneum
1322 2549 1525 2603 ingressus
1555 2546 1709 2596 fuisset,

247 2600 434 2662 introivit
478 2615 573 2639 cum
601 2615 649 2641 eo
679 2603 845 2656 quidam
876 2604 1057 2643 Andreas
1093 2605 1196 2644 lilius
1236 2605 1390 2656 Troili,
1422 2603 1708 2644 obsecundans

247 2654 330 2702 1l113
360 2661 399 2694 et
429 2670 522 2696 cum
553 2658 752 2712 coepisset
778 2674 932 2714 sapone
955 2660 1113 2700 Gallico
1144 2662 1181 2713 *)
1215 2661 1397 2713 deliniri,
1429 2674 1589 2701 sumens
1622 2662 1709 2698 An-

293 2777 326 2824 1ἰ)
354 2778 495 2832 saponis
522 2778 666 2820 Gallici,
694 2791 764 2826 quo
793 2780 988 2815 utebantur
1014 2782 1052 2816 in
1075 2781 1227 2824 balneis,
1252 2783 1414 2817 meminit
1437 2781 1707 2818 Theomnestus

342 2824 516 2870 Hippian.
545 2828 561 2858 1
587 2827 643 2861 20.
692 2829 796 2861 nnn.
