1728 3184
458 159 643 203 NOTAE
679 160 1060 210 Posumonns.
1377 163 1473 210 655

14 329 48 371 P
126 270 234 368 7251,
281 272 345 315 17.
413 275 604 323 πεισθείς
647 279 739 325 ταῖς
779 283 1010 333 unrocum-4.
1065 279 1200 340 ἡμέρᾳ
1237 278 1474 335 σαββάτου]

50 343 74 369 e
105 343 140 370 r.
170 342 194 368 e
213 342 251 368 c.

73 341 233 438 y¹726,
272 382 340 425 10.
408 386 486 426 τοῦ
538 389 685 427 πεῖσαι
727 385 912 440 αὐτούς]
950 389 1018 430 bic
1057 392 1179 446 plane
1223 400 1323 448 apta
1366 408 1474 442 vox,

11 434 195 494 πιάσαι,
239 454 365 495 quam
406 455 448 496 p.
486 441 569 483 393
607 442 753 484 suffixi.
829 459 913 484 non
954 447 1061 486 enim
1110 449 1189 489 iam
1233 464 1335 490 unns
1374 451 1478 490 mit-

14 497 147 547 titur,
182 497 257 552 qui
297 498 551 539 auctoritate
593 498 764 540 suadeat
802 500 863 541 uti
901 503 1112 555 superius,
1139 504 1208 545 sed
1239 505 1323 546 duo
1351 505 1476 547 duces

14 567 112 602 cum
151 552 323 608 reliquis
365 554 639 606 cohortibus,
681 556 752 611 qui
791 558 1131 599 Armeniacorum
1169 567 1324 602 turmas
1366 567 1477 602 totas

13 607 126 651 bello
153 608 341 664 capiant,
373 609 678 666 edomentque:
723 612 796 652 etsi
826 627 940 653 secus
986 614 1167 666 accidit3
1199 618 1421 674 missosque
1448 618 1477 659 ii

19 666 145 706 duces
171 664 248 706 τοῦ
272 663 427 708 πιάσαι
454 675 498 707 uc
525 682 564 707 se
594 678 810 724 caperent,
843 667 1046 722 ἐπίασαν,
1076 671 1118 710 ἰη
1138 682 1370 727 potestatem
1401 689 1478 715 ac-

19 736 68 764 ce
116 731 224 763 mnt-

61 736 223 829 pe727,
253 775 296 818 3.
353 775 587 830 εἰσήγαγεν.
617 775 664 819 τὸ
693 775 876 830 κάστρον
905 778 1065 833 αὑτῶν]
1090 781 1232 823 civitas
1262 785 1479 825 Armenio·

15 849 112 876 rum
139 849 188 876 ex
230 848 314 890 qua
343 833 385 874 hi
419 833 526 875 1000
572 835 699 876 vincti
743 835 783 874 in
820 837 967 877 urbem
1010 837 1196 891 inducti,
1228 854 1276 879 ac
1302 841 1479 881 vultibus

16 891 228 947 inscriptis
254 889 378 932 exilio
423 892 626 946 relegati,
657 892 790 946 ipsum
830 892 1081 934 Camachum
1109 894 1174 945 sit,
1202 895 1316 950 quod
1345 897 1481 936 statim

17 947 229 990 Arabibus
272 945 492 1002 proditum
521 947 747 998 scribitur,
787 949 837 987 ab
880 949 927 988 iis
954 949 1062 1004 ipsis,
1096 951 1167 1005 qui
1196 952 1365 1005 gentiles
1388 967 1481 992 suos

15 1003 292 1045 Constantino
322 1002 624 1057 prodiderant,
661 1019 736 1045 nec
778 1005 829 1045 ab
861 1020 909 1046 eo
941 1012 1196 1062 expectatam
1227 1008 1289 1048 rei
1318 1023 1483 1050 merce-

17 1061 116 1103 dem
145 1064 413 1114 acceperant.

127 1127 236 1168 Ibid.
270 1122 334 1167 14.
392 1122 581 1181 ὕποβολῇ
614 1127 686 1180 τῆς
734 1127 871 1168 σιτ-’τοῦ
907 1126 1077 1182 μητρός]
1118 1128 1271 1171 durum
1303 1130 1411 1171 istud
1442 1132 1481 1172 in

15 1185 183 1226 Irenem
207 1183 268 1225 sic
296 1182 384 1223 aliis
416 1183 714 1236 praedicatam.
771 1183 958 1226 habuisse
986 1186 1301 1226 Constantinum
1332 1188 1478 1228 coniu-

16 1255 111 1307 gem
129 1239 335 1281 Mal-inam
362 1239 560 1279 castitatis
594 1247 835 1294 suspectam,
864 1256 994 1296 exque
1020 1257 1066 1282 ea
1084 1244 1316 1296 suspicione
1340 1249 1484 1284 ortum

18 1313 62 1339 nn
90 1311 181 1338 eam
211 1296 319 1338 illius
351 1294 518 1346 odium,
544 1297 666 1336 Cedr.
711 1297 853 1341 refert.
926 1298 1068 1339 favisse
1110 1301 1270 1339 irenem
1299 1300 1481 1350 Platoni,

17 1369 66 1395 ac
93 1352 306 1408 discipulis
335 1352 557 1392 occasione
585 1352 690 1392 illius
720 1352 908 1405 divortii,
938 1368 986 1394 ac
1015 1355 1257 1409 nuptiarum
1287 1370 1394 1410 quae
1420 1370 1484 1396 se·

15 1415 140 1451 cutae
164 1415 263 1450 sunt
290 1407 382 1450 dire
411 1409 579 1460 vexatis,
611 1410 768 1449 fatetur
798 1425 839 1464 p.
868 1425 952 1465 seq.
979 1410 1065 1464 ipse
1085 1410 1381 1465 Theophanen
1411 1412 1484 1466 qui

15 1480 120 1522 ergo
149 1465 236 1521 ipsa
263 1464 434 1506 illorum
463 1465 542 1504 fuit
572 1465 762 1506 auctrix?
830 1481 913 1507 nou
944 1482 1010 1507 me
1048 1467 1148 1508 latet
1174 1482 1323 1523 parere
1350 1467 1483 1508 aulam

17 1538 103 1565 non
132 1537 232 1563 raro
263 1521 362 1562 talia
397 1521 666 1562 simulationis
708 1529 915 1574 monstra,
959 1523 1109 1578 agique
1135 1523 1178 1564 in
1208 1539 1252 1564 ea
1285 1524 1482 1579 pleraque

15 1593 103 1620 non
130 1579 215 1620 alio
243 1591 387 1633 scope,
418 1593 542 1632 quam
574 1584 622 1618 ut
652 1579 764 1632 plebi
794 1579 1046 1632 imponatur,
1077 1594 1208 1635 eaque
1238 1579 1476 1620 addicatur:

15 1635 157 1676 malim
187 1640 326 1676 tamen
374 1648 470 1674 cum
511 1634 741 1676 Theodoro
780 1635 931 1677 studita
964 1641 1095 1676 to'tam
1126 1637 1383 1691 tragoediam
1415 1650 1480 1676 re·

14 1693 131 1733 ferre
167 1692 208 1732 in
241 1690 502 1732 Constantini
554 1691 679 1745 ipsius
726 1692 839 1746 regia
888 1698 1094 1747 potestate
1137 1692 1178 1732 in
1207 1693 1484 1733 adolescentia

14 1748 225 1790 abutentis
241 1747 474 1794 luxuriam;
505 1747 581 1788 nisi
600 1748 723 1787 etiam
741 1750 921 1788 reseram
950 1750 990 1788 in
1011 1750 1149 1790 trenes
1178 1749 1486 1804 imprudentem

15 1804 289 1860 diligentiam,
303 1817 387 1858 qua
404 1803 586 1844 inuitum
609 1803 964 1858 iuvenem,spreta
988 1804 1176 1860 Erythro
1194 1806 1336 1846 Caroli
1352 1806 1485 1845 Fran-

16 1874 169 1902 corum
196 1860 304 1914 regis
334 1859 417 1900 filia
451 1860 488 1900 ei
517 1860 799 1915 praedilecta,
832 1861 1015 1917 olimque
1044 1861 1314 1916 desponsata,
1344 1860 1396 1901 ad
1422 1875 1486 1901 eas

15 1917 181 1972 nuptias
209 1915 425 1970 coegerim
455 1931 508 1957 ue
538 1917 651 1958 forte
683 1918 770 1972 ipso
799 1917 894 1958 satis
914 1919 954 1958 in
980 1931 1046 1959 eas
1062 1918 1349 1959 consentiente
1374 1917 1487 1957 Con-

16 1972 231 2023 stantino,
260 1985 311 2012 ac
336 1978 542 2027 quantum
584 1988 746 2015 neccsse
775 1980 867 2014 erat
907 1979 955 2013 ut
982 1981 1117 2015 essent
1145 1980 1274 2018 ratae.
1332 1973 1486 2013 habent

16 2045 104 2071 nou
132 2043 233 2070 raro
262 2042 347 2069 nou
375 2027 512 2069 bonos
540 2029 672 2070 exitus
703 2030 858 2071 isthaec
896 2030 1119 2086 coniugia3
1150 2045 1198 2071 ac
1226 2030 1267 2070 vi
1294 2029 1484 2084 probata,

15 2086 103 2140 ipsa
140 2084 270 2126 facilis
287 2084 458 2125 ecclesia
486 2085 674 2141 indulget
713 2086 908 2127 divortia.
963 2101 1110 2128 verum
1139 2092 1319 2141 praestet
1351 2086 1484 2140 ipsum

13 2141 290 2184 Theodorum
318 2140 466 2181 audire
485 2172 496 2189 ‚
542 2143 615 2198 qui
658 2143 910 2198 praecipuus
937 2157 985 2184 ex
1015 2144 1259 2197 nepotibus,
1284 2156 1331 2182 ac
1361 2141 1484 2181 disci..

15 2200 125 2254 pulis
154 2197 342 2238 Platonis
371 2197 452 2237 fuit
471 2228 482 2248 ‚
525 2212 629 2252 quos
672 2206 826 2240 auctor
851 2213 935 2254 seq.
964 2214 1008 2253 p.
1039 2199 1124 2240 eius
1150 2198 1212 2239 rei
1242 2212 1361 2238 causa
1390 2211 1483 2237 cac·

15 2270 99 2304 sos,
128 2253 465 2295 Thessalonicam
498 2255 703 2310 relegatos
752 2255 899 2297 tradit.
930 2256 981 2295 ab
1011 2256 1081 2296 illo
1114 2269 1212 2310 ergo
1239 2253 1482 2309 auspicatus,

14 2327 96 2352 vae
132 2311 310 2360 civitati,
360 2311 471 2348 οιιὶιιε
517 2324 597 2350 rex
625 2312 764 2352 ιἰιηίσι·
791 2322 870 2362 est,
920 2312 978 2368 sjc
1018 2310 1299 2366 prosequitur.
1356 2309 1484 2349 Κων-

16 2371 236 2414 σταντῖνος
265 2367 337 2418 τῆς
382 2360 564 2420 Εἰρήνης
609 2364 851 2420 ῥάδαμνος,
896 2369 945 2407 οὑ
978 2366 1002 2420 ἡ
1035 2366 1170 2414 πίστις
1196 2365 1276 2417 μὲν
1304 2362 1405 2417 ὀρτὴ
1437 2364 1484 2405 ἐκ

16 2424 226 2477 μητρικῆς
260 2420 480 2472 εὐσεβείας
521 2423 863 2477 έσφραγισμὲιή·
934 2420 956 2463 ὅ
999 2424 1089 2474 βίος
1131 2421 1177 2462 δὲ
1215 2417 1403 2472 σκαμβὸς
1439 2421 1485 2470 ἔξ

18 2478 380 2534 αὕτοκραῐορικῆς
405 2474 637 2526 α’κολασιάς
658 2477 1093 2532 ἑξοισῐρηλατήμενος.
1148 2472 1244 2526 ἄρτι
1272 2473 1352 2528 yde
1383 2490 1485 2528 κρα-

17 2531 149 2590 τήσας
176 2534 223 2575 ἐν
251 2531 458 2588 νεαζούσῃ
487 2529 639 2590 ἡλικίᾳ,
669 2530 783 2584 ὁμοῦ
807 2536 888 2586 μὲν
913 2536 986 2588 τῆς
1013 2533 1214 2586 μητρυιῆς
1241 2531 1387 2578 αἰδοῦς
1412 2531 1487 2572 καί

19 2590 214 2646 φυλακῆς
241 2585 499 2646 ἇφηνιάσας,
524 2587 637 2642 ὁμοῦ
666 2589 715 2630 δὲ
738 2590 823 2631 ταῖν
867 2592 947 2633 τοῦ
970 2590 1074 2630 θεοῦ
1099 2585 1238 2639 νόμων
1265 2586 1485 2640 ὑπερφρο-

18 2643 163 2701 νήσας,
191 2644 384 2698 ἐκβαλών
400 2641 479 2696 τήν
496 2647 685 2697 νομίμως
715 2647 834 2702 αύτῷ
863 2647 1153 2700 συναφθεῖσαν
1179 2647 1374 2695 γυναῖκα,
1389 2657 1484 2693 μοι·

17 2699 143 2756 >jezia
170 2701 279 2743 κατὰ
307 2699 382 2743 τὸν
405 2699 618 2756 “Ηρώδην.
677 2699 786 2744 ἆλλὰ
817 2704 927 2749 τίνος
955 2700 1091 2741 ἕνεκεν
1121 2697 1145 2752 ἦ
1177 2700 1358 2751 ἱστορία.
1418 2694 1486 2738 ὅτι

21 2759 100 2799 τοῦ
128 2756 376 2814 προδρόμου
416 2753 621 2813 ὃμόζηλος
665 2756 685 2798 ὅ
727 2758 927 2813 ἡμέτερος
968 2752 1204 2811 καθηγητὴς
1242 2755 1487 2810 πεφανέρω-
