<?xml version="1.0" encoding="UTF-8"?>
<!DOCTYPE html PUBLIC "-//W3C//DTD XHTML 1.0 Transitional//EN"
    "http://www.w3.org/TR/xhtml1/DTD/xhtml1-transitional.dtd">
<html xmlns="http://www.w3.org/1999/xhtml" xml:lang="en" lang="en">
 <head>
  <title>
</title>
<meta http-equiv="Content-Type" content="text/html;charset=utf-8" />
  <meta name='ocr-system' content='tesseract 3.04.00' />
  <meta name='ocr-capabilities' content='ocr_page ocr_carea ocr_par ocr_line ocrx_word'/>
</head>
<body>
  <div class='ocr_page' id='page_1' title='image "./corpusscriptorum47niebuoft_0036.png"; bbox 0 0 1768 3268; ppageno 0'>
   <div class='ocr_carea' id='block_1_1' title="bbox 243 171 1515 226">
    <p class='ocr_par' dir='ltr' id='par_1_1' title="bbox 243 171 1515 226">
     <span class='ocr_line' id='line_1_1' title="bbox 243 171 1515 226; baseline -0.005 0"><span class='ocrx_word' id='word_1_1' title='bbox 243 179 308 226; x_wconf 78' lang='lat'>26</span> <span class='ocrx_word' id='word_1_2' title='bbox 443 171 727 225; x_wconf 77' lang='lat' dir='ltr'>&#39;ANASTAsn</span> <span class='ocrx_word' id='word_1_3' title='bbox 773 178 1036 224; x_wconf 79' lang='lat' dir='ltr'>HlsTORlA</span> <span class='ocrx_word' id='word_1_4' title='bbox 1077 177 1515 222; x_wconf 69' lang='lat' dir='ltr'><strong>ECCLESIASTOEA.</strong></span> 
     </span>
    </p>
   </div>
   <div class='ocr_carea' id='block_1_2' title="bbox 240 295 1720 457">
    <p class='ocr_par' dir='ltr' id='par_1_2' title="bbox 240 295 1720 457">
     <span class='ocr_line' id='line_1_2' title="bbox 240 295 1719 356; baseline -0.004 -15"><span class='ocrx_word' id='word_1_5' title='bbox 240 301 309 341; x_wconf 88' lang='lat' dir='ltr'>hic</span> <span class='ocrx_word' id='word_1_6' title='bbox 339 299 499 356; x_wconf 85' lang='lat' dir='ltr'>primus</span> <span class='ocrx_word' id='word_1_7' title='bbox 529 298 758 354; x_wconf 77' lang='lat' dir='ltr'>alienigena</span> <span class='ocrx_word' id='word_1_8' title='bbox 803 297 988 353; x_wconf 82' lang='lat' dir='ltr'>praefuit</span> <span class='ocrx_word' id='word_1_9' title='bbox 1018 297 1204 347; x_wconf 86' lang='lat' dir='ltr'>Iudaeis,</span> <span class='ocrx_word' id='word_1_10' title='bbox 1246 311 1342 336; x_wconf 88' lang='lat' dir='ltr'>cum</span> <span class='ocrx_word' id='word_1_11' title='bbox 1371 301 1475 337; x_wconf 82' lang='lat' dir='ltr'>esset</span> <span class='ocrx_word' id='word_1_12' title='bbox 1501 295 1719 336; x_wconf 77' lang='lat' dir='ltr'>Idumaeas</span> 
     </span>
     <span class='ocr_line' id='line_1_3' title="bbox 241 352 1720 411; baseline -0.005 -13"><span class='ocrx_word' id='word_1_13' title='bbox 241 358 387 399; x_wconf 78' lang='lat' dir='ltr'>Arabs.</span> <span class='ocrx_word' id='word_1_14' title='bbox 418 356 528 397; x_wconf 87' lang='lat' dir='ltr'>idem</span> <span class='ocrx_word' id='word_1_15' title='bbox 558 357 644 410; x_wconf 89' lang='lat' dir='ltr'>ipse</span> <span class='ocrx_word' id='word_1_16' title='bbox 673 355 834 411; x_wconf 89' lang='lat' dir='ltr'>primus</span> <span class='ocrx_word' id='word_1_17' title='bbox 866 354 1140 409; x_wconf 79' lang='lat' dir='ltr'>alienigenam</span> <span class='ocrx_word' id='word_1_18' title='bbox 1168 354 1328 395; x_wconf 90' lang='lat' dir='ltr'>Iudaeis</span> <span class='ocrx_word' id='word_1_19' title='bbox 1347 352 1592 408; x_wconf 85' lang='lat' dir='ltr'>pontificem</span> <span class='ocrx_word' id='word_1_20' title='bbox 1616 366 1720 392; x_wconf 89' lang='lat' dir='ltr'>con-</span> 
     </span>
     <span class='ocr_line' id='line_1_4' title="bbox 241 411 638 457; baseline -0.003 -3"><span class='ocrx_word' id='word_1_21' title='bbox 241 413 376 455; x_wconf 84' lang='lat' dir='ltr'>stituit</span> <span class='ocrx_word' id='word_1_22' title='bbox 403 411 638 457; x_wconf 85' lang='lat' dir='ltr'>Ananilum.</span> 
     </span>
    </p>
   </div>
   <div class='ocr_carea' id='block_1_3' title="bbox 54 482 1722 826">
    <p class='ocr_par' dir='ltr' id='par_1_3' title="bbox 54 482 1722 826">
     <span class='ocr_line' id='line_1_5' title="bbox 54 482 1720 540; baseline -0.003 -12"><span class='ocrx_word' id='word_1_23' title='bbox 54 501 89 537; x_wconf 83' lang='lat' dir='ltr'>p·</span> <span class='ocrx_word' id='word_1_24' title='bbox 108 488 178 524; x_wconf 88' lang='grc'>600</span> <span class='ocrx_word' id='word_1_25' title='bbox 207 489 224 523; x_wconf 82' lang='grc'>1</span> <span class='ocrx_word' id='word_1_26' title='bbox 350 487 605 528; x_wconf 88' lang='lat' dir='ltr'>Iudaeorum</span> <span class='ocrx_word' id='word_1_27' title='bbox 633 485 838 526; x_wconf 87' lang='lat' dir='ltr'>secundus</span> <span class='ocrx_word' id='word_1_28' title='bbox 867 484 1095 540; x_wconf 79' lang='lat' dir='ltr'>alienigena</span> <span class='ocrx_word' id='word_1_29' title='bbox 1129 483 1353 524; x_wconf 84' lang='lat' dir='ltr'><strong>Archelaus</strong></span> <span class='ocrx_word' id='word_1_30' title='bbox 1398 483 1505 524; x_wconf 84' lang='lat' dir='ltr'>filius</span> <span class='ocrx_word' id='word_1_31' title='bbox 1525 482 1720 535; x_wconf 88' lang='lat' dir='ltr'>Herodis,</span> 
     </span>
     <span class='ocr_line' id='line_1_6' title="bbox 238 539 1721 596; baseline -0.003 -12"><span class='ocrx_word' id='word_1_32' title='bbox 238 543 354 584; x_wconf 90' lang='lat' dir='ltr'>cuius</span> <span class='ocrx_word' id='word_1_33' title='bbox 381 557 493 584; x_wconf 90' lang='lat' dir='ltr'>anno</span> <span class='ocrx_word' id='word_1_34' title='bbox 514 541 554 593; x_wconf 82' lang='lat'>9,</span> <span class='ocrx_word' id='word_1_35' title='bbox 581 541 724 583; x_wconf 89' lang='lat' dir='ltr'>mundi</span> <span class='ocrx_word' id='word_1_36' title='bbox 754 556 856 583; x_wconf 88' lang='lat' dir='ltr'>vero</span> <span class='ocrx_word' id='word_1_37' title='bbox 876 541 1000 591; x_wconf 81' lang='lat'>5506,</span> <span class='ocrx_word' id='word_1_38' title='bbox 1029 543 1233 596; x_wconf 85' lang='lat' dir='ltr'>Augustus</span> <span class='ocrx_word' id='word_1_39' title='bbox 1252 540 1503 581; x_wconf 84' lang='lat' dir='ltr'>Archelaum</span> <span class='ocrx_word' id='word_1_40' title='bbox 1534 539 1721 595; x_wconf 88' lang='lat' dir='ltr'>quidem,</span> 
     </span>
     <span class='ocr_line' id='line_1_7' title="bbox 236 597 1722 654; baseline -0.003 -15"><span class='ocrx_word' id='word_1_41' title='bbox 236 601 369 640; x_wconf 84' lang='lat' dir='ltr'>filium</span> <span class='ocrx_word' id='word_1_42' title='bbox 399 599 594 648; x_wconf 84' lang='lat' dir='ltr'>Herodis,</span> <span class='ocrx_word' id='word_1_43' title='bbox 626 599 877 639; x_wconf 86' lang='lat' dir='ltr'>Iudaeorum</span> <span class='ocrx_word' id='word_1_44' title='bbox 907 598 1037 654; x_wconf 85' lang='lat' dir='ltr'>gentis</span> <span class='ocrx_word' id='word_1_45' title='bbox 1058 597 1294 652; x_wconf 77' lang='lat' dir='ltr'>principem</span> <span class='ocrx_word' id='word_1_46' title='bbox 1322 597 1480 648; x_wconf 81' lang='lat' dir='ltr'>statuit,</span> <span class='ocrx_word' id='word_1_47' title='bbox 1514 597 1615 638; x_wconf 90' lang='lat' dir='ltr'>alios</span> <span class='ocrx_word' id='word_1_48' title='bbox 1643 612 1722 638; x_wconf 88' lang='lat' dir='ltr'>au..</span> 
     </span>
     <span class='ocr_line' id='line_1_8' title="bbox 236 654 1721 712; baseline -0.005 -15"><span class='ocrx_word' id='word_1_49' title='bbox 236 663 320 698; x_wconf 89' lang='lat' dir='ltr'>tem</span> <span class='ocrx_word' id='word_1_50' title='bbox 341 658 491 698; x_wconf 82' lang='lat' dir='ltr'>fratres</span> <span class='ocrx_word' id='word_1_51' title='bbox 522 658 607 697; x_wconf 88' lang='lat' dir='ltr'>eius</span> <span class='ocrx_word' id='word_1_52' title='bbox 642 663 854 712; x_wconf 86' lang='lat' dir='ltr'>quatuor,</span> <span class='ocrx_word' id='word_1_53' title='bbox 885 654 1097 696; x_wconf 85' lang='lat' dir='ltr'><strong>Herodem</strong></span> <span class='ocrx_word' id='word_1_54' title='bbox 1123 655 1280 696; x_wconf 86' lang='lat' dir='ltr'>scilicet</span> <span class='ocrx_word' id='word_1_55' title='bbox 1310 655 1615 710; x_wconf 82' lang='lat' dir='ltr'>homonymum</span> <span class='ocrx_word' id='word_1_56' title='bbox 1647 669 1721 708; x_wconf 89' lang='lat' dir='ltr'>pa-</span> 
     </span>
     <span class='ocr_line' id='line_1_9' title="bbox 235 710 1721 768; baseline -0.003 -13"><span class='ocrx_word' id='word_1_57' title='bbox 235 715 320 766; x_wconf 87' lang='lat' dir='ltr'>tri,</span> <span class='ocrx_word' id='word_1_58' title='bbox 355 721 398 755; x_wconf 88' lang='lat' dir='ltr'>et</span> <span class='ocrx_word' id='word_1_59' title='bbox 431 713 699 768; x_wconf 84' lang='lat' dir='ltr'>Antipatrum</span> <span class='ocrx_word' id='word_1_60' title='bbox 728 727 807 753; x_wconf 91' lang='lat' dir='ltr'>avo</span> <span class='ocrx_word' id='word_1_61' title='bbox 849 713 1127 768; x_wconf 86' lang='lat' dir='ltr'>aequivocum</span> <span class='ocrx_word' id='word_1_62' title='bbox 1155 711 1460 768; x_wconf 84' lang='lat' dir='ltr'>Lysaniamque</span> <span class='ocrx_word' id='word_1_63' title='bbox 1485 716 1528 752; x_wconf 84' lang='lat' dir='ltr'>et.</span> <span class='ocrx_word' id='word_1_64' title='bbox 1553 710 1721 767; x_wconf 87' lang='lat' dir='ltr'>Philip-</span> 
     </span>
     <span class='ocr_line' id='line_1_10' title="bbox 235 769 834 826; baseline -0.003 -14"><span class='ocrx_word' id='word_1_65' title='bbox 235 786 339 826; x_wconf 88' lang='lat' dir='ltr'>pum</span> <span class='ocrx_word' id='word_1_66' title='bbox 371 771 604 811; x_wconf 80' lang='lat' dir='ltr'>tetrarchas</span> <span class='ocrx_word' id='word_1_67' title='bbox 635 769 834 811; x_wconf 86' lang='lat' dir='ltr'>exhibuit.</span> 
     </span>
    </p>
   </div>
   <div class='ocr_carea' id='block_1_4' title="bbox 106 839 1720 1127">
    <p class='ocr_par' dir='ltr' id='par_1_4' title="bbox 106 839 1720 1127">
     <span class='ocr_line' id='line_1_11' title="bbox 106 839 1720 896; baseline -0.001 -13"><span class='ocrx_word' id='word_1_68' title='bbox 106 848 226 896; x_wconf 79' lang='lat' dir='ltr'>p.602</span> <span class='ocrx_word' id='word_1_69' title='bbox 349 844 495 885; x_wconf 88' lang='lat' dir='ltr'>Mundi</span> <span class='ocrx_word' id='word_1_70' title='bbox 518 859 628 884; x_wconf 86' lang='lat' dir='ltr'>anno</span> <span class='ocrx_word' id='word_1_71' title='bbox 650 842 774 894; x_wconf 84' lang='lat'>5513,</span> <span class='ocrx_word' id='word_1_72' title='bbox 795 842 958 884; x_wconf 86' lang='lat' dir='ltr'>divinae</span> <span class='ocrx_word' id='word_1_73' title='bbox 978 842 1276 883; x_wconf 78' lang='lat' dir='ltr'>incarnationis</span> <span class='ocrx_word' id='word_1_74' title='bbox 1296 856 1407 882; x_wconf 90' lang='lat' dir='ltr'>anno</span> <span class='ocrx_word' id='word_1_75' title='bbox 1426 839 1490 893; x_wconf 87' lang='lat'>13,</span> <span class='ocrx_word' id='word_1_76' title='bbox 1522 841 1598 883; x_wconf 89' lang='lat' dir='ltr'>sub</span> <span class='ocrx_word' id='word_1_77' title='bbox 1615 842 1720 882; x_wconf 83' lang='lat' dir='ltr'>Cae·</span> 
     </span>
     <span class='ocr_line' id='line_1_12' title="bbox 235 899 1718 956; baseline -0.001 -16"><span class='ocrx_word' id='word_1_78' title='bbox 235 915 328 941; x_wconf 85' lang='lat' dir='ltr'>sare</span> <span class='ocrx_word' id='word_1_79' title='bbox 343 903 524 956; x_wconf 87' lang='lat' dir='ltr'>Augusto</span> <span class='ocrx_word' id='word_1_80' title='bbox 540 901 743 955; x_wconf 86' lang='lat' dir='ltr'>sapientes</span> <span class='ocrx_word' id='word_1_81' title='bbox 760 900 933 956; x_wconf 76' lang='lat' dir='ltr'>insignes</span> <span class='ocrx_word' id='word_1_82' title='bbox 951 906 1071 940; x_wconf 88' lang='lat' dir='ltr'>erant</span> <span class='ocrx_word' id='word_1_83' title='bbox 1088 900 1299 955; x_wconf 80' lang='lat' dir='ltr'>Virgilius,</span> <span class='ocrx_word' id='word_1_84' title='bbox 1328 899 1541 949; x_wconf 82' lang='lat' dir='ltr'>Salustius,</span> <span class='ocrx_word' id='word_1_85' title='bbox 1560 899 1718 951; x_wconf 83' lang='lat' dir='ltr'>Livius,</span> 
     </span>
     <span class='ocr_line' id='line_1_13' title="bbox 235 955 1718 1009; baseline -0.003 -12"><span class='ocrx_word' id='word_1_86' title='bbox 235 958 491 1009; x_wconf 84' lang='lat' dir='ltr'>Hortensius,</span> <span class='ocrx_word' id='word_1_87' title='bbox 522 958 757 1007; x_wconf 87' lang='lat' dir='ltr'>Terentius,</span> <span class='ocrx_word' id='word_1_88' title='bbox 791 957 1003 1009; x_wconf 84' lang='lat' dir='ltr'>Horatius,</span> <span class='ocrx_word' id='word_1_89' title='bbox 1041 956 1338 997; x_wconf 86' lang='lat' dir='ltr'>Athenodorus</span> <span class='ocrx_word' id='word_1_90' title='bbox 1369 957 1547 996; x_wconf 86' lang='lat' dir='ltr'>Tarseus</span> <span class='ocrx_word' id='word_1_91' title='bbox 1575 962 1618 996; x_wconf 87' lang='lat' dir='ltr'>et</span> <span class='ocrx_word' id='word_1_92' title='bbox 1649 955 1718 996; x_wconf 91' lang='lat' dir='ltr'>Si..</span> 
     </span>
     <span class='ocr_line' id='line_1_14' title="bbox 235 1013 1719 1069; baseline -0.002 -16"><span class='ocrx_word' id='word_1_93' title='bbox 235 1015 296 1054; x_wconf 87' lang='lat' dir='ltr'>tio</span> <span class='ocrx_word' id='word_1_94' title='bbox 327 1013 640 1056; x_wconf 82' lang='lat' dir='ltr'>Alexandrinus.</span> <span class='ocrx_word' id='word_1_95' title='bbox 702 1013 811 1054; x_wconf 80' lang='lat' dir='ltr'>idem</span> <span class='ocrx_word' id='word_1_96' title='bbox 843 1029 943 1055; x_wconf 87' lang='lat' dir='ltr'>vero</span> <span class='ocrx_word' id='word_1_97' title='bbox 984 1019 1191 1069; x_wconf 84' lang='lat' dir='ltr'>Augustus</span> <span class='ocrx_word' id='word_1_98' title='bbox 1223 1013 1531 1054; x_wconf 84' lang='lat' dir='ltr'>habitatoribus</span> <span class='ocrx_word' id='word_1_99' title='bbox 1559 1014 1719 1052; x_wconf 85' lang='lat' dir='ltr'>Roma..</span> 
     </span>
     <span class='ocr_line' id='line_1_15' title="bbox 235 1069 1719 1127; baseline 0 -17"><span class='ocrx_word' id='word_1_100' title='bbox 235 1086 311 1111; x_wconf 86' lang='lat' dir='ltr'>nae</span> <span class='ocrx_word' id='word_1_101' title='bbox 343 1070 456 1110; x_wconf 79' lang='lat' dir='ltr'>urbis</span> <span class='ocrx_word' id='word_1_102' title='bbox 485 1085 563 1123; x_wconf 85' lang='lat' dir='ltr'>per</span> <span class='ocrx_word' id='word_1_103' title='bbox 579 1070 702 1112; x_wconf 89' lang='lat' dir='ltr'>facies</span> <span class='ocrx_word' id='word_1_104' title='bbox 735 1070 1006 1112; x_wconf 88' lang='lat' dir='ltr'>dinumeratis</span> <span class='ocrx_word' id='word_1_105' title='bbox 1036 1071 1196 1112; x_wconf 89' lang='lat' dir='ltr'>invenit</span> <span class='ocrx_word' id='word_1_106' title='bbox 1214 1071 1409 1127; x_wconf 84' lang='lat' dir='ltr'>virorum</span> <span class='ocrx_word' id='word_1_107' title='bbox 1439 1069 1719 1111; x_wconf 79' lang='lat' dir='ltr'>habitantium</span> 
     </span>
    </p>
   </div>
   <div class='ocr_carea' id='block_1_5' title="bbox 235 1126 534 1169">
    <p class='ocr_par' dir='ltr' id='par_1_5' title="bbox 235 1126 534 1169">
     <span class='ocr_line' id='line_1_16' title="bbox 235 1126 534 1169; baseline -0.007 0"><span class='ocrx_word' id='word_1_108' title='bbox 235 1142 325 1169; x_wconf 85' lang='lat' dir='ltr'>eam</span> <span class='ocrx_word' id='word_1_109' title='bbox 359 1126 534 1167; x_wconf 79' lang='grc'><strong>131037.</strong></span> 
     </span>
    </p>
   </div>
   <div class='ocr_carea' id='block_1_6' title="bbox 104 1198 1720 1425">
    <p class='ocr_par' dir='ltr' id='par_1_6' title="bbox 104 1198 1720 1425">
     <span class='ocr_line' id='line_1_17' title="bbox 104 1198 1718 1255; baseline 0.001 -16"><span class='ocrx_word' id='word_1_110' title='bbox 104 1205 224 1253; x_wconf 71' lang='grc' dir='ltr'>ρ.604</span> <span class='ocrx_word' id='word_1_111' title='bbox 347 1199 494 1241; x_wconf 87' lang='lat' dir='ltr'>Mundi</span> <span class='ocrx_word' id='word_1_112' title='bbox 525 1213 632 1240; x_wconf 92' lang='lat' dir='ltr'>anno</span> <span class='ocrx_word' id='word_1_113' title='bbox 671 1199 780 1241; x_wconf 74' lang='lat'>5520</span> <span class='ocrx_word' id='word_1_114' title='bbox 814 1199 1114 1240; x_wconf 84' lang='lat' dir='ltr'>incarnationis</span> <span class='ocrx_word' id='word_1_115' title='bbox 1154 1198 1320 1240; x_wconf 89' lang='lat' dir='ltr'>divinae</span> <span class='ocrx_word' id='word_1_116' title='bbox 1362 1214 1494 1240; x_wconf 88' lang='lat' dir='ltr'>annus</span> <span class='ocrx_word' id='word_1_117' title='bbox 1532 1198 1585 1240; x_wconf 75' lang='lat'>20</span> <span class='ocrx_word' id='word_1_118' title='bbox 1619 1213 1718 1255; x_wconf 81' lang='lat' dir='ltr'>age-</span> 
     </span>
     <span class='ocr_line' id='line_1_18' title="bbox 234 1256 1720 1312; baseline -0.003 -14"><span class='ocrx_word' id='word_1_119' title='bbox 234 1257 374 1308; x_wconf 85' lang='lat' dir='ltr'>batur,</span> <span class='ocrx_word' id='word_1_120' title='bbox 405 1272 530 1312; x_wconf 88' lang='lat' dir='ltr'>quam</span> <span class='ocrx_word' id='word_1_121' title='bbox 561 1256 793 1297; x_wconf 85' lang='lat' dir='ltr'>Matthaeus</span> <span class='ocrx_word' id='word_1_122' title='bbox 822 1258 1038 1312; x_wconf 89' lang='lat' dir='ltr'>Lucasque</span> <span class='ocrx_word' id='word_1_123' title='bbox 1068 1256 1326 1309; x_wconf 85' lang='lat' dir='ltr'>describunt,</span> <span class='ocrx_word' id='word_1_124' title='bbox 1354 1257 1589 1298; x_wconf 82' lang='lat' dir='ltr'>Matthaeus</span> <span class='ocrx_word' id='word_1_125' title='bbox 1620 1256 1720 1312; x_wconf 89' lang='lat' dir='ltr'>qui...</span> 
     </span>
     <span class='ocr_line' id='line_1_19' title="bbox 236 1313 1720 1368; baseline 0.001 -14"><span class='ocrx_word' id='word_1_126' title='bbox 236 1313 331 1354; x_wconf 83' lang='lat' dir='ltr'>dem</span> <span class='ocrx_word' id='word_1_127' title='bbox 363 1313 516 1368; x_wconf 85' lang='lat' dir='ltr'>regiam</span> <span class='ocrx_word' id='word_1_128' title='bbox 551 1328 597 1354; x_wconf 84' lang='lat' dir='ltr'>ex</span> <span class='ocrx_word' id='word_1_129' title='bbox 618 1313 753 1353; x_wconf 84' lang='lat' dir='ltr'>David</span> <span class='ocrx_word' id='word_1_130' title='bbox 784 1328 863 1368; x_wconf 91' lang='lat' dir='ltr'>per</span> <span class='ocrx_word' id='word_1_131' title='bbox 883 1314 1164 1365; x_wconf 85' lang='lat' dir='ltr'>Salomonem,</span> <span class='ocrx_word' id='word_1_132' title='bbox 1192 1315 1324 1355; x_wconf 90' lang='lat' dir='ltr'>Lucas</span> <span class='ocrx_word' id='word_1_133' title='bbox 1356 1328 1458 1355; x_wconf 89' lang='lat' dir='ltr'>vero</span> <span class='ocrx_word' id='word_1_134' title='bbox 1489 1329 1537 1355; x_wconf 89' lang='lat' dir='ltr'>ex</span> <span class='ocrx_word' id='word_1_135' title='bbox 1567 1314 1720 1356; x_wconf 81' lang='lat' dir='ltr'>eodem</span> 
     </span>
     <span class='ocr_line' id='line_1_20' title="bbox 234 1369 1183 1425; baseline 0.002 -15"><span class='ocrx_word' id='word_1_136' title='bbox 234 1370 370 1411; x_wconf 91' lang='lat' dir='ltr'>David</span> <span class='ocrx_word' id='word_1_137' title='bbox 400 1385 478 1425; x_wconf 88' lang='lat' dir='ltr'>per</span> <span class='ocrx_word' id='word_1_138' title='bbox 509 1369 685 1411; x_wconf 85' lang='lat' dir='ltr'>Natham</span> <span class='ocrx_word' id='word_1_139' title='bbox 715 1370 800 1411; x_wconf 92' lang='lat' dir='ltr'>eius</span> <span class='ocrx_word' id='word_1_140' title='bbox 828 1370 960 1411; x_wconf 82' lang='lat' dir='ltr'>filium</span> <span class='ocrx_word' id='word_1_141' title='bbox 985 1371 1183 1412; x_wconf 87' lang='lat' dir='ltr'>referens.</span> 
     </span>
    </p>
   </div>
   <div class='ocr_carea' id='block_1_7' title="bbox 17 1444 1720 1543">
    <p class='ocr_par' dir='ltr' id='par_1_7' title="bbox 17 1444 1720 1543">
     <span class='ocr_line' id='line_1_21' title="bbox 17 1444 1720 1542; baseline 0.001 -58"><span class='ocrx_word' id='word_1_142' title='bbox 17 1481 60 1514; x_wconf 58' lang='grc' dir='ltr'>,μ</span> <span class='ocrx_word' id='word_1_143' title='bbox 79 1467 148 1504; x_wconf 73' lang='lat'>505</span> <span class='ocrx_word' id='word_1_144' title='bbox 179 1465 251 1542; x_wconf 65' lang='lat'>¹41</span> <span class='ocrx_word' id='word_1_145' title='bbox 285 1501 310 1542; x_wconf 71' lang='lat' dir='ltr'><strong>d</strong></span> <span class='ocrx_word' id='word_1_146' title='bbox 343 1444 545 1542; x_wconf 43' lang='lat' dir='ltr'>Tibgrius·</span> <span class='ocrx_word' id='word_1_147' title='bbox 564 1445 714 1486; x_wconf 88' lang='lat' dir='ltr'>tertius</span> <span class='ocrx_word' id='word_1_148' title='bbox 745 1445 1000 1487; x_wconf 88' lang='lat' dir='ltr'>monarchus</span> <span class='ocrx_word' id='word_1_149' title='bbox 1031 1446 1235 1487; x_wconf 85' lang='lat' dir='ltr'>Pontium</span> <span class='ocrx_word' id='word_1_150' title='bbox 1264 1444 1447 1486; x_wconf 86' lang='lat' dir='ltr'>Pilatum</span> <span class='ocrx_word' id='word_1_151' title='bbox 1484 1445 1720 1501; x_wconf 83' lang='lat' dir='ltr'>praesidem</span> 
     </span>
     <span class='ocr_line' id='line_1_22' title="bbox 19 1508 579 1543; baseline 0.002 -2"><span class='ocrx_word' id='word_1_152' title='bbox 19 1515 23 1519; x_wconf 77' lang='grc'>’</span> <span class='ocrx_word' id='word_1_153' title='bbox 256 1516 282 1541; x_wconf 90' lang='lat' dir='ltr'>u</span> <span class='ocrx_word' id='word_1_154' title='bbox 314 1515 384 1543; x_wconf 88' lang='lat' dir='ltr'>eae</span> <span class='ocrx_word' id='word_1_155' title='bbox 447 1508 579 1543; x_wconf 79' lang='lat' dir='ltr'>ircxit.</span> 
     </span>
    </p>
   </div>
   <div class='ocr_carea' id='block_1_8' title="bbox 106 1574 1721 1746">
    <p class='ocr_par' dir='ltr' id='par_1_8' title="bbox 106 1574 1721 1746">
     <span class='ocr_line' id='line_1_23' title="bbox 106 1574 1720 1643; baseline 0.002 -30"><span class='ocrx_word' id='word_1_156' title='bbox 106 1596 222 1643; x_wconf 38' lang='lat'>¹,⁸505</span> <span class='ocrx_word' id='word_1_157' title='bbox 285 1631 294 1640; x_wconf 48' lang='lat'><strong>·</strong></span> <span class='ocrx_word' id='word_1_158' title='bbox 344 1575 492 1615; x_wconf 85' lang='lat' dir='ltr'>Mundi</span> <span class='ocrx_word' id='word_1_159' title='bbox 513 1590 622 1616; x_wconf 87' lang='lat' dir='ltr'>anno</span> <span class='ocrx_word' id='word_1_160' title='bbox 642 1574 778 1641; x_wconf 41' lang='lat'>5532,</span> <span class='ocrx_word' id='word_1_161' title='bbox 800 1575 966 1618; x_wconf 88' lang='lat' dir='ltr'>divinae</span> <span class='ocrx_word' id='word_1_162' title='bbox 998 1576 1301 1618; x_wconf 85' lang='lat' dir='ltr'>incarnationis</span> <span class='ocrx_word' id='word_1_163' title='bbox 1315 1575 1384 1628; x_wconf 72' lang='lat'>32,</span> <span class='ocrx_word' id='word_1_164' title='bbox 1415 1577 1616 1618; x_wconf 87' lang='lat' dir='ltr'>Ioannem</span> <span class='ocrx_word' id='word_1_165' title='bbox 1634 1577 1720 1617; x_wconf 88' lang='lat' dir='ltr'>Ba-</span> 
     </span>
     <span class='ocr_line' id='line_1_24' title="bbox 232 1632 1721 1689; baseline 0.002 -18"><span class='ocrx_word' id='word_1_166' title='bbox 232 1638 414 1685; x_wconf 79' lang='lat' dir='ltr'>ptlstam,</span> <span class='ocrx_word' id='word_1_167' title='bbox 446 1632 544 1672; x_wconf 85' lang='lat' dir='ltr'>dum</span> <span class='ocrx_word' id='word_1_168' title='bbox 572 1633 624 1672; x_wconf 84' lang='lat' dir='ltr'>ab</span> <span class='ocrx_word' id='word_1_169' title='bbox 666 1633 862 1674; x_wconf 65' lang='lat' dir='ltr'>omnibus</span> <span class='ocrx_word' id='word_1_170' title='bbox 893 1639 941 1674; x_wconf 90' lang='lat' dir='ltr'>ut</span> <span class='ocrx_word' id='word_1_171' title='bbox 982 1633 1193 1689; x_wconf 85' lang='lat' dir='ltr'>propheta</span> <span class='ocrx_word' id='word_1_172' title='bbox 1224 1633 1539 1685; x_wconf 87' lang='lat' dir='ltr'>honoraretur,</span> <span class='ocrx_word' id='word_1_173' title='bbox 1570 1634 1721 1675; x_wconf 89' lang='lat' dir='ltr'>timens</span> 
     </span>
     <span class='ocr_line' id='line_1_25' title="bbox 231 1688 1714 1746; baseline 0.001 -18"><span class='ocrx_word' id='word_1_174' title='bbox 231 1688 420 1728; x_wconf 87' lang='lat' dir='ltr'>Herodes</span> <span class='ocrx_word' id='word_1_175' title='bbox 451 1689 554 1728; x_wconf 85' lang='lat' dir='ltr'>filius</span> <span class='ocrx_word' id='word_1_176' title='bbox 584 1689 776 1741; x_wconf 87' lang='lat' dir='ltr'>Herodis,</span> <span class='ocrx_word' id='word_1_177' title='bbox 809 1695 857 1730; x_wconf 89' lang='lat' dir='ltr'>ut</span> <span class='ocrx_word' id='word_1_178' title='bbox 888 1690 1089 1746; x_wconf 89' lang='lat' dir='ltr'>Iosephus</span> <span class='ocrx_word' id='word_1_179' title='bbox 1119 1691 1234 1742; x_wconf 85' lang='lat' dir='ltr'>dicit,</span> <span class='ocrx_word' id='word_1_180' title='bbox 1263 1692 1469 1746; x_wconf 87' lang='lat' dir='ltr'>pcremit;</span> <span class='ocrx_word' id='word_1_181' title='bbox 1499 1699 1546 1732; x_wconf 89' lang='lat' dir='ltr'>ut</span> <span class='ocrx_word' id='word_1_182' title='bbox 1574 1696 1714 1732; x_wconf 88' lang='lat' dir='ltr'>autem</span> 
     </span>
    </p>
   </div>
   <div class='ocr_carea' id='block_1_9' title="bbox 233 1745 1719 1844">
    <p class='ocr_par' dir='ltr' id='par_1_9' title="bbox 233 1745 1719 1844">
     <span class='ocr_line' id='line_1_26' title="bbox 233 1745 1719 1843; baseline 0.003 -59"><span class='ocrx_word' id='word_1_183' title='bbox 233 1745 658 1843; x_wconf 47' lang='lat' dir='ltr'>{ieriuil‘ed&#39;angefism</span> <span class='ocrx_word' id='word_1_184' title='bbox 689 1748 838 1801; x_wconf 87' lang='lat' dir='ltr'>refert,</span> <span class='ocrx_word' id='word_1_185' title='bbox 871 1763 922 1789; x_wconf 91' lang='lat' dir='ltr'>eo</span> <span class='ocrx_word' id='word_1_186' title='bbox 955 1747 1074 1804; x_wconf 88' lang='lat' dir='ltr'>quod</span> <span class='ocrx_word' id='word_1_187' title='bbox 1104 1747 1381 1804; x_wconf 78' lang='lat' dir='ltr'>redargueret</span> <span class='ocrx_word' id='word_1_188' title='bbox 1413 1764 1509 1790; x_wconf 87' lang='lat' dir='ltr'>eum</span> <span class='ocrx_word' id='word_1_189' title='bbox 1535 1754 1719 1804; x_wconf 88' lang='lat' dir='ltr'>propter</span> 
     </span>
     <span class='ocr_line' id='line_1_27' title="bbox 275 1816 532 1844; baseline -0.004 0"><span class='ocrx_word' id='word_1_190' title='bbox 275 1816 348 1844; x_wconf 88' lang='lat' dir='ltr'>ero</span> <span class='ocrx_word' id='word_1_191' title='bbox 384 1818 420 1842; x_wconf 72' lang='lat' dir='ltr'>ia</span> <span class='ocrx_word' id='word_1_192' title='bbox 454 1818 532 1843; x_wconf 88' lang='lat' dir='ltr'>em.</span> 
     </span>
    </p>
   </div>
   <div class='ocr_carea' id='block_1_10' title="bbox 230 1874 1719 2502">
    <p class='ocr_par' dir='ltr' id='par_1_10' title="bbox 230 1874 1719 2502">
     <span class='ocr_line' id='line_1_28' title="bbox 343 1874 1715 1930; baseline 0.002 -15"><span class='ocrx_word' id='word_1_193' title='bbox 343 1874 489 1916; x_wconf 87' lang='lat' dir='ltr'>Mundi</span> <span class='ocrx_word' id='word_1_194' title='bbox 522 1890 629 1917; x_wconf 90' lang='lat' dir='ltr'>anno</span> <span class='ocrx_word' id='word_1_195' title='bbox 647 1875 771 1928; x_wconf 80' lang='lat'>5533,</span> <span class='ocrx_word' id='word_1_196' title='bbox 800 1877 968 1918; x_wconf 87' lang='lat' dir='ltr'>divinae</span> <span class='ocrx_word' id='word_1_197' title='bbox 991 1878 1294 1920; x_wconf 85' lang='lat' dir='ltr'>incarnationis</span> <span class='ocrx_word' id='word_1_198' title='bbox 1311 1878 1381 1930; x_wconf 85' lang='lat'>33,</span> <span class='ocrx_word' id='word_1_199' title='bbox 1412 1878 1606 1919; x_wconf 89' lang='lat' dir='ltr'>dominus</span> <span class='ocrx_word' id='word_1_200' title='bbox 1634 1893 1715 1919; x_wconf 89' lang='lat' dir='ltr'>no-</span> 
     </span>
     <span class='ocr_line' id='line_1_29' title="bbox 230 1932 1718 1989; baseline 0.003 -17"><span class='ocrx_word' id='word_1_201' title='bbox 230 1936 318 1972; x_wconf 88' lang='lat' dir='ltr'>ster</span> <span class='ocrx_word' id='word_1_202' title='bbox 332 1933 441 1972; x_wconf 89' lang='lat' dir='ltr'>Iesus</span> <span class='ocrx_word' id='word_1_203' title='bbox 458 1932 644 1974; x_wconf 88' lang='lat' dir='ltr'>Christus</span> <span class='ocrx_word' id='word_1_204' title='bbox 666 1941 762 1988; x_wconf 87' lang='lat' dir='ltr'>post</span> <span class='ocrx_word' id='word_1_205' title='bbox 781 1934 895 1989; x_wconf 85' lang='lat' dir='ltr'>signa</span> <span class='ocrx_word' id='word_1_206' title='bbox 911 1936 1043 1977; x_wconf 88' lang='lat' dir='ltr'>multa</span> <span class='ocrx_word' id='word_1_207' title='bbox 1073 1942 1114 1977; x_wconf 87' lang='lat' dir='ltr'>et</span> <span class='ocrx_word' id='word_1_208' title='bbox 1147 1951 1246 1977; x_wconf 83' lang='lat' dir='ltr'>suae</span> <span class='ocrx_word' id='word_1_209' title='bbox 1274 1937 1502 1977; x_wconf 90' lang='lat' dir='ltr'>divinitatis</span> <span class='ocrx_word' id='word_1_210' title='bbox 1533 1935 1718 1977; x_wconf 81' lang='lat' dir='ltr'>revelata</span> 
     </span>
     <span class='ocr_line' id='line_1_30' title="bbox 231 1989 1719 2048; baseline 0.004 -20"><span class='ocrx_word' id='word_1_211' title='bbox 231 1990 438 2044; x_wconf 88' lang='lat' dir='ltr'>mysteria,</span> <span class='ocrx_word' id='word_1_212' title='bbox 453 1997 601 2044; x_wconf 91' lang='lat' dir='ltr'>sponte</span> <span class='ocrx_word' id='word_1_213' title='bbox 622 1989 674 2030; x_wconf 89' lang='lat' dir='ltr'>ad</span> <span class='ocrx_word' id='word_1_214' title='bbox 688 1991 920 2045; x_wconf 89' lang='lat' dir='ltr'>passionem</span> <span class='ocrx_word' id='word_1_215' title='bbox 941 1993 1125 2043; x_wconf 85' lang='lat' dir='ltr'>accessit,</span> <span class='ocrx_word' id='word_1_216' title='bbox 1143 1999 1185 2034; x_wconf 89' lang='lat' dir='ltr'>ct</span> <span class='ocrx_word' id='word_1_217' title='bbox 1199 1994 1464 2048; x_wconf 80' lang='lat' dir='ltr'>crucifigitur</span> <span class='ocrx_word' id='word_1_218' title='bbox 1495 1993 1599 2034; x_wconf 86' lang='lat' dir='ltr'>feria</span> <span class='ocrx_word' id='word_1_219' title='bbox 1625 2008 1719 2034; x_wconf 87' lang='lat' dir='ltr'>sex-</span> 
     </span>
     <span class='ocr_line' id='line_1_31' title="bbox 231 2045 1718 2101; baseline 0.004 -15"><span class='ocrx_word' id='word_1_220' title='bbox 231 2052 301 2096; x_wconf 86' lang='lat' dir='ltr'>ta,</span> <span class='ocrx_word' id='word_1_221' title='bbox 321 2045 425 2086; x_wconf 86' lang='lat' dir='ltr'>hora</span> <span class='ocrx_word' id='word_1_222' title='bbox 458 2052 594 2097; x_wconf 88' lang='lat' dir='ltr'>sexta,</span> <span class='ocrx_word' id='word_1_223' title='bbox 622 2048 764 2088; x_wconf 88' lang='lat' dir='ltr'>Martii</span> <span class='ocrx_word' id='word_1_224' title='bbox 786 2050 934 2090; x_wconf 90' lang='lat' dir='ltr'>mensis</span> <span class='ocrx_word' id='word_1_225' title='bbox 965 2050 1033 2090; x_wconf 89' lang='lat' dir='ltr'>die</span> <span class='ocrx_word' id='word_1_226' title='bbox 1063 2049 1130 2101; x_wconf 77' lang='lat'>23,</span> <span class='ocrx_word' id='word_1_227' title='bbox 1158 2052 1379 2092; x_wconf 80' lang='lat' dir='ltr'>consulatu</span> <span class='ocrx_word' id='word_1_228' title='bbox 1393 2050 1569 2092; x_wconf 88' lang='lat' dir='ltr'>Neronis</span> <span class='ocrx_word' id='word_1_229' title='bbox 1599 2049 1640 2091; x_wconf 86' lang='lat'>3.</span> <span class='ocrx_word' id='word_1_230' title='bbox 1674 2058 1718 2092; x_wconf 90' lang='lat' dir='ltr'>et</span> 
     </span>
     <span class='ocr_line' id='line_1_32' title="bbox 231 2102 1712 2159; baseline 0.005 -18"><span class='ocrx_word' id='word_1_231' title='bbox 231 2102 415 2157; x_wconf 81' lang='lat' dir='ltr'>resurgit</span> <span class='ocrx_word' id='word_1_232' title='bbox 454 2103 598 2143; x_wconf 86' lang='lat' dir='ltr'>Martii</span> <span class='ocrx_word' id='word_1_233' title='bbox 629 2104 696 2145; x_wconf 85' lang='lat' dir='ltr'>die</span> <span class='ocrx_word' id='word_1_234' title='bbox 728 2104 804 2156; x_wconf 76' lang='lat'>25,</span> <span class='ocrx_word' id='word_1_235' title='bbox 850 2121 945 2147; x_wconf 89' lang='lat' dir='ltr'>cum</span> <span class='ocrx_word' id='word_1_236' title='bbox 985 2107 1244 2149; x_wconf 88' lang='lat' dir='ltr'>illucesceret</span> <span class='ocrx_word' id='word_1_237' title='bbox 1283 2108 1518 2149; x_wconf 85' lang='lat' dir='ltr'>dominicus</span> <span class='ocrx_word' id='word_1_238' title='bbox 1551 2108 1652 2159; x_wconf 87' lang='lat' dir='ltr'>dies,</span> <span class='ocrx_word' id='word_1_239' title='bbox 1683 2107 1712 2149; x_wconf 85' lang='grc'>8</span> 
     </span>
     <span class='ocr_line' id='line_1_33' title="bbox 233 2158 1717 2221; baseline 0.006 -24"><span class='ocrx_word' id='word_1_240' title='bbox 233 2158 406 2199; x_wconf 82' lang='lat' dir='ltr'>Calend.</span> <span class='ocrx_word' id='word_1_241' title='bbox 442 2160 662 2214; x_wconf 88' lang='lat' dir='ltr'>Aprilium,</span> <span class='ocrx_word' id='word_1_242' title='bbox 695 2163 832 2216; x_wconf 89' lang='lat' dir='ltr'>prima</span> <span class='ocrx_word' id='word_1_243' title='bbox 863 2162 929 2204; x_wconf 85' lang='lat' dir='ltr'>die</span> <span class='ocrx_word' id='word_1_244' title='bbox 958 2164 1082 2218; x_wconf 89' lang='lat' dir='ltr'>primi</span> <span class='ocrx_word' id='word_1_245' title='bbox 1113 2165 1277 2219; x_wconf 86' lang='lat' dir='ltr'>mensis,</span> <span class='ocrx_word' id='word_1_246' title='bbox 1308 2165 1382 2221; x_wconf 92' lang='lat' dir='ltr'>qui</span> <span class='ocrx_word' id='word_1_247' title='bbox 1410 2165 1550 2217; x_wconf 88' lang='lat' dir='ltr'>Nisan,</span> <span class='ocrx_word' id='word_1_248' title='bbox 1582 2165 1625 2206; x_wconf 88' lang='lat' dir='ltr'>id</span> <span class='ocrx_word' id='word_1_249' title='bbox 1656 2172 1717 2206; x_wconf 88' lang='lat' dir='ltr'>est</span> 
     </span>
     <span class='ocr_line' id='line_1_34' title="bbox 233 2215 1719 2275; baseline 0.005 -19"><span class='ocrx_word' id='word_1_250' title='bbox 233 2215 408 2256; x_wconf 83' lang='lat' dir='ltr'>Martius</span> <span class='ocrx_word' id='word_1_251' title='bbox 439 2217 602 2268; x_wconf 87' lang='lat' dir='ltr'>mensis,</span> <span class='ocrx_word' id='word_1_252' title='bbox 638 2219 880 2260; x_wconf 85' lang='lat' dir='ltr'>nominatur</span> <span class='ocrx_word' id='word_1_253' title='bbox 907 2221 1019 2275; x_wconf 89' lang='lat' dir='ltr'>apud</span> <span class='ocrx_word' id='word_1_254' title='bbox 1042 2222 1259 2263; x_wconf 89' lang='lat' dir='ltr'>Hebraeos</span> <span class='ocrx_word' id='word_1_255' title='bbox 1290 2228 1332 2263; x_wconf 91' lang='lat' dir='ltr'>et</span> <span class='ocrx_word' id='word_1_256' title='bbox 1360 2221 1633 2263; x_wconf 85' lang='lat' dir='ltr'>Christianos.</span> <span class='ocrx_word' id='word_1_257' title='bbox 1665 2221 1719 2263; x_wconf 84' lang='lat' dir='ltr'>de</span> 
     </span>
     <span class='ocr_line' id='line_1_35' title="bbox 235 2272 1718 2331; baseline 0.006 -21"><span class='ocrx_word' id='word_1_258' title='bbox 235 2286 317 2326; x_wconf 87' lang='lat' dir='ltr'>qua</span> <span class='ocrx_word' id='word_1_259' title='bbox 347 2272 504 2313; x_wconf 87' lang='lat' dir='ltr'>dicitur</span> <span class='ocrx_word' id='word_1_260' title='bbox 533 2274 603 2314; x_wconf 86' lang='lat' dir='ltr'>“in</span> <span class='ocrx_word' id='word_1_261' title='bbox 646 2275 858 2331; x_wconf 87' lang='lat' dir='ltr'>principio</span> <span class='ocrx_word' id='word_1_262' title='bbox 898 2278 999 2318; x_wconf 88' lang='lat' dir='ltr'>fecit</span> <span class='ocrx_word' id='word_1_263' title='bbox 1030 2278 1128 2320; x_wconf 88' lang='lat' dir='ltr'>deus</span> <span class='ocrx_word' id='word_1_264' title='bbox 1170 2280 1333 2321; x_wconf 89' lang='lat' dir='ltr'>caelum</span> <span class='ocrx_word' id='word_1_265' title='bbox 1376 2285 1418 2321; x_wconf 87' lang='lat' dir='ltr'>et</span> <span class='ocrx_word' id='word_1_266' title='bbox 1457 2281 1643 2321; x_wconf 89' lang='lat' dir='ltr'>terram&#39;&#39;</span> <span class='ocrx_word' id='word_1_267' title='bbox 1674 2284 1718 2320; x_wconf 87' lang='lat' dir='ltr'>et</span> 
     </span>
     <span class='ocr_line' id='line_1_36' title="bbox 235 2329 1716 2392; baseline 0.006 -25"><span class='ocrx_word' id='word_1_268' title='bbox 235 2343 377 2369; x_wconf 87' lang='lat' dir='ltr'>rursus</span> <span class='ocrx_word' id='word_1_269' title='bbox 407 2329 504 2370; x_wconf 89' lang='lat' dir='ltr'>“hic</span> <span class='ocrx_word' id='word_1_270' title='bbox 531 2336 590 2371; x_wconf 83' lang='lat' dir='ltr'>est</span> <span class='ocrx_word' id='word_1_271' title='bbox 619 2330 725 2372; x_wconf 86' lang='lat' dir='ltr'>liber</span> <span class='ocrx_word' id='word_1_272' title='bbox 753 2335 1032 2387; x_wconf 82' lang='lat' dir='ltr'>generationis</span> <span class='ocrx_word' id='word_1_273' title='bbox 1063 2336 1166 2377; x_wconf 89' lang='lat' dir='ltr'>caeli</span> <span class='ocrx_word' id='word_1_274' title='bbox 1195 2343 1237 2378; x_wconf 90' lang='lat' dir='ltr'>et</span> <span class='ocrx_word' id='word_1_275' title='bbox 1270 2344 1424 2388; x_wconf 84' lang='lat' dir='ltr'>terrae,</span> <span class='ocrx_word' id='word_1_276' title='bbox 1456 2337 1498 2377; x_wconf 92' lang='lat' dir='ltr'>in</span> <span class='ocrx_word' id='word_1_277' title='bbox 1530 2335 1598 2377; x_wconf 88' lang='lat' dir='ltr'>die</span> <span class='ocrx_word' id='word_1_278' title='bbox 1631 2351 1716 2392; x_wconf 85' lang='lat' dir='ltr'>qua</span> 
     </span>
     <span class='ocr_line' id='line_1_37' title="bbox 232 2385 1717 2449; baseline 0.007 -26"><span class='ocrx_word' id='word_1_279' title='bbox 232 2385 330 2424; x_wconf 82' lang='lat' dir='ltr'>fecit</span> <span class='ocrx_word' id='word_1_280' title='bbox 359 2385 458 2427; x_wconf 88' lang='lat' dir='ltr'>deus</span> <span class='ocrx_word' id='word_1_281' title='bbox 488 2389 649 2428; x_wconf 86' lang='lat' dir='ltr'>caelum</span> <span class='ocrx_word' id='word_1_282' title='bbox 686 2395 728 2429; x_wconf 88' lang='lat' dir='ltr'>et</span> <span class='ocrx_word' id='word_1_283' title='bbox 760 2395 955 2432; x_wconf 88' lang='lat' dir='ltr'>tcrram.&#39;&#39;</span> <span class='ocrx_word' id='word_1_284' title='bbox 1015 2407 1097 2448; x_wconf 87' lang='lat' dir='ltr'>qua</span> <span class='ocrx_word' id='word_1_285' title='bbox 1119 2408 1220 2449; x_wconf 88' lang='lat' dir='ltr'>ergo</span> <span class='ocrx_word' id='word_1_286' title='bbox 1254 2393 1321 2435; x_wconf 83' lang='lat' dir='ltr'>die</span> <span class='ocrx_word' id='word_1_287' title='bbox 1353 2393 1533 2434; x_wconf 87' lang='lat' dir='ltr'>mundus</span> <span class='ocrx_word' id='word_1_288' title='bbox 1550 2399 1717 2435; x_wconf 87' lang='lat' dir='ltr'>creatus</span> 
     </span>
     <span class='ocr_line' id='line_1_38' title="bbox 234 2444 1579 2502; baseline 0.007 -20"><span class='ocrx_word' id='word_1_289' title='bbox 234 2448 307 2494; x_wconf 82' lang='lat' dir='ltr'>est,</span> <span class='ocrx_word' id='word_1_290' title='bbox 337 2457 383 2483; x_wconf 85' lang='lat' dir='ltr'>ca</span> <span class='ocrx_word' id='word_1_291' title='bbox 404 2444 590 2484; x_wconf 88' lang='lat' dir='ltr'>Christus</span> <span class='ocrx_word' id='word_1_292' title='bbox 621 2452 861 2502; x_wconf 89' lang='lat' dir='ltr'>conceptus,</span> <span class='ocrx_word' id='word_1_293' title='bbox 894 2453 936 2489; x_wconf 89' lang='lat' dir='ltr'>et</span> <span class='ocrx_word' id='word_1_294' title='bbox 966 2462 1014 2489; x_wconf 89' lang='lat' dir='ltr'>ea</span> <span class='ocrx_word' id='word_1_295' title='bbox 1044 2464 1090 2490; x_wconf 86' lang='lat' dir='ltr'>ex</span> <span class='ocrx_word' id='word_1_296' title='bbox 1121 2451 1300 2492; x_wconf 90' lang='lat' dir='ltr'>mortuis</span> <span class='ocrx_word' id='word_1_297' title='bbox 1331 2448 1579 2493; x_wconf 80' lang='lat' dir='ltr'>resurrexit.</span> 
     </span>
    </p>
   </div>
   <div class='ocr_carea' id='block_1_11' title="bbox 99 2527 1768 2877">
    <p class='ocr_par' dir='ltr' id='par_1_11' title="bbox 99 2527 1768 2877">
     <span class='ocr_line' id='line_1_39' title="bbox 99 2527 1768 2591; baseline 0.008 -27"><span class='ocrx_word' id='word_1_298' title='bbox 99 2542 136 2577; x_wconf 88' lang='lat' dir='ltr'>p.</span> <span class='ocrx_word' id='word_1_299' title='bbox 150 2528 223 2565; x_wconf 80' lang='lat'>614</span> <span class='ocrx_word' id='word_1_300' title='bbox 345 2527 511 2568; x_wconf 76' lang='lat' dir='ltr'>Ensehii</span> <span class='ocrx_word' id='word_1_301' title='bbox 538 2530 749 2586; x_wconf 76' lang='lat' dir='ltr'>Pamphili</span> <span class='ocrx_word' id='word_1_302' title='bbox 771 2531 822 2571; x_wconf 84' lang='lat' dir='ltr'>de</span> <span class='ocrx_word' id='word_1_303' title='bbox 851 2533 924 2573; x_wconf 76' lang='lat' dir='ltr'>hoc</span> <span class='ocrx_word' id='word_1_304' title='bbox 953 2535 1052 2590; x_wconf 76' lang='lat' dir='ltr'>ipso.</span> <span class='ocrx_word' id='word_1_305' title='bbox 1126 2537 1233 2576; x_wconf 78' lang='lat' dir='ltr'>Iesus</span> <span class='ocrx_word' id='word_1_306' title='bbox 1263 2537 1473 2591; x_wconf 82' lang='lat' dir='ltr'>Christus,</span> <span class='ocrx_word' id='word_1_307' title='bbox 1507 2535 1616 2575; x_wconf 88' lang='lat' dir='ltr'>filius</span> <span class='ocrx_word' id='word_1_308' title='bbox 1646 2534 1713 2577; x_wconf 81' lang='lat' dir='ltr'>dei</span> <span class='ocrx_word' id='word_1_309' title='bbox 1765 2539 1768 2544; x_wconf 75' lang='grc'><em>’</em></span> 
     </span>
     <span class='ocr_line' id='line_1_40' title="bbox 234 2583 1714 2649; baseline 0.007 -27"><span class='ocrx_word' id='word_1_310' title='bbox 234 2589 277 2623; x_wconf 88' lang='lat' dir='ltr'>et</span> <span class='ocrx_word' id='word_1_311' title='bbox 305 2583 496 2648; x_wconf 74' lang='lat' dir='ltr'>dominus</span> <span class='ocrx_word' id='word_1_312' title='bbox 527 2592 683 2640; x_wconf 88' lang='lat' dir='ltr'>noster,</span> <span class='ocrx_word' id='word_1_313' title='bbox 709 2588 934 2630; x_wconf 87' lang='lat' dir='ltr'>secundum</span> <span class='ocrx_word' id='word_1_314' title='bbox 963 2591 1222 2647; x_wconf 85' lang='lat' dir='ltr'>prophetias,</span> <span class='ocrx_word' id='word_1_315' title='bbox 1259 2609 1368 2649; x_wconf 87' lang='lat' dir='ltr'>quae</span> <span class='ocrx_word' id='word_1_316' title='bbox 1398 2593 1450 2634; x_wconf 90' lang='lat' dir='ltr'>de</span> <span class='ocrx_word' id='word_1_317' title='bbox 1481 2593 1572 2647; x_wconf 90' lang='lat' dir='ltr'>ipso</span> <span class='ocrx_word' id='word_1_318' title='bbox 1603 2599 1714 2643; x_wconf 87' lang='lat' dir='ltr'>sunt,</span> 
     </span>
     <span class='ocr_line' id='line_1_41' title="bbox 231 2639 1713 2706; baseline 0.007 -26"><span class='ocrx_word' id='word_1_319' title='bbox 231 2639 283 2680; x_wconf 84' lang='lat' dir='ltr'>ad</span> <span class='ocrx_word' id='word_1_320' title='bbox 311 2655 541 2693; x_wconf 76' lang='lat' dir='ltr'>passionem</span> <span class='ocrx_word' id='word_1_321' title='bbox 571 2652 779 2698; x_wconf 88' lang='lat' dir='ltr'>properat</span> <span class='ocrx_word' id='word_1_322' title='bbox 809 2661 919 2687; x_wconf 89' lang='lat' dir='ltr'>anno</span> <span class='ocrx_word' id='word_1_323' title='bbox 948 2650 1227 2690; x_wconf 85' lang='lat' dir='ltr'>nonodecimo</span> <span class='ocrx_word' id='word_1_324' title='bbox 1260 2651 1427 2706; x_wconf 88' lang='lat' dir='ltr'>imperii</span> <span class='ocrx_word' id='word_1_325' title='bbox 1446 2649 1621 2703; x_wconf 88' lang='lat' dir='ltr'>Tiberii,</span> <span class='ocrx_word' id='word_1_326' title='bbox 1648 2665 1713 2690; x_wconf 90' lang='lat' dir='ltr'>se·</span> 
     </span>
     <span class='ocr_line' id='line_1_42' title="bbox 232 2696 1714 2764; baseline 0.007 -29"><span class='ocrx_word' id='word_1_327' title='bbox 232 2696 417 2761; x_wconf 75' lang='lat' dir='ltr'>cundum</span> <span class='ocrx_word' id='word_1_328' title='bbox 448 2699 563 2762; x_wconf 67' lang='lat' dir='ltr'>quod</span> <span class='ocrx_word' id='word_1_329' title='bbox 595 2705 769 2754; x_wconf 84' lang='lat' dir='ltr'>tempus,</span> <span class='ocrx_word' id='word_1_330' title='bbox 800 2701 908 2743; x_wconf 87' lang='lat' dir='ltr'>sicut</span> <span class='ocrx_word' id='word_1_331' title='bbox 939 2705 1064 2745; x_wconf 81' lang='lat' dir='ltr'>etiam</span> <span class='ocrx_word' id='word_1_332' title='bbox 1099 2707 1140 2746; x_wconf 92' lang='lat' dir='ltr'>in</span> <span class='ocrx_word' id='word_1_333' title='bbox 1172 2707 1259 2747; x_wconf 89' lang='lat' dir='ltr'>aliis</span> <span class='ocrx_word' id='word_1_334' title='bbox 1297 2707 1516 2764; x_wconf 82' lang='lat' dir='ltr'>gentilium</span> <span class='ocrx_word' id='word_1_335' title='bbox 1546 2706 1714 2761; x_wconf 88' lang='lat' dir='ltr'>reperi-</span> 
     </span>
     <span class='ocr_line' id='line_1_43' title="bbox 232 2753 1711 2818; baseline 0.007 -26"><span class='ocrx_word' id='word_1_336' title='bbox 232 2759 305 2817; x_wconf 74' lang='lat' dir='ltr'>tur</span> <span class='ocrx_word' id='word_1_337' title='bbox 336 2753 530 2808; x_wconf 71' lang='lat' dir='ltr'>historus,</span> <span class='ocrx_word' id='word_1_338' title='bbox 560 2771 640 2810; x_wconf 85' lang='lat' dir='ltr'>per</span> <span class='ocrx_word' id='word_1_339' title='bbox 668 2756 845 2812; x_wconf 88' lang='lat' dir='ltr'>singulas</span> <span class='ocrx_word' id='word_1_340' title='bbox 879 2760 1092 2816; x_wconf 80' lang='lat' dir='ltr'>dictiones,</span> <span class='ocrx_word' id='word_1_341' title='bbox 1125 2779 1232 2818; x_wconf 87' lang='lat' dir='ltr'>quae</span> <span class='ocrx_word' id='word_1_342' title='bbox 1262 2772 1355 2806; x_wconf 85' lang='lat' dir='ltr'>acta</span> <span class='ocrx_word' id='word_1_343' title='bbox 1385 2770 1500 2816; x_wconf 82' lang='lat' dir='ltr'>sunt,</span> <span class='ocrx_word' id='word_1_344' title='bbox 1533 2778 1711 2804; x_wconf 75' lang='lat' dir='ltr'>enarra-</span> 
     </span>
     <span class='ocr_line' id='line_1_44' title="bbox 231 2809 1714 2877; baseline 0.008 -28"><span class='ocrx_word' id='word_1_345' title='bbox 231 2809 380 2852; x_wconf 85' lang='lat' dir='ltr'>hunus.</span> <span class='ocrx_word' id='word_1_346' title='bbox 441 2823 535 2852; x_wconf 83' lang='lat' dir='ltr'>nam</span> <span class='ocrx_word' id='word_1_347' title='bbox 557 2813 615 2853; x_wconf 83' lang='lat' dir='ltr'>sol</span> <span class='ocrx_word' id='word_1_348' title='bbox 644 2812 810 2870; x_wconf 79' lang='lat' dir='ltr'>defecit,</span> <span class='ocrx_word' id='word_1_349' title='bbox 826 2815 1021 2873; x_wconf 85' lang='lat' dir='ltr'>Bithynia</span> <span class='ocrx_word' id='word_1_350' title='bbox 1046 2826 1159 2863; x_wconf 83' lang='lat' dir='ltr'>mota</span> <span class='ocrx_word' id='word_1_351' title='bbox 1190 2827 1262 2876; x_wconf 85' lang='lat' dir='ltr'>est,</span> <span class='ocrx_word' id='word_1_352' title='bbox 1293 2821 1476 2877; x_wconf 84' lang='lat' dir='ltr'>plurima</span> <span class='ocrx_word' id='word_1_353' title='bbox 1507 2821 1714 2864; x_wconf 79' lang='lat' dir='ltr'>Nicaenae</span> 
     </span>
    </p>
   </div>
  </div>
 </body>
</html>
