1728 3184
686 155 887 197 NOTAE.
1421 152 1514 199 361

55 275 156 324 dini,
185 274 291 315 sanis
322 274 374 314 de
401 273 665 328 poenitentia
703 274 907 330 dogmatis
941 274 1069 314 ullum
1112 276 1416 329 praeiudicium
1450 284 1524 318 aut

54 331 250 371 damnum
281 330 434 370 intulit.
491 345 624 384 pauca
644 330 748 371 haec
779 331 892 371 circa
913 331 1179 372 temerariam
1208 333 1520 386 poenitentiarii

54 386 282 428 sacerdotis
320 402 343 426 a
375 387 572 427 Nectario
604 401 748 428 rerum
777 387 1148 428 ecclesiasticarum
1185 389 1318 429 minus
1350 396 1522 444 experto

52 443 382 499 abrogationem,
414 443 527 483 circa
549 458 675 498 quam
703 443 822 483 multi
847 443 976 483 multa
1008 443 1104 482 falsa
1132 449 1174 483 ct
1203 445 1378 485 inutilia.
1437 447 1521 486 Ne-

54 499 210 540 otarius
242 499 354 540 enim
384 499 625 565 Neophytus
653 499 704 540 ab
736 499 1007 541 Eudaemone
1037 499 1253 540 sacerdote
1278 503 1371 555 pari
1401 501 1521 554 igno-

50 557 187 596 rantia
225 554 486 608 damnando,
526 570 569 596 in
606 571 822 608 errorem,
873 563 915 598 et
959 555 992 595 si
1023 555 1081 596 vis
1129 556 1315 607 crimen,
1371 557 1522 598 abduci

50 611 210 668 potuit.

165 681 262 735 112,
297 681 364 723 13.
422 679 548 735 νόμον
586 680 790 738 ἔγραψεν]
822 683 872 724 dc
901 684 979 725 hac
994 683 1220 724 Theodosii
1249 684 1337 739 lege
1361 693 1402 726 et
1431 685 1522 725 dia..

49 739 307 780 conissarum
336 745 472 781 aetate
504 740 675 795 copiose
703 747 746 782 et
773 739 938 782 erudite
967 740 1130 782 disserit
1146 741 1390 782 Franciscus
1420 742 1522 782 Hal-

47 797 139 847 tier,
171 795 222 837 de
248 796 374 836 sacris
402 796 674 839 electionibus
706 803 749 839 et
775 797 1141 839 ordinationibus:
1174 804 1216 839 et
1248 803 1323 839 n‘os
1353 798 1453 839 olim
1480 799 1522 839 in

51 851 352 908 euchologicis.

162 924 272 966 Ibid.
305 924 370 968 18.
429 924 658 966 Πλακίλλα
688 924 714 979 ἦ
743 923 935 981 γαμετή]
983 941 1078 968 cnm
1123 941 1213 966 eam
1257 934 1355 968 ante
1382 928 1523 982 plures

49 995 180 1021 annos
210 997 257 1022 ex
286 981 520 1023 Marcellini
564 982 792 1037 chronice,
822 989 864 1025 et
895 999 942 1025 ex
968 983 1142 1024 Baronii
1171 984 1337 1025 calculis
1365 985 1419 1025 ad
1445 1001 1523 1025 an-

48 1052 149 1078 num
179 1035 261 1078 387
303 1052 414 1078 num.
444 1037 499 1079 58
541 1039 691 1079 obiisse
726 1046 910 1091 constet,
952 1041 1080 1094 magis
1122 1039 1309 1094 placeret
1338 1042 1522 1082 auctoris

51 1092 300 1134 textus'hoc
327 1100 453 1149 pacto
480 1095 755 1150 interpolatus
773 1126 784 1146 ‚
819 1098 1066 1150 Πλακίλλης
1094 1094 1169 1148 τῆς
1197 1095 1383 1150 γαμετῆς
1415 1097 1522 1138 Θεο-

48 1142 195 1190 δοσίου
237 1151 540 1205 κοιμηθειῖτης,
580 1150 737 1204 ταύτης
775 1148 1031 1206 ἀνδριάντα,
1071 1158 1148 1192 etc.
1219 1154 1276 1192 ita
1305 1160 1444 1194 tamen
1475 1160 1522 1195 ut

52 1208 181 1247 etiam
206 1207 337 1248 verba
364 1205 423 1263 τῷ
452 1206 490 1247 δ’
519 1204 634 1264 αὐτῷ
665 1204 748 1248 ἔτει
778 1224 981 1264 nusquam
1013 1208 1235 1250 retinenda
1265 1223 1467 1251 censeam.

163 1282 256 1331 113,
284 1282 330 1324 9.
387 1275 798 1334 ἐπιστρατεύσαντος
819 1278 1066 1332 Θεοδοσίου]
1096 1281 1304 1336 expeditio
1325 1283 1522 1324 Theodo-

50 1335 99 1374 sii
131 1336 173 1375 in
201 1335 437 1391 Eugenium
465 1336 579 1377 annis
611 1336 771 1378 duobus
798 1346 1118 1392 praeoccupata.
1178 1338 1356 1380 videnda
1386 1354 1522 1396 nuper

49 1392 207 1447 scripta
240 1394 294 1433 ad
324 1408 479 1433 annum
514 1393 697 1434 eiusdem
726 1393 1034 1435 duodecimum.

158 1465 268 1508 Ibid.
302 1468 370 1510 12.
439 1461 614 1517 μιτάτα]
647 1466 699 1507 de
726 1469 903 1519 metatis,
932 1467 1017 1507 sive
1060 1467 1333 1508 metationibm
1361 1473 1519 1508 castro-

49 1536 145 1561 rum
174 1529 217 1563 et
243 1522 509 1563 metatoribus
546 1522 805 1564 Pancirollus
845 1523 887 1564 in
919 1524 1112 1564 notitiam
1155 1525 1333 1578 imperii.
1390 1523 1519 1565 codex

48 1577 207 1619 Theod.
229 1577 299 1620 lib.
323 1577 348 1619 7
380 1580 447 1619 tit.
473 1577 502 1619 8
530 1584 572 1619 et
600 1579 676 1635 leg.
702 1579 907 1621 novellar.
934 1580 1097 1622 Theod.
1130 1580 1197 1621 tit.
1231 1582 1295 1624 16.

164 1661 259 1714 114,
294 1664 363 1706 10.
422 1662 580 1703 Νείλου
621 1662 817 1715 ποταμοῦ
857 1659 961 1704 κατὰ
987 1659 1033 1704 τό
1065 1660 1180 1714 ἔθος]
1214 1664 1320 1704 hanc
1347 1661 1398 1704 de
1426 1663 1519 1704 Nilo

49 1715 269 1759 historiam
292 1718 353 1760 'ad
380 1723 542 1774 tempus
571 1734 655 1774 quo
678 1719 841 1765 Ioannis
869 1720 1072 1775 baptistae
1102 1726 1229 1776 caput
1248 1721 1332 1761 GP.
1359 1721 1519 1761 illatum

47 1779 122 1824 est,
143 1775 395 1816 Sozomenus
426 1775 535 1816 lib.7
566 1790 657 1831 cap.
676 1775 730 1816 90
750 1783 792 1817 et
814 1775 864 1817 21
900 1782 1094 1818 revocat:
1128 1791 1219 1818 eam
1245 1791 1349 1817 vero
1383 1782 1519 1817 trans·-

46 1830 243 1872 lationem
277 1846 385 1872 anno
407 1832 631 1873 Theodosii
660 1833 709 1873 12
749 1834 937 1887 Prosper
964 1839 1005 1874 et
1026 1834 1289 1875 Marcellinus
1319 1834 1359 1873 in
1389 1833 1517 1873 chro-

47 1886 162 1936 nicis,
193 1888 516 1930 Alexandrinum
546 1896 684 1930 autem
712 1889 762 1930 13
795 1890 1054 1946 consignant.

155 1960 263 2001 Ibid.
297 1964 361 2006 18.
434 1957 660 2010 Θεοδόσιος
693 1959 955 2015 ὃβασιλεύς]
996 1977 1105 2003 anno
1147 1963 1310 2017 imperii
1354 1961 1514 2002 decimo

47 2016 223 2071 quinto,
255 2018 308 2058 ad
350 2018 524 2058 tertium
572 2019 697 2072 ipsius
743 2019 1029 2070 consulatum,
1070 2020 1353 2060 Theodosium
1380 2026 1513 2059 castra

44 2073 221 2114 movisse
249 2074 291 2113 in
319 2074 551 2128 Eugenium
582 2076 773 2116 Socrates
818 2076 889 2117 lib.
920 2076 946 2118 5
977 2091 1071 2131 cap.
1102 2076 1333 2131 penultimo
1364 2081 1515 2115 auctor

47 2136 133 2169 est:
164 2144 366 2185 pugnasse
390 2145 493 2171 vero
514 2146 561 2172 ac
582 2132 723 2173 vicisse
745 2147 852 2173 anno
874 2139 1084 2190 sequente,
1115 2132 1298 2173 Arcadio
1327 2132 1512 2183 tertium,

47 2191 89 2227 et
121 2186 315 2227 Honorio
344 2187 573 2228 secundum
603 2203 703 2229 coss,
735 2190 881 2234 refert.

149 2247 256 2311 '115,
289 2264 327 2305 1.
399 2257 704 2314 Ἀργαβάστης]
739 2262 810 2316 qui
841 2277 934 2318 pag.
967 2260 1020 2304 60
1050 2262 1250 2304 scribitur
1273 2259 1512 2314 Ἀρτάβασ-

47 2314 133 2364 δος.
165 2315 217 2357 de
246 2332 332 2372 quo
361 2317 500 2357 variae
529 2316 740 2360 lectiones,

161 2389 273 2429 Ibid.
300 2387 339 2432 3.
412 2384 466 2429 τὰ
498 2389 582 2429 τῶν
615 2390 861 2444 προφητῶν]
904 2390 956 2431 ad
985 2390 1212 2431 Theodosii
1246 2389 1353 2428 vitae
1383 2401 1512 2427 annos

45 2451 250 2486 extremos
284 2445 590 2500 prophetarum
624 2448 792 2488 inventa
832 2462 1019 2502 corpora
1049 2448 1232 2502 suggerit
1261 2447 1512 2485 sozomenus

43 2500 118 2542 lib.
151 2500 176 2541 7
209 2516 304 2556 cap.
333 2502 408 2542 ult.

178 2574 287 2614 Ibid.
322 2573 360 2615 6.
419 2569 590 2614 ἐλθόντι
620 2573 665 2615 δὲ
694 2575 753 2631 τῷ
784 2577 958 2626 βασιλεῖ
993 2576 1052 2623 εἰς
1078 2571 1258 2627 Ῥώμην]
1289 2573 1362 2613 ista
1393 2586 1511 2612 com-

42 2629 207 2669 modius
235 2631 275 2670 in
304 2646 456 2670 annum
485 2638 742 2685 sequentem,
772 2647 855 2687 quo
884 2639 1003 2686 parta
1036 2632 1085 2672 de
1114 2630 1300 2684 Eugenio
1337 2628 1511 2669 victoria

43 2684 295 2727 Theodosius
316 2689 493 2729 Romam
524 2688 731 2741 profectus
759 2696 831 2740 est,
864 2689 1106 2730 reiiciendu.

153 2758 258 2800 Ihid.
294 2760 334 2801 7.
389 2756 533 2817 γνώμῃ
561 2760 839 2811 Ἰννοκεντιόυ]
873 2762 974 2802 haec
996 2768 1132 2802 tannen
1164 2760 1337 2801 historia
1371 2758 1507 2800 Siricii
