1728 3184
667 171 868 213 NOTAE.
1398 173 1495 217 533

24 289 250 340 sciverant).
279 291 488 332 cadavera
511 291 844 346 proficiebamur.
903 293 955 333 de
976 293 1115 334 iisdem
1141 295 1293 335 iterum
1322 294 1494 335 inferius

27 360 121 401 pag.
150 344 250 388 367.

133 416 243 474 648,
275 419 344 460 17.
403 416 687 469 ἐπόμπευσεν]
731 420 901 473 exponit
944 421 1215 475 Nicephorius,
1245 421 1373 462 αὔτὸν
1401 437 1491 475 χιι-

22 474 202 525 ροῦται·
257 473 334 515 καί
355 473 437 515 οὑν
466 479 552 522 τοῖς
581 471 717 516 υἱέσιν
746 475 882 516 αὐτοῦ
901 475 1109 528 ὁέσμότας
1134 478 1205 519 ε’πί
1234 477 1391 532 ιὶγῶνος
1419 477 1488 519 in-

25 528 152 570 πικοῦ
177 529 311 571 ἕλκων
340 527 612 584 θριαμβεύει.

131 600 229 655 649,
241 603 285 644 7.
343 600 726 659 Λαχᾰκ]1)αε1ιαια
749 606 996 660 pronuntiat
1029 608 1274 656 Anastasius,
1306 615 1349 647 ut
1368 607 1492 648 Χαλ-

19 655 205 713 βανούς,
247 660 496 702 chalbenos:
546 660 598 700 de
634 663 781 716 quibus
821 662 1093 703 Ecchellensis
1123 663 1174 704 de
1206 664 1387 703 Arabum
1415 679 1490 719 ge—

22 715 225 773 nealogia.

129 794 250 837 Ibid.
310 789 334 834 ὅ
354 795 440 836 τῶν
464 794 750 850 Ἀρουριτῶν]
779 797 1103 839 kararitasinter
1130 798 1235 839 Caisi
1266 797 1371 838 finos
1400 813 1490 839 me·-

21 857 164 890 morat
204 851 491 893 Eecheliensis.
560 853 661 894 haec
707 867 841 905 porro
889 855 945 893 ita
987 855 1115 895 vertit
1153 855 1410 903 Anastasius,
1442 861 1490 896 ut

15 907 172 1004 Ξίιιιεξέξ
195 918 337 949 contra
365 909 577 963 Mar-nam,
606 919 646 951 et
671 910 866 951 Dachata
893 911 1142 951 Ruriteasem
1169 926 1284 952 arma
1312 911 1488 952 movisse

128 1040 225 1093 650,
256 1042 296 1086 8.
354 1041 428 1084 καί
455 1040 494 1083 οἱ
526 1042 847 1084 ςΗλιουτιολῑίἀι
876 1045 951 1085 καί
977 1045 1282 1099 Δαμασκηνοί]
1311 1045 1412 1085 haec
1442 1046 1483 1086 in

16 1099 438 1155 reliquiscodicibus
479 1100 584 1141 lecta
628 1106 671 1142 et
712 1102 763 1142 ab
791 1102 1002 1142 Anastasio
1035 1102 1160 1142 iatine
1203 1101 1365 1142 reddita
1399 1117 1483 1143 non

15 1160 156 1196 extant
182 1155 224 1195 in
255 1156 399 1212 Regio.

126 1234 239 1276 Ibid.
269 1233 337 1276 19.
394 1231 441 1276 ἐν
478 1236 703 1292 Βυζαντίῳ
731 1233 973 1292 μετῴκισεν]
1011 1235 1179 1276 immani
1221 1235 1411 1276 vastitate
1441 1237 1483 1277 iu

14 1289 165 1331 urbem
198 1297 242 1332 et
267 1291 491 1332 Thraciam
535 1293 792 1347 pestilentiae
835 1293 872 1331 vi
918 1293 1030 1333 illata
1073 1292 1252 1333 desertas
1296 1292 1482 1333 civitates

13 1346 132 1387 novis
161 1347 307 1388 incolis
336 1349 705 1404 frequentaturum
746 1350 1062 1404 Copronymum
1106 1364 1152 1390 ex
1181 1349 1408 1402 provinciis
1440 1355 1483 1389 et

14 1403 154 1443 insulis
183 1405 397 1446 Romanae
425 1407 623 1460 potestati
661 1406 855 1446 subiectis
893 1405 1083 1446 homines
1111 1406 1303 1446 excivisse
1335 1410 1482 1445 narrat

11 1459 271 1515 Nicephorus
300 1476 391 1516 pag.
421 1461 488 1502 41.
520 1477 666 1502 verum
695 1462 966 1517 pestilentiae,
996 1478 1120 1518 quam
1152 1476 1280 1502 annus
1308 1475 1480 1516 sequens

14 1517 123 1568 tulit,
153 1519 281 1573 stragi
313 1517 570 1574 reparandae
612 1519 652 1559 id
686 1521 824 1561 fecisse
853 1524 1043 1559 testatur.
1104 1519 1302 1559 videndus
1332 1524 1479 1558 auctor

17 1574 70 1614 ad
98 1589 254 1614 annum
286 1575 386 1629 imp.
419 1575 538 1616 buius
572 1575 635 1615 15.

124 1657 238 1700 Ibid.
261 1657 328 1699 20.
356 1660 678 1713 μονοφυσίταις]
708 1659 781 1715 qui
807 1660 890 1699 sint
909 1659 1079 1714 exponit
1104 1665 1255 1699 auctor
1279 1658 1330 1699 ad
1358 1673 1479 1713 prae-

11 1715 144 1754 fatum
172 1731 340 1756 annum.
399 1723 526 1756 notae
556 1732 637 1756 una
670 1716 790 1756 simui
825 1717 1073 1756 lustrandae,

122 1787 219 1840 651,
249 1789 288 1829 2.
345 1785 418 1842 τήν
446 1787 599 1840 τριάδα
627 1789 926 1840 σταυροῦντες]
961 1788 1074 1844 quod
1092 1788 1265 1843 hymnus
1294 1792 1360 1827 ter
1387 1801 1479 1826 san·

12 1850 101 1884 ctus
134 1845 176 1885 in
207 1845 266 1886 his
286 1846 423 1887 verbis
455 1846 507 1885 ab
538 1847 692 1899 angeiis
720 1853 970 1899 conceptus:
1000 1854 1160 1885 sanctus
1187 1844 1294 1894 dem,
1320 1853 1478 1883 sanctus

0 1900 144 1956 fortis,
175 1911 337 1943 sanctus
363 1912 404 1943 ec
429 1903 688 1953 immor-talisi,
719 1903 908 1942 miser-ere
923 1903 1065 1942 nobis.-
1097 1906 1139 1941 et
1165 1900 1216 1939 ad
1247 1900 1383 1948 deum,
1405 1899 1476 1953 qui

11 1959 146 1997 trinus
177 1965 250 2009 est,
277 1965 319 1999 et
349 1959 509 1998 unitate
529 1958 682 2010 gaudet
702 1959 866 2008 relatus,
896 1959 947 1998 ab
975 1959 1029 1998 eis
1050 1958 1350 1997 incrementum
1371 1956 1478 1995 istud

11 2014 246 2069 acceperit:
284 2016 358 2070 qui
390 2014 618 2067 crucifixi&
646 2030 688 2055 es
714 2029 796 2070 pro
813 2015 940 2064 nobis,
970 2016 1160 2054 miserere
1184 2014 1326 2054 nobis.-
1361 2013 1475 2067 quasi

11 2069 110 2111 deus
138 2070 317 2126 propria
347 2071 389 2111 in
418 2071 645 2112 substantia
675 2086 812 2126 passus
835 2072 979 2111 suerit.

121 2144 231 2188 Ibid.
264 2142 330 2184 14.
400 2141 614 2198 λοιμώδης
645 2140 791 2198 νόσος]
836 2159 983 2200 parem
1023 2143 1108 2185 eius
1154 2141 1474 2195 descriptionem

10 2202 182 2256 profert
207 2200 465 2256 Nicephorus
494 2216 591 2256 pag.
627 2199 694 2242 40.

73 2313 77 2316 ,
120 2275 232 2317 'Ibid-
266 2273 329 2314 17.
388 2267 518 2328 ἦλθεν
549 2274 604 2314 δι’
632 2269 733 2327 ὅλης
760 2272 832 2324 τῆς
861 2268 916 2312 ιδ’
939 2270 1213 2321 ι’νδικτιαῖνος]
1244 2284 1349 2324 quae
1376 2269 1472 2307 anni

9 2331 238 2385 superioris
268 2339 367 2371 nota
387 2336 460 2383 est,
488 2339 533 2371 ut
565 2331 869 2386 quintadecima
901 2329 1138 2384 praesentis.
1197 2342 1279 2367 uno
1313 2331 1473 2364 tautum

10 2402 120 2428 anno
151 2388 263 2428 luem
294 2394 519 2442 grassatam
546 2402 639 2427 cum
658 2401 877 2427 numerosa
906 2392 1056 2440 strage,
1085 2383 1283 2439 paulatim
1313 2381 1473 2421 desiisse

10 2449 159 2485 narrat
186 2444 466 2499 NicephoruS.

0 2502 4 2509 Χ
120 2515 218 2568 652,
249 2516 289 2560 9.
356 2516 592 2573 φαντασίαι
634 2514 695 2563 εἰς
725 2511 907 2562 πολλοὺς
936 2513 1017 2554 τῶν
1051 2507 1301 2564 ἄνθρώπων]
1331 2503 1470 2562 ὥσπερ

10 2570 60 2630 ῥὲ
84 2569 350 2628 ἐξεστηκότες
395 2572 455 2628 τῷ
493 2571 581 2612 δέει
631 2567 670 2611 οἱ
708 2564 957 2624 ἅνθρωποι,
1002 2567 1075 2608 καί
1104 2562 1471 2620 φαντασιούμενοι,

1 2619 188 2671 ιἓδοίεουν
214 2624 363 2678 αὖτοῖς
385 2627 444 2677 ὥς
472 2628 603 2679 ξένοις
617 2627 704 2668 τισί
729 2624 986 2667 συνοδεύειν.

6 2749 10 2758 ⁵
117 2706 213 2760 653,
242 2707 282 2748 3.
341 2703 423 2749 ὑπὸ
454 2703 810 2760 τετρακανθήλου]
855 2711 900 2744 ut
927 2700 1130 2755 κανθήλια
1164 2699 1335 2740 clitellae
1360 2703 1468 2746 sunt,

7 2762 65 2806 ita
93 2761 434 2820 τετρακάνθηλον
450 2762 686 2805 machinam
708 2767 911 2818 quattuor
931 2758 1165 2800 animalium
1194 2757 1235 2796 iu
1266 2754 1471 2811 quadrum

620 2889 639 2906 l
