1768 3268
248 200 340 244 130
465 198 744 243 ANASTASu
788 195 1045 239 HISTORIA
1074 188 1484 236 ECCLESIASTICA

240 331 314 356 nus
341 315 569 356 infortunio
600 319 819 368 comperto
850 312 891 353 in
929 310 1142 366 regionem
1178 322 1292 348 suam
1323 317 1510 346 reversus
1541 306 1628 354 cst,
1658 309 1700 344 et

238 373 398 412 Priscus
429 372 481 412 ad
519 370 706 426 propria.
1450 385 1452 387 ·

346 443 492 484 Mundi
523 457 632 483 anno
666 439 789 492 6092,
819 438 981 480 divinae
1019 434 1314 478 incarnationis
1345 447 1455 473 anno
1486 430 1583 481 592,
1617 430 1699 471 im-

223 506 408 554 perante
438 499 645 540 Mauricio
676 498 727 539 18
758 511 881 547 anno,
911 494 1083 550 sumptis
1113 492 1335 534 virtutibus
1363 490 1527 529 Priscus
1557 488 1695 542 Singi-

107 579 141 614 p.
154 566 222 601 429
236 557 384 597 donem
411 556 552 596 venit:
599 555 801 609 chaganus
841 567 942 593 vero
973 555 1227 606 congregato
1257 546 1438 602 proprio
1468 550 1696 600 potentatu

233 613 370 653 subito
403 612 557 667 Mysiae
585 612 710 662 adest,
744 616 785 650 et
799 611 999 649 Tomeam
1020 607 1179 647 'urbem
1208 618 1359 659 capere
1390 603 1553 644 nititur.
1582 616 1692 656 pro-

233 675 379 723 pterea
410 668 571 708 Priscus
593 667 817 722 Singidone
837 666 981 705 relicta
1009 663 1108 703 huic
1131 661 1309 702 efficitur
1337 659 1564 714 proximus.
1599 672 1695 697 cum

231 731 369 765 autem
402 724 598 779 paschalis
627 723 821 764 festivitas
841 721 1071 761 haberetur
1100 725 1142 758 et
1158 716 1335 759 Romani
1369 716 1477 756 fame
1506 715 1694 755 tabesce-

231 787 356 828 rent,
386 780 552 820 audiens
592 779 793 833 chaganus
827 778 968 817 Prisco
1007 775 1264 830 significabat
1303 778 1350 812 ut
1392 772 1468 812 sibi
1510 771 1697 826 plaustra

230 838 413 877 mitteret
438 836 489 876 ad
508 835 767 890 deportanda
796 834 871 874 illis
901 836 1107 882 alimenta,
1139 831 1332 886 quatinus
1362 843 1457 868 cum
1479 828 1693 868 hilaritate

228 894 490 934 festivitatem
526 892 745 947 propriam
784 891 1055 932 celebrarent.
1089 885 1143 928 40
1185 887 1328 942 itaque
1357 885 1542 940 plaustra
1568 883 1694 939 plena

229 950 289 989 his
332 949 470 990 mittit.
541 949 635 1002 pari
676 947 801 987 modo
833 953 874 988 et
914 947 1076 987 Priscus
1117 944 1271 998 species
1317 942 1477 982 Iudicas
1506 942 1694 982 barbaro

230 1006 423 1060 quasdam
454 1005 621 1055 remisit,
653 1004 775 1058 piper
793 1004 986 1045 videlicet
1015 1009 1056 1043 et
1087 996 1234 1041 folium
1251 999 1439 1040 Indicum
1461 1003 1503 1038 et
1533 1003 1697 1038 costum

230 1068 272 1102 et
305 1061 470 1102 cassiam
512 1067 637 1116 atque
679 1061 756 1100 alia
785 1075 831 1101 ex
865 1060 926 1099 his
968 1073 1074 1115 quae
1106 1062 1383 1113 quaeruntur,
1416 1070 1512 1095 cum
1543 1053 1697 1109 chaga-

228 1132 302 1157 nus
341 1117 452 1171 apud
496 1117 694 1158 Sirmium
733 1117 948 1157 resideret.
1022 1114 1094 1170 qui
1135 1113 1314 1168 receptis
1354 1112 1416 1152 his
1445 1110 1605 1167 gavisus
1634 1117 1696 1151 est

226 1188 352 1227 super
379 1175 457 1225 eis3
488 1180 528 1214 et
560 1173 693 1214 donec
720 1174 1006 1227 compleretur
1034 1171 1117 1211 dies
1139 1171 1277 1223 festus,
1307 1168 1486 1209 Romani
1516 1182 1565 1208 ae
1592 1168 1694 1207 bar-

225 1230 316 1269 bari
344 1230 503 1284 pariter
530 1229 794 1280 habitabant,
826 1235 867 1269 et
898 1243 983 1268 non
1023 1235 1115 1268 erat
1143 1227 1184 1266 in
1218 1226 1438 1281 utriusque
1465 1223 1693 1264 virtutibus

225 1286 367 1326 timor.
395 1279 604 1340 ‘cumque
635 1287 777 1327 fuisset
803 1285 886 1326 dies
916 1285 1039 1325 festus
1078 1284 1325 1338 completus,
1365 1281 1540 1323 barbari
1570 1295 1693 1334 sepa-

19 1363 55 1398 p.
73 1346 142 1384 430
170 1350 212 1384 15
225 1342 305 1382 rati
332 1347 426 1381 sunt
462 1357 484 1381 a
510 1342 717 1394 Romanis,
752 1348 794 1382 et
823 1341 1043 1395 Drizipera
1072 1341 1284 1381 venientes
1317 1339 1527 1379 civitatem
1557 1331 1695 1391 depo-

223 1398 353 1452 pulati
376 1404 482 1449 sunt,
505 1404 546 1438 et
561 1399 605 1438 S.
630 1397 850 1438 Alexandri
868 1398 1081 1438 ecclesiam
1099 1396 1396 1448 incenderunt,
1427 1394 1693 1448 sepulcrum-

224 1469 303 1509 que
333 1454 457 1508 ipsius·
485 1460 640 1495 tectum
669 1460 844 1509 argento
886 1460 1103 1509 repertum
1133 1453 1380 1508 despoliant,
1411 1452 1480 1493 sed
1513 1456 1555 1491 et
1586 1450 1697 1501 iniu-

225 1511 294 1550 riis
328 1525 497 1565 quoque
528 1525 680 1565 corpus
709 1512 907 1567 martyris
940 1510 1177 1562 afficientes,
1209 1509 1470 1564 multamque
1502 1507 1543 1546 in
1560 1507 1697 1547 Thra-

224 1581 270 1607 ce
298 1566 496 1620 praedam
526 1574 750 1621 captantes,
782 1568 1062 1622 epulabantur
1089 1566 1319 1621 splendide,
1352 1572 1504 1605 contra
1534 1565 1695 1604 Roma-

229 1622 439 1686 nos-elati.
499 1637 676 1679 cumque
708 1624 988 1664 Comentiolus
1022 1625 1202 1664 venisset
1229 1617 1490 1678 Byzantium,
1520 1621 1695 1660 maxima

226 1678 321 1742 urbi
351 1679 536 1719 turbatio
567 1686 607 1720 et
634 1686 765 1720 aestus
799 1681 1013 1729 incubuit,
1046 1681 1105 1720 ita
1134 1687 1182 1720 ut
1211 1681 1364 1719 timore
1393 1677 1551 1719 detenti
1586 1691 1694 1717 con-

226 1735 360 1774 silium
389 1743 586 1799 caperent
613 1737 825 1791 Europam
855 1737 1071 1778 deserendi
1096 1744 1138 1778 et
1160 1737 1201 1777 in
1223 1736 1360 1776 Asiam
1392 1741 1434 1776 et
1463 1733 1696 1774 Chalcedo-

227 1805 322 1831 nem
349 1792 570 1845 migrandi.
628 1793 727 1847 quin
765 1800 805 1834 et
833 1795 1069 1849 imperator
1097 1793 1410 1834 excubitoribus
1442 1796 1694 1845 armatoque

227 1853 269 1886 et
299 1848 429 1887 electo
461 1863 592 1888 cuneo
621 1855 785 1903 sumpto
816 1865 957 1890 muros
998 1852 1138 1906 longos
1185 1850 1381 1889 munivit.
1441 1848 1587 1902 vulgus
1617 1862 1694 1886 au..

227 1910 312 1943 tem
340 1904 488 1967 urbem
518 1906 787 1957 custodiebat,
819 1915 859 1947 et
879 1913 1041 1947 senatus
1065 1907 1362 1947 commonebat
1392 1905 1695 1959 imperatorem

228 1959 476 2014 legationem
523 1960 574 2001 ad
619 1962 845 2018 chaganum
886 1964 1093 2004 mittendi.
1163 1964 1263 2004 deus
1295 1969 1437 2003 autem
1467 1959 1694 2000 vindictam

228 2017 424 2079 martyris
465 2017 681 2082 Alexandri
720 2020 870 2060 faciens
906 2021 1168 2074 pestilentem
1208 2020 1456 2075 languorem
1499 2016 1694 2057 barbaris

228 2071 394 2136 {ntul't’
425 2079 488 2137 ‘et
523 2089 562 2113 m
593 2089 678 2115 uno
719 2075 783 2116 die
811 2082 967 2130 septem
1011 2078 1115 2117 filios
1158 2076 1334 2132 chagani
1360 2089 1440 2130 per
1470 2074 1620 2114 febrim
1653 2079 1695 2113 et

230 2141 504 2192 inguinariam
531 2130 759 2193 passionem
787 2133 963 2185 occidit,
1001 2149 1083 2174 una
1125 2149 1221 2174 eum
1250 2133 1336 2173 aliis
1375 2127 1509 2171 turbis
1540 2129 1693 2180 multis,

228 2190 364 2247 ita-ut
392 2199 470 2238 pro
499 2187 738 2241 triumphali
769 2189 919 2242 gaudio
958 2191 1212 2231 carminibus
1256 2205 1305 2230 ac
1333 2188 1502 2229 canticis
1534 2186 1693 2226 lamen..

228 2245 404 2304 tationes
424 2247 465 2282 et
488 2241 672 2283 lacrimas
701 2260 747 2285 ac
778 2246 910 2286 luctus
940 2248 1027 2287 sine
1056 2247 1340 2288 consolatione
1365 2244 1569 2285 barbarus
1599 2256 1697 2297 pos-

228 2294 391 2336 sideret.
458 2305 500 2338 at
531 2314 630 2362 yero
676 2308 834 2342 senatus
881 2304 1059 2358 rogabat
1102 2305 1319 2344 Caesarem
1361 2301 1614 2356 legationem
1643 2299 1695 2339 ad

230 2351 460 2406 chaganum
494 2357 695 2397 mittendi.
753 2359 984 2413 imperator
1004 2367 1142 2400 autem
1173 2362 1469 2400 Armatzonem
1499 2357 1611 2396 misit
1640 2354 1693 2395 ad

231 2407 459 2471 chagauum
495 2426 589 2475 eum
620 2415 859 2455 muneribus
905 2416 1041 2455 multis
1071 2417 1308 2470 Drizipera,
1340 2415 1411 2471 qui
1444 2413 1582 2454 verbis
1611 2411 1693 2452 mi..

233 2465 338 2503 tibus
383 2466 597 2531 blanditur
639 2470 872 2511 barbarum.
947 2480 988 2512 at
1019 2473 1085 2513 ille
1123 2469 1292 2513 nolebat
1325 2472 1434 2512 dona
1465 2470 1692 2523 suscipere,

94 2540 127 2575 p.
149 2526 218 2562 432
233 2519 409 2561 lamento
442 2525 693 2587 ¹.¹¹t⁰.¹⁸¹“²¹¹'⁵¹i
732 2527 912 2567 liliorum
955 2529 1168 2569 detentus:
1212 2530 1376 2570 dicebat
1406 2527 1516 2568 enim
1546 2526 1599 2565 ad
1633 2526 1694 2566 le-

230 2582 370 2638 gatum
406 2582 434 2643 ‘⁴‘
450 2579 604 2620 iudicet
629 2582 726 2622 deus
770 2584 878 2623 inter
905 2600 971 2624 me
1014 2591 1054 2625 ct
1090 2586 1392 2639 imperatorem
1424 2583 1694 2624 Mam—icium:

230 2646 317 2684 lpse
347 2634 512 2698 (llud-em
534 2651 679 2690 pacem
698 2638 891 2689 dissolvit,
924 2656 1000 2695 ego
1020 2657 1123 2681 vero
1153 2643 1339 2695 captivos
1372 2642 1408 2681 ei
1440 2639 1586 2688 reddo,
1617 2652 1695 2691 per

233 2701 354 2750 unnam
386 2705 559 2756 animam
607 2710 735 2734 unum
775 2698 974 2737 numisma
1022 2706 1298 2753 percepturus
1331 2699 1381 2737 ab
1413 2698 1503 2740 eo.'⁷
1534 2695 1696 2735 Mauri-

231 2758 316 2807 cius
347 2753 482 2809 aulem
516 2749 553 2787 id
583 2749 680 2791 dare
701 2752 868 2792 minime
898 2768 1031 2806 passus
1065 2762 1134 2795 est.
1162 2750 1165 2752 ’
1195 2756 1348 2795 iterum
1381 2754 1585 2809 chaganus
1617 2765 1693 2805 pe-

231 2805 297 2839 fllt
325 2814 404 2855 per
437 2806 608 2858 singulas
638 2808 789 2848 animas
832 2809 1052 2850 dimidium
1093 2812 1283 2866 accipere
1335 2824 1559 2851 nummum.
1634 2813 1695 2847 ast
