1728 3184
656 197 856 241 NOTAE.
1378 189 1475 241 345

11 317 136 358 nicon
170 310 367 356 Alexand.
425 310 634 378 πρότερον
676 306 863 365 ειληφώς
890 307 934 350 τὸ
965 324 1083 363 aym»
1110 309 1332 364 βάπτισμα
1357 310 1476 364 παρὰ

9 369 221 436 Εύζωΐου
247 364 480 409 ἐπισκόπου
513 363 780 419 Ἀντιοχείας
819 369 1155 418 μετασταλέντος
1204 369 1248 408 ἐν
1285 370 1339 425 τῇ
1370 367 1482 423 αυτῇ

6 429 117 483 μονῇ
144 421 226 466 ὑπὸ
256 425 330 466 τοῦ
371 422 510 464 αὐτοῦ
539 423 854 465 Κωνσταντιόυ.
924 423 1040 463 cuius
1072 424 1291 478 interpres.
1322 433 1481 480 accepto

7 485 65 525 ab
89 470 253 524 Ἐιιωῖο
263 480 524 521 Antiochiae
550 480 737 544 episcopo
765 494 822 518 ex
849 479 1091 520 monasterio
1120 484 1263 533 (prave
1293 481 1480 521 omnino.

10 553 183 594 repone.
239 535 301 577 ad
327 551 419 576 eam
450 537 579 591 ipsam
611 536 845 576 stacionem.-
890 536 943 575 de
970 551 1051 590 qua
1083 543 1180 576 ante
1210 544 1328 577 notas
1356 551 1484 577 unam

12 602 56 637 et
83 596 273 644 alteram)
300 607 380 648 per
407 593 686 632 Constantium
726 594 947 642 accersito,
976 593 1227 647 baptismate.

122 660 191 712 70,
221 658 289 700 16.
347 658 422 712 τῆς
467 658 515 699 δὲ
552 655 754 711 περιόδου
799 657 897 713 φλβ’
925 654 1161 713 α’ρχομένης
1198 659 1270 713 τῆς
1299 658 1370 714 ιβ’]
1408 673 1486 714 cy-

11 719 98 759 clus
131 714 502 758 decemnovellanis
528 715 651 755 lunae
678 729 755 769 per
779 716 976 767 solarem,
1007 716 1080 770 qui
1113 723 1174 757 est
1203 730 1411 756 annorum
1432 716 1487 757 28

13 776 187 824 ductus,
218 771 440 827 periodum
484 786 693 812 annorum
735 771 816 811 532
848 772 1078 812 constituit.
1146 772 1250 813 haec
1281 773 1414 812 decies
1440 787 1487 812 ac

11 830 136 871 semel
165 829 343 884 repetita
369 842 497 867 annos
527 827 668 868 reddit
682 828 805 878 5852,
865 843 996 883 quare
1023 828 1188 882 periodi
1217 827 1488 869 duodecimae

13 901 222 927 annorum
251 882 333 926 532
361 884 520 938 primus
548 885 661 924 limes
690 898 800 923 anno
829 883 940 925 5853
968 885 1133 938 figetur.
1192 885 1398 925 variantes
1430 886 1488 924 le-

13 944 171 985 ctiones
201 940 428 983 ostendunt
455 940 526 980 hic
553 939 844 995 reponendum
877 941 952 993 τῆς
984 940 1030 981 δὲ
1061 939 1116 980 ια’
1142 938 1346 992 περιόδου
1377 936 1488 995 «pm.

126 1009 195 1061 71,
225 1007 266 1049 5.
325 1002 397 1048 διὰ
443 1006 607 1059 πλῆθος
648 1005 869 1060 αμαρτιῶν
905 1006 1040 1061 ἡμῶν]
1088 1014 1135 1048 ut
1172 1008 1326 1047 malum
1366 1023 1491 1048 omne

14 1080 178 1122 poenae
224 1064 352 1106 etiam
392 1064 434 1104 in
475 1070 748 1118 posterorum
789 1072 1010 1118 peccatum
1052 1065 1206 1105 velut
1195 1080 1237 1105 m
1269 1065 1491 1120 propriam

15 1123 223 1178 originem
254 1119 495 1170 refundant,
519 1119 689 1160 Graecis
718 1121 929 1160 usitatum.

128 1189 238 1232 Ibid.
273 1188 336 1228 12.
395 1185 658 1228 παντοδαποι
681 1184 880 1242 θεήλατοι
913 1185 1065 1244 ὀργαί]
1098 1194 1330 1230 narrantur
1355 1203 1380 1228 a
1409 1187 1492 1228 So-

18 1260 193 1287 zomeno
223 1244 294 1285 lib.
324 1243 351 1284 3
382 1258 472 1297 cap.
507 1244 545 1286 2.

129 1312 236 1355 Ιόιᾛιί
270 1311 335 1354 15.
394 1307 607 1362 Εὗσὲβιον
648 1309 695 1351 δὲ
729 1307 805 1351 τὸν
842 1311 1010 1365 πρῶτον
1048 1311 1131 1352 τῶν
1157 1310 1392 1378 βασιλικῶν
1420 1309 1494 1350 ev*-

19 1363 200 1423 νοῦχων]
233 1368 426 1408 Socrates
457 1366 529 1406 lib.
557 1368 583 1408 3
613 1382 707 1421 cap.
735 1370 754 1410 1
787 1368 958 1421 exponit
986 1368 1230 1421 προεστῶτα
1258 1369 1339 1408 τοῦ
1364 1368 1495 1419 βασι-

21 1426 143 1464 λικοῦ
171 1424 382 1471 κοιτῶνος.
419 1423 685 1463 Marcellinus
727 1424 797 1463 lib.
817 1423 867 1463 21
902 1425 1015 1465 velut
1043 1425 1262 1478 interpres.
1323 1425 1387 1463 cui
1411 1433 1498 1464 erac

24 1481 350 1522 Constantiniani
375 1480 555 1519 thalami
584 1494 683 1520 cura
711 1482 936 1520 commissa.
1007 1479 1076 1520 hic
1104 1481 1253 1521 mortis
1282 1481 1367 1521 eius
1398 1494 1496 1520 cau-

22 1553 107 1577 sam
142 1535 451 1577 intolerabilem
479 1537 716 1589 superbiam
758 1543 800 1576 et
842 1536 968 1575 animi
1000 1537 1239 1577 ferocientis
1269 1536 1500 1577 crudelita-

23 1600 135 1642 tem3
167 1592 235 1633 ille
264 1592 436 1631 iniurias
469 1592 638 1647 reliquis
669 1593 800 1633 illatas
831 1599 872 1633 et
912 1594 952 1632 in
985 1593 1149 1633 Gallum
1181 1595 1396 1634 Caesarem
1428 1607 1501 1632 ca..

27 1648 230 1690 lumniam
262 1648 452 1702 assignat.

135 1704 247 1747 Ibid.
279 1680 364 1745 16.ῧ
402 1703 549 1752 ἐδίωξε
582 1703 629 1743 δὲ
658 1718 727 1743 και
757 1717 856 1750 τους
884 1696 1038 1752 αλλους
1068 1702 1318 1758 ευνούχους]
1341 1705 1504 1762 palati-

25 1777 96 1803 nos
125 1775 267 1802 omnes
310 1776 395 1801 uno
430 1761 562 1801 verbo
603 1761 780 1800 includit
809 1761 1093 1814 Marcellinus,
1124 1775 1308 1817 quorum
1339 1761 1502 1812 deinde,

26 1832 265 1873 coquorum
313 1817 490 1858 maxime
530 1822 572 1857 et
605 1823 850 1864 tonsorum,
894 1818 1256 1858 exautorationem
1298 1823 1499 1861 recenset.

28 1873 223 1929 legendus
271 1873 340 1914 ille
369 1873 564 1920 omnino,
594 1879 641 1913 ut
669 1888 733 1913 res
763 1880 876 1927 gesta
912 1875 1091 1928 penitius
1123 1874 1398 1929 inspiciatur:
1429 1889 1504 1915 au-

27 1931 157 1972 ctoris
187 1935 326 1970 autem
346 1930 476 1970 verba
504 1944 599 1969 cum
619 1930 805 1970 Socratis
835 1936 950 1972 textu
979 1931 1279 1985 comparanda.

141 1995 208 2045 72,
239 1995 279 2036 3.
336 1994 408 2037 διὰ
457 1994 759 2052 φιλαργυρίαν]
810 1998 926 2054 quod
968 1998 1281 2039 coniiciendum
1319 1997 1504 2054 suggerit

29 2052 308 2094 Marcellinus.

143 2107 306 2152 1b1·d.8.
363 2106 662 2164 ἑνεπόμπευον]
690 2124 890 2166 pompare
928 2115 971 2150 et
994 2112 1222 2176 pompatice
1241 2110 1374 2151 dicere
1404 2109 1507 2151 red-

32 2165 95 2206 dit
125 2165 386 2205 Anastasius.
421 2166 538 2220 quod
569 2172 655 2215 est,
699 2166 751 2206 ad
783 2167 1033 2207 inurendam
1062 2167 1273 2207 infamiam
1301 2181 1379 2222 per
1410 2166 1506 2222 pla-

30 2229 143 2271 teas,
175 2222 329 2271 forum,
365 2221 526 2261 circum
556 2228 599 2262 et
629 2222 743 2262 vicos
769 2223 1044 2277 ignominiose
1073 2223 1309 2274 traducere,
1340 2223 1390 2263 ab
1425 2222 1507 2262 ho-

33 2277 162 2327 noris,
192 2278 233 2316 in
269 2276 442 2318 ludibrii
474 2292 637 2318 sensum
654 2292 758 2319 voce
785 2255 1002 2320 translata.
1064 2280 1298 2320 chronicon
1330 2279 1507 2319 Alexan-

32 2334 214 2384 drinum,
239 2348 287 2375 ex
319 2349 404 2388 quo
437 2333 490 2373 ad
520 2335 698 2375 verbum
727 2335 859 2377 ferme
890 2335 994 2378 haec
1025 2336 1260 2391 desumpta.
1320 2334 1376 2375 δι’
1405 2328 1506 2388 ολης

32 2391 105 2444 τῆς
132 2385 294 2438 πόλεως
327 2390 581 2444 περιέφερον
616 2391 800 2445 scripsit.

148 2457 254 2498 Ibid.
285 2455 350 2500 17.
423 2457 691 2511 ἐφυβρίστως
714 2457 1018 2525 κρεμάσαντες]
1065 2459 1109 2500 ἔν
1137 2456 1324 2511 σχήματι
1353 2453 1508 2510 κανδή-

35 2514 142 2563 λαις,
173 2513 225 2553 ad
256 2513 456 2567 lampadis
490 2527 694 2567 appensae
736 2529 953 2565 normam,
984 2516 1120 2571 inquit
1148 2515 1381 2555 chionicon
1415 2513 1509 2553 Ale-

33 2569 299 2620 xandrinum,
332 2583 378 2609 ex
412 2584 496 2624 quo
530 2570 619 2609 ista.
654 2585 802 2611 vocem
830 2547 1062 2625 xavdiy'lacg
1092 2576 1306 2612 commuto
1340 2571 1380 2609 in
1411 2583 1510 2608 καν-

34 2623 176 2679 δήλης
234 2626 310 2665 nisi
340 2631 388 2665 ut
418 2632 623 2680 corrupte
654 2628 909 2669 recentiores
925 2628 1221 2693 pronuntiant,
1250 2626 1378 2666 mavis
1406 2624 1511 2666 scri-

33 2680 139 2721 bere
167 2678 377 2735 κανδήλας
409 2681 449 2721 in
487 2682 687 2736 genitivo,
757 2683 815 2724 ita
846 2699 892 2724 ex
923 2685 1004 2724 istis
1028 2684 1164 2738 plura,
1193 2683 1320 2724 etiam
1353 2681 1512 2722 dictio-

36 2751 131 2776 nem
160 2738 289 2792 ipsam
330 2752 377 2778 ex
416 2712 511 2777 ilion
531 2738 736 2779 chronico
782 2747 993 2781 mutuatus
1040 2746 1099 2780 est
1125 2739 1432 2794 Theophanes
1464 2752 1511 2778 ex

40 2793 230 2846 Socrate,
261 2794 536 2836 Theodoreto
568 2801 610 2836 et
634 2796 868 2839 sozomeno
902 2797 1074 2851 reliqua.
