1768 3268
562 235 632 275 EX
668 233 1014 276 THEOPHAEE.
1418 232 1439 275 1
1449 230 1477 275 7
1486 233 1508 275 1

54 353 194 406 fugam
223 354 415 399 vertunt,
453 355 495 389 et
537 362 605 389 eos
643 348 714 404 qui
755 364 850 388 cum
888 348 976 402 ipso
1017 356 1139 389 erant
1177 349 1443 399 interimunt,
1474 352 1517 387 et

55 408 167 447 hunc
197 407 248 446 ab
281 406 418 446 Africa
458 405 641 459 pellunt,
678 411 806 461 atque
842 404 1011 445 tributis
1040 420 1135 446 cum
1166 406 1272 446 Afris
1313 404 1517 446 ordinatis

53 470 95 505 et
122 463 253 518 pactis
283 461 438 503 reversi
465 469 572 502 sunt.

164 532 281 570 Anno
313 529 475 582 imperii
508 528 739 568 Constantis
778 528 955 583 septimo
983 529 1209 570 exercitum
1236 530 1368 569 movit
1397 530 1519 569 Mau-

53 585 137 625 hias
177 600 256 640 per
294 600 408 625 mare
447 585 640 625 adversus
682 585 880 640 Cyprum.
948 585 1129 627 habebat
1177 591 1315 626 autem
1349 585 1517 639 scaphas

51 643 163 682 mille
189 641 479 696 septingentaS,
508 647 550 682 et
573 641 685 695 cepit
702 642 983 683 Constantiam
1013 640 1108 683 cum
1136 642 1264 682 insula
1287 648 1392 684 tota.
1423 657 1515 681 cum
1532 641 1651 691 p-526

51 713 152 739 vero
182 697 289 739 hanc
317 699 500 752 cepisset,
531 698 819 738 exterminavit
862 714 964 739 eam.
1019 714 1155 754 porro
1190 699 1358 739 audiens
1388 699 1519 737 Caco-

53 757 186 796 rizum
224 754 526 795 cubicularium
554 762 706 795 contra
747 770 789 795 se
818 770 912 795 cum
939 755 1119 809 plurima
1149 758 1304 796 virtute
1335 756 1522 794 Romana

57 813 302 862 venientem,
335 810 542 865 navigavit
569 811 759 851 adversus
781 812 978 862 Aradum,
1009 819 1051 853 et
1081 812 1292 866 applicans
1321 826 1417 851 cum
1447 827 1523 850 na-

52 869 162 922 vigio
182 882 257 908 suo
277 866 389 922 apud
414 868 685 922 municipium
716 867 869 909 insulae
889 874 1069 909 castrum
1096 870 1328 909 conabatur
1359 882 1524 921 capere,

56 925 181 965 variis
210 924 547 964 machinamentis
583 924 747 964 abusus.
805 941 900 965 cum
921 932 1059 966 autem
1089 925 1188 966 nihil
1220 939 1343 979 agere
1372 925 1524 964 valuis-

56 986 135 1031 set,
168 980 297 1020 mittit
328 979 380 1020 ad
408 994 476 1021 eos
508 981 750 1035 episcopum
778 982 984 1037 quendam
1013 983 1313 1022 Thomaricum
1341 981 1523 1030 nomine,

54 1037 267 1077 deterrens
308 1051 392 1087 eos,
423 1050 507 1092 quo
538 1037 796 1079 dimitterent
835 1039 1046 1079 civitatem
1075 1046 1118 1080 et
1145 1039 1219 1079 sub
1250 1037 1420 1078 foedere
1447 1051 1522 1077 suo

53 1100 184 1133 essent
221 1093 465 1148 exirentque
506 1094 557 1133 ab
591 1094 733 1133 insula.
806 1109 901 1135 cum
943 1096 1084 1151 itaque
1124 1094 1176 1135 ad
1206 1110 1274 1135 eos
1305 1095 1522 1148 episcopus

52 1147 253 1204 ingressus
281 1149 433 1200 fuisset,
466 1155 694 1190 tenuerunt
725 1167 830 1192 eum.
890 1166 1024 1205 porro
1041 1151 1234 1193 Mauhiae
1263 1150 1413 1191 cedere
1444 1166 1523 1189 no..

53 1206 235 1246 luerunt.
293 1206 422 1262 igitur
452 1205 694 1256 obsidione,
724 1223 848 1262 quam
885 1208 1080 1249 adversus
1109 1207 1294 1249 Aradum
1324 1214 1521 1247 constru-

56 1268 186 1312 xerat,
215 1261 364 1301 nullius
396 1262 597 1303 momenti
626 1262 792 1317 effecta,
821 1266 1069 1306 Damascum
1096 1278 1285 1308 reversus
1317 1268 1395 1304 est:
1426 1278 1522 1303 nani

53 1318 180 1359 hiems
211 1324 447 1359 accesserat.

165 1387 286 1426 Anno
318 1385 730 1440 imperiiConstantis
757 1386 784 1427 8
814 1387 949 1428 movit
978 1387 1164 1428 Mauhias
1193 1388 1418 1429 exercitum
1448 1403 1523 1426 va..

52 1443 188 1482 lenter
217 1441 409 1482 adversus
431 1443 616 1483 Aradum
646 1443 939 1498 praeliaturus,
969 1451 1010 1484 et
1039 1444 1144 1485 hanc
1175 1444 1363 1484 obtinuit
1390 1445 1523 1485 verbo

55 1498 108 1539 ad
137 1498 454 1539 inhabitandum
484 1499 590 1539 cives
617 1495 870 1555 ubicumque
885 1500 1122 1541 voluissent.
1180 1501 1393 1541 civitatem
1422 1514 1523 1540 vero

55 1555 186 1595 muris
218 1554 421 1596 dissolutis
451 1555 648 1605 incendit,
678 1562 720 1596 et
748 1557 921 1596 insulam
953 1571 1082 1613 usque
1109 1557 1150 1596 in
1180 1571 1373 1611 praesens
1402 1556 1524 1596 inha-

56 1611 268 1651 bitabilem
308 1612 469 1652 statuit.
540 1612 686 1652 eodem
729 1628 839 1653 anno
872 1614 979 1654 facta
1021 1620 1080 1654 est
1103 1614 1261 1654 Romae
1292 1613 1476 1670 synodus
1502 1629 1525 1653 a

56 1668 241 1710 Martino
270 1682 379 1722 papa
409 1673 557 1708 contra
586 1669 893 1709 monothelitas.

168 1737 286 1775 Anno
321 1735 483 1790 imperii
515 1737 748 1776 Constantis
769 1735 794 1778 9
824 1738 960 1777 Busur
988 1737 1183 1791 princeps
1215 1737 1414 1778 exercitus
1446 1751 1526 1776 una

57 1806 154 1832 cum
187 1792 390 1833 Arabibus
418 1793 523 1833 acies
544 1793 697 1833 direxit
718 1793 908 1834 adversus
940 1795 1149 1843 Isauriam,
1174 1801 1216 1835 et
1245 1794 1387 1835 occisis
1417 1794 1661 1849 mul-p.52⁷

59 1849 108 1887 tis
139 1862 235 1888 cum
281 1849 467 1904 quinque
508 1849 673 1889 milibus
715 1851 981 1904 captivorum
1024 1865 1212 1892 reversus
1252 1857 1326 1892 est.
1399 1850 1530 1890 mittit

58 1911 197 1944 autem
229 1903 463 1960 imperator
477 1906 674 1946 Constans
688 1907 948 1960 Procopium
981 1908 1191 1962 quendam
1219 1908 1270 1948 ad
1301 1906 1529 1959 Mauhiam,

58 1975 261 2015 quaerens
291 1976 462 2016 pacem;
492 1962 608 2017 quod
642 1969 684 2003 et
724 1964 880 2004 factum
910 1971 970 2004 est
1007 1964 1124 2004 annis
1155 1964 1331 2014 duobus,
1362 1965 1529 2016 Grego-

57 2017 169 2057 rium
195 2017 325 2058 filium
349 2017 566 2060 Theodori
602 2027 790 2061 sumente
815 2021 983 2061 Mauhia
1027 2020 1124 2062 loco
1153 2020 1343 2077 pignoris
1373 2021 1414 2061 in
1441 2021 1530 2061 Da-

58 2088 253 2114 maseum.

172 2144 291 2181 Anno
323 2140 490 2195 imperii
530 2143 764 2184 Constantis
808 2143 857 2185 10
883 2144 1134 2185 simultatem
1171 2144 1366 2185 excitavit
1393 2144 1528 2197 impe..

58 2197 191 2243 ratori
232 2197 504 2252 Pasagnathes
545 2201 840 2241 Armeniorum
880 2201 1107 2255 patriciuS,
1141 2208 1182 2241 et
1213 2200 1382 2241 foedera
1409 2200 1530 2254 pepi-

57 2254 118 2308 git
148 2268 244 2293 cum
274 2254 457 2304 Mauhia,
492 2254 590 2296 dans
623 2257 660 2297 ei
688 2264 729 2297 et
759 2258 890 2297 filium
910 2273 1042 2298 suum.
1103 2271 1187 2312 quo
1218 2258 1363 2298 audito
1394 2257 1529 2310 impe-

57 2317 180 2406 Rator
207 2310 485 2406 Yffl‘itd‘lsque
515 2313 756 2354 Caesaream
794 2314 1110 2369 Cappadociae,
1138 2320 1181 2354 et
1210 2314 1448 2370 desperatus
1474 2313 1527 2352 ab

95 2381 252 2406 rmenia
282 2380 328 2407 re
362 2373 422 2407 nt.

169 2432 314 2473 Mundi
346 2431 595 2485 an1106144‚
627 2435 790 2477 divinae
827 2437 1124 2478 incarnationis
1144 2452 1253 2478 anno
1286 2432 1386 2487 644,
1418 2450 1527 2476 anno

59 2503 162 2529 vero
191 2489 356 2545 imperii
374 2491 606 2531 Constantis
645 2493 707 2544 11,
739 2493 840 2534 cinis
869 2509 892 2535 e
922 2494 1038 2535 caelo
1073 2493 1298 2544 descendit,
1326 2498 1368 2533 et
1397 2494 1527 2533 timor

57 2561 228 2600 magnus
271 2561 398 2601 super
430 2547 616 2587 homines
648 2550 816 2591 cecidit.
847 2551 977 2590 Paulo
1011 2566 1180 2606 quoque
1209 2551 1392 2590 obeunte
1415 2549 1526 2606 Pyr-

58 2602 158 2642 rhus
190 2603 426 2644 restituitur
458 2604 661 2645 mensibus
693 2612 898 2662 quattuor
925 2615 968 2647 et
996 2608 1139 2648 diebus
1170 2606 1234 2647 93.

168 2672 286 2710 Anno
318 2671 482 2725 imperii
513 2674 749 2715 Constantis
784 2676 833 2716 12
856 2676 1040 2716 Mauhias
1061 2675 1256 2715 Rhodum
1286 2672 1424 2713 adiens
1453 2672 1528 2714 de-

57 2727 207 2766 struxit
250 2727 453 2768 colossum
501 2730 608 2779 eius,
652 2737 746 2784 post
788 2730 894 2772 1360
942 2732 1174 2772 stabilitatis
1217 2730 1340 2784 ipsius
1376 2744 1527 2778 annos;

59 2796 182 2834 quem
213 2797 308 2824 cum
334 2785 506 2825 Iudaeus
537 2786 708 2841 quidam
735 2788 948 2830 Emesinus
979 2789 1218 2843 negotiator
1243 2786 1418 2839 emisset,
1446 2786 1527 2829 900

24 2882 34 2889 χ
58 2839 233 2880 camelos
261 2855 308 2882 ex
337 2840 423 2881 eius
454 2856 551 2884 aere
581 2845 783 2886 oneravit.
1538 2862 1575 2901 Ρ·
1595 2846 1666 2885 528
