1728 3184
221 187 316 232 718

267 292 350 334 558,
379 293 433 327 15.
460 292 541 335 560,
565 293 600 329 4.
628 294 776 340 Cyprios
801 300 920 330 traus-

266 342 418 387 migrare
448 353 593 385 cogens,
614 344 807 391 plerosque
837 355 919 389 per·

266 391 318 423 ire
346 389 432 423 facit
444 390 525 430 558,
548 390 602 425 19.
650 391 803 425 violatae
834 392 917 426 fidei

265 438 421 471 ultorem
459 438 566 472 deum
602 438 852 473 invocantibus
882 441 919 474 in

263 497 345 520 eum
363 485 537 520 arabibus
551 486 701 521 victoria
726 487 822 521 cadit
836 486 917 528 560,

265 533 409 574 11.561,
425 536 455 567 1.
478 534 747 577 sordidissimis,
775 547 815 568 ac
839 547 918 569 sae-

261 582 413 615 vissimis
438 587 654 627 potestatem
680 582 839 626 tradens,
865 584 918 617 ci-

261 630 358 664 vium
402 630 537 664 animos
574 630 730 665 offendit
773 631 852 667 562.
879 630 915 665 4.

261 678 464 711 triclinium
499 679 759 712 Iustinianeum
797 679 916 712 urbis-

262 737 335 772 que
386 727 530 760 moenia
565 727 698 760 extruit
733 725 824 766 561,
858 726 914 762 20.

259 785 363 814 naso,
390 785 431 817 ac
457 774 580 820 lingua
605 779 789 808 truncatus
802 773 915 808 Cher-

260 833 386 856 sonam
414 822 593 866 relegatur
617 821 699 861 566,
729 820 764 855 4.
800 821 915 855 Cher-

258 882 382 903 sonem
409 869 454 903 ad
480 870 686 915 Chaganum
712 868 805 914 sugit
832 869 914 911 570,

258 917 316 952 20.
345 917 574 952 Theodoram
593 919 670 951 eius
693 917 805 962 filiam
825 928 914 951 uxo-

259 978 332 999 rem
360 966 461 1000 ducit
489 965 570 1008 571,
599 965 635 1000 8.
663 963 762 999 illius
789 977 826 998 se
853 965 912 999 in-

256 1014 358 1047 sidiis
385 1014 545 1047 eximens
577 1013 644 1046 GP.
672 1013 806 1060 repetit
831 1013 912 1054 572,

255 1062 289 1096 2.
316 1061 409 1095 nulli
436 1060 597 1095 hostium
625 1071 662 1094 se
687 1062 910 1107 parciturum

256 1109 431 1156 proponit
455 1109 504 1142 ib.
539 1109 593 1143 15.
635 1107 802 1143 Tei-belis
827 1121 910 1155 ope,

255 1169 297 1190 ac
333 1158 567 1202 Bulgarorum
611 1155 733 1190 urbem
784 1157 911 1203 recipit

252 1205 335 1246 573,
361 1205 395 1240 6.
447 1206 640 1240 Leontium
678 1210 715 1239 et
742 1205 911 1250 Apsima-

252 1265 350 1296 rum,
376 1253 539 1302 aliosque
572 1252 706 1287 occidit
740 1251 835 1294 574,
873 1253 909 1289 5.

250 1301 466 1336 Callinicum
514 1300 751 1348 patriarcham
793 1302 907 1335 oculis

250 1349 420 1384 orbatum
460 1351 607 1384 Romam
646 1347 817 1383 amandat
857 1349 905 1383 ib.

254 1398 308 1432 12.
361 1398 491 1431 civium
535 1396 662 1432 caedes
699 1398 906 1431 innumeras

248 1447 323 1491 agit
350 1446 398 1479 ib.
427 1446 482 1481 15.
520 1445 752 1479 Theodoram
779 1446 904 1479 coniu-

249 1505 328 1539 gem
360 1499 445 1529 nato
483 1494 539 1528 illi
569 1494 645 1527 filio
669 1493 818 1528 Tiberio
849 1505 905 1527 re-

249 1543 351 1576 ducit
381 1543 462 1584 575,
490 1543 523 1577 7.
561 1541 834 1582 in'Terbelem,
862 1553 904 1576 ac

247 1591 416 1636 Bulgaros
430 1602 576 1624 movens
590 1590 747 1624 vincitur
772 1590 823 1623 ib.
846 1589 900 1624 18.

245 1638 327 1680 576,
366 1638 421 1672 11.
485 1638 684 1672 victoribus
724 1637 902 1672 Arabibus

244 1688 408 1731 Tyanam
447 1687 582 1721 amittit
607 1686 656 1720 ib.
685 1685 740 1720 19.
787 1685 899 1719 Cher-

244 1736 381 1769 sonitas
406 1734 452 1769 ad
479 1735 722 1769 defectionem
748 1745 793 1768 ex
818 1745 902 1768 sae-

243 1785 331 1817 vitia
356 1784 454 1828 cogit
476 1783 558 1824 578,
586 1783 616 1816 1.
644 1782 726 1824 580,
753 1783 783 1816 1.
832 1783 903 1816 mi-

244 1832 328 1865 lites
355 1837 394 1865 ut
426 1831 621 1865 Bardanem
646 1831 901 1878 imperatorem

244 1880 313 1913 sibi
325 1879 546 1926 praeficiant,
566 1878 692 1914 eodem
705 1884 804 1914 metu
818 1879 901 1912 adi-

245 1928 296 1972 git
322 1927 371 1960 ib.
401 1927 455 1961 19.
511 1927 722 1973 profligatus
763 1927 901 1961 cervice

244 1974 408 2009 caeditur
433 1974 514 2015 583,
542 1974 597 2009 16.

198 2023 420 2058 lastinianus
456 2023 625 2056 Germani
674 2021 900 2070 patriarchae

243 2077 347 2118 pater
373 2071 509 2105 occisus
534 2069 615 2112 539,
643 2070 675 2105 5.

195 2121 419 2154 Iustinianus
453 2119 526 2153 dux
552 2118 710 2152 Orientis
736 2118 803 2152 sub
830 2117 899 2151 Ti-

241 2167 344 2202 berio
372 2166 455 2208 385,
485 2166 539 2200 14.
564 2167 804 2201 consternatis
831 2166 898 2200 mi—

240 2215 368 2249 litibus
418 2215 556 2249 animos
605 2214 742 2249 addens
788 2214 899 2248 vincit

241 2263 324 2305 386,
353 2264 385 2298 5.

195 2312 445 2358 Iustinopolis,
482 2321 575 2358 quae
609 2310 709 2357 prius
742 2309 898 2343 Anazar-

242 2360 308 2394 bus
334 2359 416 2400 253,
438 2359 492 2393 17.

878 193 1036 235 INDEX

1035 294 1116 336 264,
1145 293 1178 329 9.
1207 293 1288 336 266,
1321 297 1351 329 1.
1381 292 1414 330 9.
1439 296 1502 342 qni
1523 299 1697 341 tyranni--

1038 343 1119 376 dein
1151 345 1417 386 affectaverant,
1447 346 1582 380 occidit
1605 348 1690 388 255,

1039 391 1095 427 13.
1145 391 1318 435 Ziligdem
1355 393 1540 427 Unnorum
1569 405 1685 437 regem

1034 437 1258 484 proditorem
1295 444 1399 473 curat
1424 439 1577 475 interfici
1605 443 1689 483 258,

1034 485 1070 520 4.
1110 492 1254 521 curator
1278 487 1355 521 fieri
1382 487 1507 522 domus
1533 489 1688 524 Cabadis

1034 535 1217 568 Persarum
1264 536 1357 581 regis
1390 537 1511 570 renuit
1542 537 1589 571 ib.
1632 539 1686 572 12.

1033 581 1210 618 Tzathum
1242 582 1415 617 Lazorum
1450 595 1566 630 regem
1597 587 1688 619 reci-

1032 631 1099 676 pit,
1125 642 1166 664 ac
1186 629 1428 665 Christianum
1453 631 1538 666 facit
1561 632 1642 675 259,
1652 634 1686 668 9.

1032 678 1233 725 Euphemia
1270 679 1390 725 priore
1426 681 1579 725 coniuge
1623 681 1687 715 de-

1034 727 1156 760 functa
1169 727 1401 762 Theodoram
1415 728 1610 774 Augustam
1623 741 1686 764 co—

1033 780 1138 808 ronat
1166 774 1247 816 263,
1275 774 1309 808 8.
1367 775 1452 809 Not.
1479 782 1562 822 post
1586 777 1684 811 Ana-

1030 822 1175 856 zarbum
1205 823 1434 870 metropolim
1462 829 1580 858 terrae
1604 837 1686 859 mo-

1030 874 1069 903 tu
1094 871 1288 916 collapsam
1313 882 1357 904 ex
1377 883 1441 905 suo
1463 873 1612 906 nomine
1627 874 1684 907 in-

1030 922 1165 952 staurat
1190 918 1237 951 ib.
1259 917 1314 953 14.
1340 920 1542 954 Iustiniano
1567 932 1684 967 nepo—

1029 969 1066 999 te
1100 977 1304 999 successore
1325 965 1421 1000 diem
1431 967 1511 1002 obit
1524 968 1605 1010 266,
1621 969 1680 1004 20.

982 1012 1143 1048 Iustinus
1181 1014 1371 1047 Iustiniani
1409 1026 1522 1062 nepos
1556 1018 1681 1051 Unnos

1029 1067 1066 1094 et
1091 1061 1235 1095 Sclavos
1252 1063 1314 1108 qui
1334 1061 1412 1096 urbi
1428 1063 1682 1106 incubuerant,

1029 1108 1182 1143 dimittit
1206 1109 1288 1151 362,
1319 1110 1374 1145 11.
1402 1121 1422 1144 a
1451 1111 1588 1146 Ioanne
1615 1124 1679 1147 ex-

1028 1157 1243 1191 scholastico
1271 1157 1472 1202 patriarcha
1485 1160 1681 1207 imperator

1026 1212 1221 1239 coronatur
1236 1205 1317 1246 373,
1344 1206 1377 1240 6.
1407 1208 1596 1253 coniugem
1609 1209 1679 1244 So—

1025 1252 1147 1299 phiam
1179 1255 1358 1298 Augustae
1401 1254 1578 1300 dignitate
1614 1269 1680 1290 au-

1025 1306 1085 1346 get
1098 1301 1189 1335 ib.9.
1220 1301 1387 1336 abbatem
1414 1303 1607 1338 Photinum
1633 1305 1679 1339 ad

1026 1361 1080 1382 res
1106 1350 1280 1383 ecclesiae
1296 1351 1562 1386 Alexandrinae
1579 1363 1678 1386 com-

1023 1398 1214 1443 ponendas
1243 1398 1357 1432 mittit
1383 1398 1434 1432 ib.
1462 1397 1518 1434 14.
1558 1400 1678 1434 Vene-

1024 1450 1093 1487 tos,
1118 1457 1158 1479 ac
1187 1446 1349 1479 prasinos
1371 1449 1570 1494 compescit
1593 1449 1676 1491 375,

1019 1492 1054 1526 3.
1108 1494 1374 1539 Sophianorum
1403 1495 1577 1541 palatium
1613 1509 1676 1530 ex-

1022 1542 1130 1576 struit
1154 1542 1203 1576 ib.
1228 1542 1261 1576 7.
1310 1543 1380 1575 alia
1406 1544 1485 1577 eius
1508 1545 1676 1579 aedificia

1020 1588 1069 1622 ib.
1114 1588 1169 1624 14.
1227 1595 1397 1636 nepotem
1439 1592 1674 1637 Augustalem

1018 1638 1244 1682 tyrannidem
1259 1638 1496 1674 Alexandriae
1516 1641 1676 1674 molien-

1017 1691 1091 1719 tem
1105 1686 1237 1721 occidit
1249 1686 1330 1725 376,
1345 1687 1399 1720 12.
1415 1689 1673 1733 {apostolorum

1016 1734 1113 1768 Petri
1127 1739 1163 1768 et
1181 1735 1281 1768 Pauli
1298 1736 1499 1777 ecclesiam,
1528 1737 1674 1784 aliaque

1015 1781 1246 1816 aedificatib.
1265 1782 1319 1816 15.
1336 1783 1518 1827 legatione
1543 1785 1587 1818 ad
1605 1788 1676 1819 Ae-

1016 1829 1183 1877 thiopum
1209 1842 1325 1876 regem
1351 1831 1520 1866 Aretham
1546 1844 1673 1878 pacem

1015 1888 1095 1911 cum
1122 1879 1238 1912 Persis
1266 1878 1376 1913 solvit
1392 1878 1474 1922 377,
1489 1880 1521 1914 5.
1549 1893 1672 1926 pugna

1015 1936 1097 1959 cum
1134 1938 1176 1960 eo
1216 1927 1402 1961 commissa
1426 1927 1576 1963 vincunt
1602 1931 1674 1963 Ro-

1013 1973 1111 2007 mani
1134 1973 1216 2016 380,
1245 1973 1300 2008 14.
1353 1974 1559 2010 dementiae
1586 1989 1672 2023 pro-

1014 2021 1111 2055 xima
1139 2024 1177 2056 in
1207 2022 1396 2057 Badurium
1431 2024 1576 2059 fratrem
1604 2025 1671 2058 de·-

1013 2069 1133 2114 signat
1156 2069 1238 2111 379,
1267 2068 1321 2104 14.
1347 2072 1384 2106 in
1400 2071 1530 2106 Avares
1554 2073 1669 2107 Tibe-

1012 2117 1124 2160 rium,
1162 2119 1198 2151 in
1227 2119 1348 2153 Persas
1385 2120 1579 2154 Martinum
1603 2121 1669 2155 de-

1012 2166 1126 2200 stinat
1152 2165 1233 2207 380,
1274 2167 1327 2201 17.
1375 2167 1563 2202 Tiberium
1604 2170 1669 2203 ad-

1011 2219 1126 2259 optat,
1157 2226 1198 2247 ac
1235 2220 1332 2249 creat
1358 2215 1547 2252 Caesarem
1584 2217 1667 2259 381,

1013 2261 1069 2296 16.
1118 2262 1284 2296 Valentis
1312 2264 1583 2310 aquaeductum
1611 2277 1667 2299 re-

1011 2315 1115 2356 parat
1137 2310 1220 2351 382,
1249 2311 1279 2344 1.
1313 2312 1528 2347 Iudaeorum
1556 2325 1668 2358 syna-

1010 2369 1136 2403 gogam
1178 2358 1366 2393 ecclesiam
1410 2360 1580 2407 deiparae
1627 2363 1666 2397 in

1010 2405 1305 2453 Chalcoprataeis
1343 2407 1511 2444 aedificat
1549 2409 1600 2443 ib.
1627 2410 1663 2444 3.

1009 2454 1198 2488 Tiberium
1235 2456 1489 2503 imperatorem
1525 2459 1666 2492 consti-

1008 2502 1078 2536 tuit
1103 2502 1186 2544 382,
1214 2501 1268 2537 14.

194 2409 356 2443 Iustinus
398 2409 578 2442 Romanus
612 2406 816 2453 imperator,
842 2405 897 2439 vir

241 2456 441 2490 catholicus
477 2454 561 2498 254,
591 2454 624 2488 3.
689 2454 727 2488 in
755 2453 894 2488 Persico

238 2503 341 2539 bello
376 2504 463 2537 olim
498 2504 702 2537 nominatus
727 2500 809 2541 224,
838 2500 895 2535 20.

239 2547 894 2591 Vitalianoducidevinctissimus254,
960 2549 1116 2585 Iustinus
1154 2552 1190 2584 in
1216 2551 1332 2596 Mysia
1372 2552 1525 2587 militiae
1552 2554 1665 2596 magi-

233 2601 271 2635 9.
314 2601 483 2634 Severum
511 2601 624 2645 fugat,
651 2607 688 2632 et
711 2599 893 2632 Iulianum
1009 2603 1084 2632 ster
1109 2599 1246 2646 praelio
1262 2600 1449 2646 Bulgarico
1475 2600 1663 2644 cadit-338,

238 2649 548 2682 Halicarnasseum
578 2648 628 2682 ib.
658 2647 713 2683 15.
762 2647 894 2680 Antio-
1008 2646 1064 2680 14.

237 2696 369 2738 chiam,
394 2696 575 2743 urbesque
615 2695 704 2729 alias
731 2693 894 2728 liberali·
958 2694 1079 2729 Iustus
1110 2695 1300 2729 Iustiniani
1339 2707 1454 2742 nepos
1497 2694 1662 2730 subtimi-

237 2750 314 2778 tate
342 2744 479 2779 relevat
513 2743 596 2786 255,
623 2743 656 2778 6.
706 2742 890 2783 xenaiam,
1007 2742 1090 2776 dior
1116 2742 1264 2777 habitus
1290 2741 1373 2785 341,
1397 2744 1430 2778 5.

237 2805 279 2826 ac
304 2791 504 2826 haereticos
530 2793 621 2826 alios
649 2791 758 2831 eiicit,
788 2800 892 2824 revo-
957 2791 1078 2826 Iustus
1118 2791 1247 2826 lustini
1290 2791 1523 2837 curopalatae
1562 2790 1659 2825 filius

237 2841 326 2874 catis
360 2840 549 2875 catholicis
591 2839 700 2873 ib.-8.
725 2837 807 2881 259,
834 2839 889 2872 12.
1002 2840 1041 2873 in
1054 2839 1249 2886 sophianis*
1277 2840 1442 2886 sepultus
1468 2840 1550 2881 375,
1574 2838 1611 2876 9.
