1728 3184
452 141 636 185 NOTAE
682 143 1062 190 POSTERIORES.
1400 145 1495 194 667

144 251 239 304 776,
271 253 314 295 1.
367 255 442 296 τοῦ
469 257 619 310 κυρίου
644 254 792 310 λόγιον.

141 338 255 403 Jbid.
287 338 351 380 10.
409 339 661 393 α’πονοηθείς
693 340 756 394 δὲ]
794 343 931 381 Anast.
961 343 1058 398 Reg.
1089 351 1165 384 etc.
1195 359 1249 386 ea
1278 362 1322 388 re
1349 350 1494 390 trista..

31 403 109 446 tus,
140 409 181 434 in
211 396 414 450 angustias
443 398 668 450 coniectus,
699 397 910 453 animique
938 398 1032 439 sede
1063 399 1256 442 deiectus.

144 471 240 524 777,
275 473 310 514 1.
367 475 453 515 τῶν
472 475 692 516 Στουδίου.

35 611 60 651 λ
84 611 118 652 θ
142 555 249 598 Ibid.
285 557 348 598 12.
406 555 513 598 ἀλλὰ
543 559 617 600 καί
645 553 666 598 ὃ
695 558 822 615 περί]
869 560 967 616 Reg.
1006 565 1084 601 etc.
1116 556 1217 600 κατὰ
1254 557 1329 614 τήν
1359 571 1494 615 ψυχο-

62 622 82 651 e
116 624 204 665 ρον.

27 744 65 787 R
141 687 244 786 77ι8,
275 690 313 732 2.
369 686 429 739 ὥς
468 692 540 733 καί
574 691 633 741 εἷς
660 690 874 748 ἀκεφάλου
917 682 1082 748 α’νὸρός.
1140 690 1296 748 ,ἐλεεινὴ
1339 692 1489 752 φάσις]

67 758 130 800 eg.
158 760 180 787 e
202 760 239 787 c.

139 824 252 866 Ibid.
287 823 350 865 15.
407 823 476 865 ὑπ’
506 823 661 874 αὐτοὺς
686 825 834 881 α’ρχήν.

138 899 235 954 779,
268 902 332 943 11.
389 904 490 955 περὶ
518 903 565 944 δὲ
594 903 673 958 τὴν
699 906 784 946 τῶν
813 903 1072 960 πραγμάτων
1101 905 1322 961 διοίκησιν.

137 973 233 1026 780,
268 975 304 1016 1.
362 975 538 1035 ἀργυρῷ
567 973 746 1035 πετάλῳ.
801 975 909 1030 μετὰ
941 977 988 1019 δὲ
1017 971 1095 1032 τήν
1120 973 1295 1021 ἅλωσιν.

138 1053 249 1096 Ibid.
278 1053 317 1097 8.
376 1055 462 1096 ταῖν
490 1052 789 1112 Ἀκεὸούκτου]
820 1057 920 1112 Reg.
950 1063 1028 1096 etc.

136 1124 233 1177 781,
251 1124 292 1167 6.
349 1129 477 1169 Λέων
502 1125 523 1168 ὅ
543 1130 756 1182 πατρίκιος
774 1130 845 1170 καί
867 1126 1100 1183 στρατηγὸς
1117 1128 1198 1169 τῶν
1218 1125 1484 1170 ἄνατολικῶν.

25 1178 187 1229 τούτοις
217 1183 466 1237 πολεμῆσαι.

113 1259 229 1312 783,
259 1260 298 1303 7.
329 1263 488 1303 Λέοντι
518 1260 575 1309 ὥς
604 1257 774 1314 εὗσεβεῖ
795 1262 869 1303 καί
886 1260 1178 1318 ἀνδρειοτάτῳ]
1210 1277 1255 1302 ex
1286 1261 1347 1303 his
1376 1277 1481 1303 con-

22 1314 186 1356 iectura
213 1317 419 1372 scripsisse
445 1317 546 1359 haec
559 1320 857 1373 Theophanem
876 1321 950 1359 sul>
981 1320 1068 1374 ipso
1099 1319 1159 1359 rei
1191 1326 1352 1372 eventu,
1384 1334 1479 1359 cum

22 1371 200 1413 necdum
227 1375 312 1415 Leo
344 1375 544 1415 haeresim
577 1376 849 1430 prodidisset;
879 1382 925 1415 ut
955 1376 1039 1416 eius
1068 1376 1258 1429 deinceps
1288 1374 1480 1428 impieta-

21 1429 91 1481 tis,
118 1444 167 1470 ac
194 1431 388 1472 saevitiae
425 1430 562 1472 taedio
604 1432 982 1487 chronographiam
1009 1431 1077 1471 hic
1106 1446 1218 1470 suam
1245 1431 1479 1484 abruperit.

21 1485 108 1526 eius
139 1487 382 1540 proditione
423 1488 645 1527 victoriam
670 1488 855 1543 Bulgaris
893 1488 1048 1529 cessisse
1079 1487 1232 1527 habent
1261 1487 1383 1526 Cedr.
1415 1502 1483 1528 re-

20 1542 195 1597 giusque
236 1545 385 1584 Leonis
423 1545 532 1584 vitae
575 1551 747 1594 auctor,
781 1550 905 1600 atque
947 1559 991 1583 ea
1031 1544 1106 1583 sibi
1136 1549 1226 1582 arte
1262 1542 1480 1596 imperium

20 1599 277 1640 vendicasse:
310 1616 435 1656 quam
464 1601 587 1641 etiam
620 1602 859 1655 opinionem
887 1602 1015 1640 refert
1028 1599 1291 1652 Theophanis
1322 1599 1482 1638 vatica-

21 1669 98 1696 nus
127 1657 427 1704 continuator,
461 1663 506 1696 ut
551 1657 630 1696 iam
665 1673 688 1696 a
725 1657 1009 1710 superioribus
1051 1655 1294 1710 quibusdam
1323 1655 1480 1708 scripto

21 1712 316 1766 consignatam,
347 1714 518 1754 recitata
540 1719 675 1753 tamen
708 1714 844 1752 statim
873 1713 963 1762 alia,
994 1726 1098 1766 quae
1122 1712 1204 1751 istis
1219 1710 1481 1764 Theophanis

17 1768 136 1809 valde
165 1775 378 1820 consonat,
429 1776 476 1809 ut
504 1783 586 1808 non
616 1771 714 1820 Leo,
745 1771 911 1823 eiusque
942 1767 1188 1816 Orientales,
1215 1766 1286 1806 sed
1313 1772 1480 1820 praeto-

20 1825 128 1864 riani
156 1824 342 1882 aliaeque
367 1832 528 1866 turmae
552 1826 608 1864 ita
637 1827 775 1880 fugam
818 1825 978 1878 ignavia
1005 1823 1276 1876 arripuerint,
1311 1837 1482 1876 remque

17 1881 300 1935 prodiderint.
359 1881 442 1922 εἰσί
473 1882 510 1921 δ’
541 1877 579 1921 οἱ
612 1881 683 1920 καί
712 1880 786 1928 τοὶς
827 1878 1027 1930 δυνάμεις
1054 1879 1214 1930 μᾶλλον
1242 1878 1300 1932 τῷ
1323 1880 1479 1918 Λέοντι

15 1935 186 1978 διδόασι
217 1937 441 1988 διασῶσαι,
477 1938 549 1977 καί
576 1938 834 1990 καρτερικῶς
861 1936 1154 1988 α’γωνίσασθαι
1174 1949 1185 1960 ·
1242 1934 1326 1973 τῶν
1355 1935 1479 1984 βασι-

15 1995 143 2033 λικῶν
171 1991 591 2047 ἐθελοκακησάντων,
631 1994 703 2034 καί
742 1991 814 2047 τὴν
846 1991 1000 2032 οἰκείαν
1042 1986 1366 2044 προδεδωκότων
1394 2004 1478 2028 πα·-

16 2046 219 2100 ροὶταξιν·
286 2048 379 2089 ἀλλ’
428 2048 478 2090 ου’
505 2050 577 2089 τοῦ
616 2047 720 2090 κατὰ
762 2047 837 2100 τὴν
866 2049 1034 2089 Λέοντα
1062 2046 1232 2099 μέρους.
1300 2054 1388 2085 sunt
1409 2046 1478 2099 qui

14 2106 176 2147 laudem
207 2108 367 2147 servati
397 2107 601 2147 exercitus
628 2107 757 2147 Leoni
781 2108 981 2158 tribuant,
1010 2105 1242 2154 acforciler
1267 2102 1476 2140 dimicasse

13 2165 219 2204 scribant.-
249 2177 336 2204 cam
365 2165 644 2217 imperatoriae
672 2165 852 2203 cohortes
896 2170 1035 2217 sponte
1046 2161 1256 2213 fugissent,
1284 2171 1348 2220 ac·
1363 2170 1474 2195 suam

13 2224 230 2260 stationem
252 2220 551 2276 prodz’clissent5
595 2234 675 2259 non
711 2221 769 2260 sic
799 2233 894 2258 vero
927 2219 1068 2257 Leonis
1096 2225 1262 2256 tur-mae.
1318 2227 1375 2252 Slc
1405 2226 1474 2276 re-

14 2290 115 2317 vera
141 2292 183 2319 se
226 2292 315 2317 rcm
356 2276 543 2316 habuisse
589 2276 802 2330 sequentia
845 2274 1042 2314 indicant.
1115 2269 1324 2326 quomodo
1366 2283 1474 2331 enirn

14 2333 114 2375 alias
143 2333 317 2375 Michael
346 2334 528 2372 Leonem
559 2333 765 2385 praesidio
798 2331 1019 2372 relicturus
1050 2334 1138 2369 erat
1169 2326 1378 2388 universae
1407 2323 1472 2363 dl-

12 2389 120 2431 tioni
150 2392 362 2431 Romanae
396 2390 590 2430 adversus
614 2389 828 2443 BulgarOS,
857 2402 1038 2443 quorum
1071 2390 1342 2444 conspectum·
1365 2386 1473 2444 inte..

15 2461 94 2500 gro
124 2449 311 2489 exercitu
349 2461 399 2486 ne
429 2447 584 2487 tulisset
626 2444 819 2500 quidem?
891 2441 1103 2498 quomodo
1146 2445 1369 2501 autem-sle
1391 2437 1474 2475 Μι-

12 2503 195 2545 οὴειὲἰθηι
214 2504 399 2559 ignaviae
418 2509 578 2554 notare,
597 2516 722 2556 seque
741 2516 867 2542 unum
897 2500 999 2553 reip.
1019 2496 1180 2559 labanti-
1199 2491 1475 2557 resti-tuendae

10 2561 106 2601 fore
136 2561 382 2612 cohortibus
415 2558 692 2613 persuasisset,
733 2557 805 2612 qui
837 2557 999 2611 insignis
1031 2554 1140 2608 ipsae
1171 2563 1355 2604 ignavme
1382 2562 1473 2611 spe-

11 2616 148 2658 cimen
180 2633 315 2673 nuper
346 2615 627 2658 exhibuisset?
658 2614 787 2654 Leoni
817 2627 917 2667 ergo
948 2614 1053 2651 sacta
1082 2609 1133 2648 sit
1163 2614 1310 2655 strues,
1340 2610 1385 2669 ut
1416 2610 1473 2668 ita

11 2673 310 2724 infamaretur,
342 2674 439 2714 odio
480 2675 619 2713 forsan
662 2669 960 2724 persecutionis
991 2667 1096 2707 illius
1127 2665 1473 2726 quam-excitavit

10 2735 53 2776 in
87 2731 358 2774 orthodoxos.
400 2737 551 2772 auctor
595 2729 703 2768 vitae
742 2725 905 2767 Nicolai
934 2723 1120 2767 studitae
1160 2733 1294 2776 gravis
1325 2724 1470 2772 utique
