1768 3268
634 213 701 254 Ex
743 212 1040 255 SYNCELLO.
1512 207 1574 253 33

93 328 234 369 stianis
265 327 478 370 Antonino
504 327 708 383 porrexit.
766 328 989 384 Dionysius
1010 322 1206 367 Corinthi
1241 329 1477 383 episcopus,
1507 329 1573 368 vir

93 399 232 436 sacer,
277 385 595 439 agnoscebatur.
673 384 1010 426 Christianorum
1050 385 1315 425 orationihus
1363 387 1573 425 Romanus

92 442 294 483 exercitus
324 441 437 496 apud
463 440 632 493 Quados
669 442 886 496 periturus
917 442 1115 482 salvatur.
1183 442 1443 495 Theophilus
1475 442 1573 481 Ale..

91 497 330 550 xandrinus,
358 498 473 538 cuius
507 499 747 552 conscripta
775 505 872 539 sunt
902 505 944 539 et
977 499 1187 549 feruntur,
1219 513 1382 538 necnon
1416 505 1459 539 et
1488 499 1571 538 He-
1587 513 1623 547 p.
1642 500 1713 536 666

92 555 292 595 rodianus
321 555 613 610 grammaticus
644 555 827 609 optimus
861 556 1091 610 pollebant,
1123 555 1574 611 Cataphrygarumque

92 611 484 667 pseudoprophetia
516 618 613 652 orta
643 618 716 652 est.

203 683 351 726 Mundi
385 699 496 725 anno
519 682 656 736 5665,
687 684 853 724 divinae
882 684 1186 725 incarnationis
1230 698 1341 725 anno
1388 682 1479 737 165,
1512 687 1573 725 M.

90 741 266 783 Aurelio
297 741 513 783 Antonino
544 742 778 795 imperante
811 742 1026 781 Sotericus
1059 748 1101 782 et
1130 741 1334 782 Eleuther
1362 742 1575 781 Romanae

92 804 290 852 praesunt
321 799 530 839 ecclesiae.
591 798 785 838 Galicnus
825 800 1008 853 optimus
1050 798 1234 839 medicus
1269 798 1468 853 pollebat,
1501 814 1574 853 ge-

90 870 191 896 nere
217 855 511 910 Pergamenus.
571 856 754 896 Iulianus
792 856 950 895 Romae
978 855 1083 910 leges
1110 856 1349 909 promebat.
1407 856 1573 895 Fronto

90 912 254 961 rhetor,
283 911 479 954 Aristides
515 912 768 967 Smyrnaeus
797 912 1006 966 sophista,
1038 913 1258 966 Oppianus
1288 917 1430 967 poeta,
1462 913 1573 951 Atti-

89 983 159 1009 cus
186 969 427 1009 Platonicus
467 968 738 1024 philosophus
769 974 907 1009 erant.
985 970 1218 1009 Antoninus
1246 976 1289 1009 et
1319 969 1573 1009 Commodus
1586 984 1622 1018 p.
1639 974 1707 1010 667

91 1026 200 1083 leges
230 1034 271 1067 et
300 1026 621 1067 constitutiones
650 1027 756 1067 bene
786 1024 1095 1066 considerantes
1124 1031 1450 1067 renovaverunt.

199 1111 349 1167 Mundi
378 1127 489 1152 anno
510 1110 636 1163 5672,
671 1112 835 1152 divinae
857 1111 1158 1152 incarnationis
1181 1126 1292 1152 anno
1316 1109 1407 1162 172,
1441 1111 1572 1151 Com-

88 1167 216 1208 modo
235 1169 471 1223 imperante
483 1169 711 1209 Eirenaeus
739 1170 959 1223 episcopus
980 1168 1263 1223 Lugdunensis
1293 1168 1441 1208 divinis
1474 1182 1568 1208 ver-
1583 1178 1619 1213 p-
1640 1169 1711 1205 668

86 1225 147 1264 bis
180 1231 223 1265 et
251 1225 411 1266 actibus
439 1226 701 1266 coruscabat.
770 1225 1025 1266 Commodus
1067 1226 1384 1265 honorabilibus
1429 1239 1477 1265 ex
1506 1239 1572 1265 se-

88 1287 189 1322 natu
220 1284 448 1338 peremptis
477 1282 603 1323 etiam
633 1282 839 1323 lulianum
860 1283 1143 1338 legislatorem
1177 1283 1347 1322 occidit.

199 1354 347 1395 Mundi
377 1370 487 1395 anno
518 1353 657 1407 5685,
691 1355 859 1396 divinae
890 1355 1190 1395 incarnationis
1230 1370 1341 1395 anno
1367 1353 1463 1406 185,
1499 1354 1711 1404 Vi-p-669

87 1418 183 1452 ctor
211 1414 424 1453 Romanae
455 1411 650 1453 ecclcsiae
678 1413 805 1453 ssoret
843 1413 1075 1466 episcopm,
1109 1413 1234 1451 lulius
1265 1411 1463 1452 Pertinax
1494 1412 1574 1451 im-

87 1477 221 1524 perat.
279 1475 377 1524 post
419 1484 546 1525 quem
578 1469 755 1509 lulianus
795 1475 967 1510 vocatus
1007 1469 1153 1509 Didius
1202 1469 1367 1509 duobus
1411 1474 1575 1508 tantum

88 1527 295 1567 mensibus
330 1527 535 1581 imperat;
566 1527 637 1581 qui
666 1541 748 1580 pro
775 1542 826 1567 eo
858 1525 975 1581 quod
1001 1526 1187 1580 pecuniis
1220 1526 1443 1579 imperinm
1475 1525 1574 1565 ade-

87 1590 183 1638 ptus
215 1585 366 1634 suerat,
397 1599 421 1623 a
450 1583 697 1637 principatu
730 1582 963 1638 deponitur
981 1583 1032 1622 ab
1061 1582 1202 1622 amicis
1226 1583 1391 1631 Severi,
1421 1597 1443 1621 a
1475 1582 1572 1636 qui-

86 1642 162 1680 bus
180 1654 275 1680 mox
294 1641 531 1694 imperator
548 1646 731 1680 creatur.
792 1656 878 1695 quo
907 1648 1101 1693 tempore
1118 1641 1318 1689 Clemens,
1350 1638 1575 1693 presbyter

87 1697 401 1748 Alexandrinus,
430 1697 614 1751 optimus
645 1696 841 1751 magister
863 1698 903 1737 in
922 1696 1189 1751 philosophia
1209 1711 1317 1751 quae
1346 1694 1574 1736 secundum

85 1754 299 1794 Christum
329 1759 401 1805 est,
432 1754 698 1808 compositor
728 1755 895 1795 enituit.
955 1754 1189 1793 Pantaenus
1219 1753 1494 1806 philosophus
1525 1766 1572 1792 ex

83 1811 236 1851 Stoicis
266 1812 309 1851 in
339 1810 483 1851 divino
512 1812 644 1851 verbo
677 1812 817 1864 fulget.
879 1811 1098 1851 Africanus
1125 1809 1348 1850 historicus
1364 1809 1572 1850 Christia-

85 1882 159 1907 nus
190 1868 337 1922 pollet.
369 1868 577 1908 Musianns
601 1868 788 1921 scriptor
822 1868 1120 1908 ecclesiasticus
1150 1867 1408 1921 agnoscitur.
1469 1866 1570 1906 Ori-
1586 1884 1618 1917 p.
1637 1873 1706 1910 670

82 1939 204 1979 genes
233 1925 464 1964 insensatus
504 1924 616 1979 apud
648 1925 939 1966 Alexandriam
977 1926 1113 1964 inania
1143 1924 1340 1978 opinatus
1371 1922 1566 1979 dogmata

81 1988 268 2023 sectatur
294 1982 526 2036 gentilium.

196 2054 340 2095 Mundi
373 2070 482 2096 anno
521 2053 632 2096 5696
651 2086 662 2105 ,
691 2054 857 2095 divinae
888 2054 1188 2095 incarnationis
1219 2067 1328 2093 anno
1362 2051 1454 2104 196,
1486 2055 1566 2093 Ze..
1581 2068 1614 2102 p.
1631 2055 1699 2090 671

80 2111 287 2166 phyrinus
318 2113 537 2166 episcopus
567 2114 783 2152 Romanae
813 2119 975 2166 praeest
1002 2113 1210 2152 ecclesiae.
1269 2111 1448 2150 Severus
1477 2112 1566 2149 Ro-

78 2183 189 2208 mam
225 2168 391 2209 veniens
423 2170 647 2220 Albinum,
681 2171 751 2224 qui
799 2169 1067 2225 tyrannidem
1109 2176 1259 2210 contra
1306 2167 1562 2222 Lugdunen-

79 2225 184 2265 sium
218 2226 431 2267 civitatem
464 2233 723 2277 exercuerat,
759 2226 991 2266 interemit.

190 2299 338 2339 Mundi
369 2314 478 2339 anno
508 2299 643 2350 5701,
674 2301 840 2340 divinae
871 2297 1168 2340 incarnationis
1206 2311 1316 2338 anno
1347 2295 1445 2348 201,
1478 2298 1562 2336 An..
1577 2308 1611 2343 P·
1630 2298 1700 2335 672

79 2356 248 2396 toninus
279 2357 490 2397 Caracalla
533 2357 713 2411 imperat
750 2372 846 2397 cum
887 2358 1020 2396 fratre
1050 2359 1170 2396 Geta.
1229 2354 1326 2396 dein
1355 2355 1563 2394 Macrinus

77 2413 184 2453 filius
214 2414 454 2454 Caracallae
481 2419 603 2468 patre
633 2415 771 2454 occiso
799 2415 924 2454 sumit
954 2413 1193 2468 imperium.

89 2534 92 2537 v
190 2486 339 2527 Mundi
368 2502 477 2527 anno
506 2486 630 2540 5710,
665 2487 830 2527 divinae
860 2485 1160 2527 incarnationis
1200 2498 1312 2524 anno
1341 2482 1436 2534 210,
1470 2483 1562 2524 Cal·
1576 2487 1698 2532 p-674
1722 2489 1745 2525 9

76 2541 192 2583 listus
224 2544 443 2599 episcopus
471 2546 687 2586 Romanae
715 2550 879 2599 praeest
915 2543 1125 2595 ecclesiae,
1158 2541 1393 2583 Antoninus
1425 2542 1563 2582 Aure-

80 2598 155 2639 lius
187 2600 384 2656 imperat.

186 2673 333 2714 Mundi
363 2689 472 2714 anno
503 2673 640 2726 5715,
671 2674 838 2716 divinae
867 2673 1169 2714 incarnationis
1202 2684 1312 2710 anno
1346 2669 1443 2721 215,
1471 2669 1562 2709 Ur-

74 2726 206 2768 banus
235 2731 454 2786 episcopus
486 2732 721 2772 Romanum
750 2732 859 2785 gerit
887 2730 1172 2786 pontificium,
1203 2725 1435 2767 Alexander
1466 2728 1561 2766 Ma..

15 2825 21 2833 ,
73 2798 216 2827 maeae
245 2787 350 2827 filius
382 2789 571 2843 imperat.
632 2789 886 2844 Hippolytus
913 2789 1138 2835 Romanus,
1167 2784 1386 2839 episcopus
1418 2797 1560 2822 sacra-

77 2840 247 2883 tissimus
282 2845 448 2895 Portm,
477 2846 597 2887 valde
628 2845 783 2887 decore
810 2844 960 2886 ssoruit
991 2844 1032 2884 in
1065 2840 1331 2898 philosophia
1362 2855 1468 2895 quae
1497 2854 1558 2880 se-

223 2927 463 2977 Theophanes
496 2931 541 2966 11.
1011 2982 1015 2985 .
1285 2925 1308 2959 3
