1768 3268
45 499 79 534 p.
95 485 166 526 374
189 488 212 525 9

103 1207 141 1244 p.
152 1197 223 1234 376

106 1785 141 1821 p.
156 1773 224 1810 377

227 226 319 273 110
427 222 709 270 ANASTAsn
740 217 1015 264 'HISTORIA
1065 214 1482 261 ECCLESIASTICA

226 347 327 383 tunc
366 341 548 382 factione
590 339 712 395 pulso
752 338 948 389 ecclesia,
971 342 1014 377 et
1054 337 1320 376 consecratus
1359 337 1421 372 cst
1449 330 1701 372 Eustochius

227 413 307 453 pro
336 397 539 439 Macario'
555 397 776 452 episcopus
808 393 1119 450 Hierosolymis.

336 478 486 519 Tertio
518 476 682 532 imperii
722 475 867 516 lustini
898 487 1031 524 ann0,
1074 470 1280 513 accersitis
1319 467 1479 523 Sophia
1521 466 1705 523 piissima

224 538 405 590 Augusta
451 534 727 590 pecuniarum
765 530 1053 573 venditoribus
1083 535 1126 570 et
1157 525 1357 577 notariis,
1402 523 1517 566 iussit
1547 523 1706 564 deferri

225 592 439 642 cautiones
464 591 704 631 debitorum
722 596 763 644 et
782 590 944 642 breves,
976 586 1125 642 quibus
1150 584 1263 625 lectis
1288 582 1452 636 accepit
1469 581 1634 628 breves,
1664 587 1707 620 et

226 649 422 705 praebuit
457 662 526 688 eos
549 645 826 697 debitoribus,
857 651 899 686 et
922 643 1102 685 reddidit
1132 640 1310 681 dominis
1339 639 1434 690 suis,
1467 644 1509 679 et
1536 637 1705 677 laudata

225 712 445 760 estsuper
484 705 567 744 hoc
611 717 865 759 magnopere
897 702 947 742 ab
991 701 1180 740 universa
1210 697 1396 737 civitate.
1455 694 1708 736 Eustochius

228 770 388 813 autem,
419 762 620 816 ingressus
654 760 1009 815 Hierosolymam,
1043 771 1127 796 non
1158 753 1365 796 audienda
1397 758 1550 793 contra
1578 752 1707 806 Apol-

228 819 427 859 linarium
471 825 512 859 et
543 817 803 874 Agathonem
849 822 890 856 et
931 814 1162 855 Macarium
1194 825 1330 851 novae
1358 811 1524 849 Laurae
1556 823 1710 848 mona-

230 876 329 916 chos
359 875 565 926 excitavit,
594 874 796 914 mentiens
827 873 916 913 illos
932 871 1203 926 Origenistas,
1262 873 1305 909 et
1334 867 1430 907 ideo
1460 866 1601 922 pulsus
1630 871 1709 916 est,

231 940 272 974 et
303 933 457 973 iterum
487 931 702 972 restitutus
734 935 795 971 est
824 929 1030 969 Macarius
1062 928 1103 967 in
1134 926 1292 966 throno
1321 938 1412 964 suo.

345 1017 510 1068 Quarto
543 1015 710 1071 imperii
742 1014 887 1056 Iustini
915 1028 1026 1055 anno
1063 1027 1205 1063 rursus
1226 1009 1435 1052 Macarius
1468 1005 1711 1061 Hierosoly-

232 1073 307 1113 mis
349 1074 591 1128 praefertur
633 1073 872 1128 episcopus,
915 1079 956 1113 ct
985 1069 1260 1113 Alexandriae
1307 1067 1481 1108 loannes
1531 1063 1712 1106 habetur

234 1130 414 1171 antistes.

347 1203 509 1254 Quinto
551 1202 719 1257 imperii
767 1200 908 1242 Iustini
950 1213 1086 1250 anne,
1127 1212 1225 1238 cum
1264 1211 1438 1253 magnus
1477 1193 1713 1236 Anastasius

235 1260 514 1301 Antiochenus
545 1260 762 1314 episcopus
794 1256 1130 1312 reprehendisset
1162 1256 1203 1295 in
1237 1254 1454 1308 rescriptis
1484 1251 1714 1308 synodico-

233 1332 326 1357 rum
361 1318 554 1356 loannem
589 1314 1129 1369 Constantinopolitanum,
1160 1312 1234 1368 qui
1274 1316 1598 1352 consecraverat
1642 1310 1714 1348 lo-

232 1388 380 1413 annem
411 1371 741 1423 Alexandrinum,
770 1378 813 1412 et
842 1371 925 1411 hoc
955 1377 1202 1411 consecrato
1231 1369 1373 1423 pulsus
1405 1374 1464 1408 est
1494 1367 1547 1407 ab
1578 1366 1717 1407 eccle-

231 1431 288 1470 sia
317 1445 388 1469 sua
418 1444 497 1485 per
529 1428 858 1484 indignationem
896 1426 1067 1477 Iustini,
1117 1433 1159 1467 et
1198 1425 1418 1466 ordinatus
1449 1429 1511 1464 est
1546 1425 1715 1478 Grego-

234 1488 318 1528 rius
346 1486 573 1528 monachus
603 1492 644 1526 et
671 1485 970 1541 apocrisiarius
997 1482 1243 1524 monasterii
1272 1481 1581 1538 Byzantiorum.

345 1573 469 1613 Sexto
499 1571 665 1626 imperii
712 1565 873 1612 Iustini'
892 1583 1002 1611 anno
1033 1569 1179 1610 Narses
1220 1566 1505 1609 cubicularius
1537 1571 1579 1606 et
1608 1578 1716 1620 pro-

235 1629 515 1683 tospatharius
546 1629 719 1669 dilectus
748 1627 1017 1683 imperatoris
1047 1626 1282 1668 construxit
1311 1624 1484 1666 domum
1509 1622 1647 1664 Narsis
1675 1628 1717 1663 et

235 1686 535 1727 monasterium
565 1685 858 1726 Catharorum.

350 1771 539 1826 Septimo
574 1771 738 1826 imperii
767 1771 910 1812 Iustini
942 1783 1053 1810 anno
1084 1767 1264 1810 Romani
1306 1782 1354 1808 ac
1382 1767 1538 1808 Persae
1568 1778 1719 1820 pacem

238 1834 546 1883 corruperunt,
587 1835 630 1868 et
668 1828 822 1868 iterum
862 1827 1080 1868 Persicum
1110 1830 1362 1867 renovatum
1391 1829 1451 1865 est
1481 1822 1638 1864 bellum
1666 1836 1718 1862 eo

238 1885 355 1941 quod
385 1885 624 1926 Homeritae
663 1885 752 1925 Indi
801 1884 1055 1939 legationem
1102 1882 1154 1923 ad
1186 1884 1398 1923 Romanos
1428 1880 1644 1930 miserint,
1677 1884 1719 1918 et

238 1942 474 1996 imperator
506 1941 708 1982 Iulianum
740 1941 1055 1996 magistrianum
1086 1955 1183 1980 cum
1215 1953 1334 1980 sacra
1365 1936 1639 1979 destinaverit
1668 1933 1722 1974 ad

240 1997 440 2038 Aretham
473 2013 613 2053 regem
642 1998 896 2053 Aethiopum
925 2013 1004 2053 per
1034 1997 1171 2037 Nilum
1205 1996 1379 2037 fluvium
1400 1995 1452 2035 ab
1474 1992 1722 2036 Alexandria

238 2060 282 2095 et
313 2054 455 2096 Indico
483 2056 602 2107 mari,
633 2056 705 2110 qui
735 2062 928 2110 receptus
960 2060 1021 2096 est
1050 2055 1102 2095 ab
1134 2054 1291 2095 Aretha
1319 2067 1418 2107 rege
1447 2067 1542 2092 cum
1565 2049 1721 2107 gaudio

242 2113 394 2164 multo,
423 2118 649 2166 appetente
681 2111 881 2152 nlmirum
912 2111 1138 2152 amicitiam
1158 2113 1452 2152 Romanorum
1484 2109 1723 2163 imperato-

241 2168 314 2208 ris.
386 2168 611 2208 enarrabat
653 2176 812 2220 autem,
856 2183 951 2209 cum
991 2169 1206 2218 rediisset,
1237 2169 1346 2208 idem
1379 2165 1574 2216 Iulianus,
1605 2161 1722 2220 quod

242 2223 412 2280 quando
444 2224 653 2278 receperit
683 2241 776 2266 eum
810 2241 881 2267 rex
910 2226 1085 2267 Arethas
1116 2225 1253 2266 nudus
1286 2231 1418 2275 esset,
1451 2222 1605 2264 habens
1635 2222 1724 2261 cir-
1766 2255 1768 2258 .

243 2297 339 2322 cum
371 2281 607 2322 cincturam
636 2288 678 2323 et
707 2283 747 2323 in
778 2281 928 2323 lumbis
958 2283 1067 2324 linea
1096 2283 1345 2324 vestimenta
1375 2295 1481 2321 auro
1513 2284 1722 2329 contexta,

244 2339 356 2379 circa
386 2345 577 2378 ventrem
611 2353 714 2379 vero
755 2340 958 2393 portabat
999 2339 1242 2380 indumenta
1276 2339 1397 2379 scissa
1426 2352 1523 2378 cum
1553 2350 1725 2390 marga-

244 2395 336 2436 ritis
365 2395 573 2449 pretiosis,
605 2400 646 2434 et
676 2394 718 2435 in
754 2395 933 2436 brachiis
952 2397 1102 2452 quinos
1131 2396 1329 2448 circulos,
1360 2401 1403 2436 et
1433 2393 1614 2435 armillas
1645 2408 1725 2432 au-

245 2465 336 2492 reas
373 2452 413 2492 in
454 2451 642 2492 manibus
673 2451 780 2503 suis,
828 2452 869 2492 in
902 2453 1040 2507 capite
1069 2459 1208 2494 autem
1238 2467 1426 2508 pannum
1455 2455 1725 2506 gemmatum,

244 2508 470 2549 habentem
489 2523 535 2549 ex
557 2515 743 2563 utroque
774 2509 995 2563 ligamento
1016 2511 1171 2564 plectas
1202 2515 1423 2565 quattuor,
1451 2515 1494 2549 et
1524 2513 1727 2562 torquem

247 2579 420 2605 aureum
448 2565 488 2605 in
519 2566 629 2605 collo
668 2579 767 2615 suo,
816 2573 858 2606 et
897 2566 1033 2607 stabat
1060 2581 1188 2622 supra
1227 2572 1434 2622 quattuor
1465 2563 1726 2618 elephantes,

245 2626 397 2662 stantes
429 2629 468 2662 et
506 2622 705 2662 habentes
737 2621 881 2675 iugum
917 2630 959 2663 et
990 2629 1106 2663 rotas
1137 2630 1356 2679 quattuor,
1388 2629 1431 2663 et
1458 2620 1648 2676 superius
1681 2626 1728 2660 ut

247 2692 422 2718 currum
453 2679 668 2730 excelsum,
699 2677 882 2719 velatum
910 2679 1058 2733 petalis
1089 2681 1247 2730 aureis,
1280 2688 1327 2721 ut
1356 2685 1452 2719 sunt
1481 2677 1727 2732 principum

246 2735 564 2789 provinciarum
609 2749 786 2784 currus
831 2741 874 2775 et
903 2741 1011 2775 stans
1055 2751 1181 2791 super
1222 2737 1313 2777 illos
1360 2736 1526 2776 ferebat
1563 2739 1727 2777 scutum

249 2791 538 2845 parvissimum
569 2790 818 2832 deauratum
847 2797 889 2832 et
919 2792 1021 2833 duas
1052 2793 1254 2835 lanceolas
1289 2807 1463 2843 aureaS,
1494 2798 1536 2832 et
1563 2797 1728 2831 senatus

249 2849 335 2890 eius
379 2848 512 2891 omnis
549 2856 639 2890 erat
682 2863 779 2889 cum
815 2850 952 2903 armis,
983 2857 1173 2893 canentes
1202 2851 1509 2892 modulationes
1539 2847 1726 2889 musicas.
