1728 3184
685 137 886 180 NOTAE.
1428 137 1524 183 353

127 260 130 264 ’
179 251 250 306 89,
282 255 349 299 11.
415 251 461 295 ἒν
499 236 879 308 Μαρκὶανουπόλει
920 252 968 294 δὲ
1012 250 1198 310 Οὔάλης]
1237 254 1289 296 de
1316 255 1528 311 hybernis,

69 315 158 349 tum
185 315 416 364 praesente,
447 317 536 351 tum
562 312 781 365 superiore
825 325 935 350 anno
969 325 992 350 a
1023 311 1198 353 Valente
1226 311 1529 368 Marcianopoli

67 367 170 406 actis
202 369 438 408 Ammianus
468 367 539 410 lib.
570 367 636 408 27.

177 437 286 481 [hid.
321 439 385 483 14.
443 435 619 487 σύνοδος
649 439 694 480 ἐν
715 442 802 487 τοῖς
837 437 1019 487 Τυάνοις
1044 438 1224 495 γέγονεν]
1257 441 1307 481 ad
1336 442 1531 482 consula-

65 500 154 534 tum
182 494 464 535 Valentiniani
510 504 551 536 et
583 495 765 537 Valentis
799 499 883 537 AA.
911 497 1138 536 secundum
1181 512 1204 536 a
1235 498 1410 539 Socrate
1439 513 1529 553 cap.

65 549 117 590 10
145 549 219 591 lib.
249 550 279 591 4
309 552 479 592 ineunte
510 553 776 593 observatum
795 549 1015 603 Eustathii‚
1047 553 1215 608 Sylvani
1245 559 1286 593 et
1304 554 1531 608 Theophili

63 605 362 661 episcoporum
390 607 441 648 ad
471 609 689 649 Liberium
720 609 801 649 iter
831 616 874 649 et
900 609 1081 648 reditum
1113 610 1311 650 describit
1339 611 1531 652 Socrates

63 661 174 703 idem
204 678 293 717 cap.
314 667 377 708 11.
404 665 488 705 τῶν
507 664 552 705 δὲ
584 661 852 719 φρονούντων
879 662 926 705 τὸ
958 661 1184 714 ὄμοούσιον
1211 665 1410 719 σφοδραῖς
1436 665 1533 706 τότε

64 720 393 761 συνελαθέντων.
468 736 515 761 eo
551 731 727 777 tempore
743 751 755 766 ,
799 723 883 760 illis
923 723 995 777 qui
1010 721 1151 777 fidem
1192 722 1534 775 cowcbstqntialis

62 776 301 825 servabant,
340 778 525 831 graviter
562 787 601 817 et
637 778 775 817 acerbe
814 782 1061 831 eoeagitacos:
1103 774 1223 829 τότε,
1254 779 1446 832 inquam,
1481 794 1532 819 eo

66 829 313 884 consulatu,
363 835 434 889 qui
477 838 758 888 Augustorum
804 834 1034 874 eorundem
1074 833 1369 888 imperantium
1405 849 1534 875 annus

64 894 304 928 numeratus
333 896 393 929 est
422 898 610 943 quartus,
642 905 726 945 quo
757 890 811 929 illi
839 892 1012 930 Romam
1040 891 1235 944 profecti,
1267 905 1316 930 ac
1343 897 1535 944 postmo-

65 942 163 984 dum
196 945 349 985 reversi
380 947 603 987 concilium
624 947 774 1002 Tyanis
805 947 1053 996 habuerunt,
1083 946 1198 1000 quod
1229 947 1391 987 nonnisi
1423 948 1534 986 circa

66 1000 303 1042 consulatus
330 1002 511 1043 eiusdem
544 1005 681 1054 finem,
716 1005 779 1042 vel
810 1017 918 1042 anno
949 1005 1151 1058 sequenti,
1185 1003 1266 1043 hoc
1297 1009 1369 1054 est,
1400 1003 1483 1042 iam
1513 1018 1535 1042 a

63 1055 303 1111 Septembri
334 1059 627 1101 Valentiniano
659 1075 768 1099 anno
833 1059 950 1099 uinto
983 1059 1150 1110 fluente,
1181 1060 1324 1114 potuit
1353 1073 1536 1115 congre-

63 1114 183 1166 gari:
215 1114 267 1154 de
298 1130 383 1170 quo
413 1116 664 1156 Sozomenus
697 1117 770 1155 lib.
800 1075 829 1155 ἓ
859 1130 950 1168 cap.
986 1116 1050 1155 12.

173 1183 242 1230 91,
269 1181 310 1226 4.
370 1180 578 1232 Εὖὸοξὼυ
608 1177 949 1237 τελευτήσαντος]
979 1182 1210 1222 Eudoxium
1238 1182 1532 1223 Valentiniano

61 1243 105 1277 et:
133 1238 310 1279 Valente
350 1239 430 1278 iam
471 1241 642 1279 tertium
687 1254 784 1279 coss.
820 1240 1062 1279 defunctum
1096 1246 1241 1292 aperte
1275 1247 1421 1279 narrat
1450 1241 1535 1279 So-

61 1301 195 1334 crates
226 1295 295 1334 lib.
329 1291 357 1334 4
386 1310 476 1348 cap.
519 1295 582 1335 13.
627 1294 832 1343 Ειῗδόξιος
878 1293 899 1334 ὃ
942 1296 1015 1347 τῆς
1053 1292 1276 1347 Ἀρειανῆς
1315 1295 1536 1348 ἐκκλησίας

59 1350 283 1398 ἐπίσκοπος
329 1349 465 1397 ειῖθὺς
505 1349 610 1403 μετὰ
654 1348 731 1402 τήν
770 1352 844 1390 τοῦ
871 1352 1082 1403 βασιλέως
1126 1347 1270 1399 ἔξοδον
1308 1352 1418 1389 τέλει
1462 1351 1536 1389 τοῦ

57 1404 155 1457 βίου
197 1403 408 1459 ἐχρήσατο
450 1407 494 1447 ἐν
536 1405 716 1462 ὑπατείᾳ
757 1406 1069 1447 Οὐαλεντιανοῦ
1099 1403 1145 1445 τὸ
1176 1407 1337 1458 τρίτον,
1365 1404 1385 1445 ὃ
1418 1404 1535 1446 Ου’ά-

57 1464 198 1509 λεντος
236 1459 285 1502 τὸ
331 1461 484 1515 τρίτον.
559 1465 798 1518 principum
840 1465 1015 1503 istorum
1057 1464 1318 1502 consulatum
1359 1464 1534 1502 tertium

58 1518 222 1572 imperii
265 1520 496 1560 eorundem
539 1521 716 1574 septimo
767 1519 955 1559 nonnulli
1000 1519 1254 1574 adiungunt,
1298 1519 1529 1558 chronicon

55 1574 380 1615 Alexandrinum
411 1576 689 1617 Valentiniani
725 1577 899 1631 Augusti
939 1576 1200 1615 consulatum
1240 1577 1410 1615 tertium
1432 1606 1443 1624 ,
1491 1580 1533 1615 et

57 1631 243 1672 Victoris
287 1632 471 1673 eiusdem
514 1633 680 1687 imperii
711 1647 820 1672 anno
860 1633 1028 1687 quinto,
1058 1631 1244 1672 Valentis
1273 1638 1410 1673 autem
1440 1638 1534 1672 ter-

59 1687 165 1727 tium
197 1694 239 1728 et
270 1689 550 1730 Valentiniani
585 1696 783 1744 quartum
813 1695 925 1729 sexto
959 1688 1188 1729 consociat.

165 1755 273 1795 Ibid.
306 1759 372 1800 10.
445 1756 506 1804 εἰς
536 1754 725 1807 Κύζικον
766 1751 982 1810 ἐξώρισεν]
1027 1756 1200 1796 observa
1242 1755 1339 1798 Vat.
1368 1761 1410 1795 et
1440 1755 1528 1795 Pal.

59 1809 184 1855 codd.
221 1812 375 1853 habere
391 1811 568 1868 Βιζύην.

169 1869 279 1909 Ibid.
315 1872 379 1913 19.
437 1870 651 1925 Δακίζων]
683 1870 879 1910 Socrates
915 1870 983 1909 tib.
1006 1867 1034 1908 4
1064 1882 1154 1922 cap.
1180 1866 1230 1907 13
1259 1867 1406 1907 scribit
1438 1866 1529 1907 Λα-

56 1922 227 1973 ὃίκιζον.
286 1925 540 1967 Sozomenus
573 1927 686 1967 tib.·6
717 1941 810 1980 cap.
837 1923 888 1966 14
915 1926 1043 1965 habet
1062 1917 1167 1976 ἄχρι
1181 1921 1383 1977 Λακίδης,
1414 1938 1530 1962 mar-

53 1980 200 2075 ⁴¹93inalis
230 1980 353 2022 lectio
383 1982 628 2036 Λακιβίζης.
679 1984 778 2039 legit
805 1984 978 2023 Rufinus
1008 1981 1230 2022 Acibizam.
1264 1981 1353 2034 lege
1397 1980 1529 2020 varias

72 2038 273 2078 ectiones.

167 2092 234 2144 92,
266 2094 305 2138 5.
366 2088 535 2149 Οὗάλης
566 2095 610 2136 ἑν
633 2090 888 2152 Ἀντιοχείᾳ]
936 2091 1236 2135 Antiochenam
1267 2093 1349 2133 iter
1377 2092 1526 2131 Valens

55 2150 146 2204 ipso
175 2158 218 2192 et
252 2152 547 2192 Valentiniano
591 2153 772 2192 tertium·
800 2151 1059 2198 consulatum
1091 2149 1329 2204 gerentibus
1360 2162 1524 2204 aggres-

53 2222 118 2247 sus
148 2213 221 2259 est,
254 2210 313 2248 uti
345 2210 537 2249 Socrates
569 2210 680 2250 clare
712 2209 912 2249 describit
952 2209 1020 2248 lib.
1050 2204 1079 2248 4
1114 2221 1203 2260 cap.
1240 2202 1300 2245 14.
1360 2205 1390 2243 is
1420 2219 1524 2243 con-

51 2265 207 2304 sulatus
256 2281 410 2306 annum
445 2266 609 2319 imperii
653 2267 737 2305 eius
765 2266 986 2320 septimum
1017 2265 1162 2318 signat,
1192 2278 1214 2302 a
1245 2262 1358 2301 cuius
1386 2274 1525 2324 ¹¹¹e.¹¹⁵.e

52 2320 291 2374 Septembri
329 2330 499 2363 octavus
542 2324 616 2363 iste
655 2339 677 2362 a
706 2322 964 2376 Theophane
1004 2319 1248 2374 propositus
1289 2317 1405 2356 ducit
1446 2330 1527 2355 inu-

53 2377 190 2418 tium:
224 2394 383 2433 quare,
426 2394 532 2434 quae
566 2387 652 2431 tum
683 2379 926 2432 superiore,
957 2385 1047 2417 tum
1072 2378 1224 2416 iterum
1252 2375 1333 2413 alio
1364 2373 1532 2426 priore‚

12 2482 15 2483 ⁷
53 2435 274 2489 contigisse
304 2437 562 2484 scribuntur,
596 2451 691 2475 cum
722 2436 832 2475 inter
861 2433 1067 2490 agendum
1097 2433 1177 2471 iter
1208 2430 1312 2469 illud
1341 2429 1422 2469 sint
1451 2442 1526 2482 ge-

55 2496 130 2541 sta,
161 2500 335 2544 praeter
367 2494 559 2532 ordinem
590 2493 827 2546 praemissa,
859 2498 901 2532 et
929 2492 968 2531 in
998 2491 1107 2529 hunc
1135 2502 1285 2526 annum
1317 2498 1525 2538 seponen-

55 2547 107 2587 da
139 2549 453 2604 intelliguntur:
497 2548 549 2588 de
580 2549 730 2603 quihus
763 2563 927 2588 necnon
964 2547 1049 2586 aliis
1075 2543 1342 2598 sequentibus
1370 2542 1525 2581 Socra-

54 2609 113 2644 tes
147 2604 215 2645 lib.
234 2603 263 2646 4
295 2621 418 2659 capp.
457 2605 505 2645 13
538 2612 580 2644 et
608 2601 670 2652 14,
700 2604 992 2644 'theodoretus
1025 2602 1093 2645 lib,
1122 2599 1149 2638 4
1178 2612 1297 2652 capp.
1322 2595 1373 2636 13
1400 2603 1441 2637 et
1475 2593 1525 2634 16

56 2660 309 2702 Sozomenus
339 2662 409 2705 lib.
444 2660 470 2701 6
502 2676 625 2716 capp.
663 2660 715 2700 14
750 2661 799 2701 15
828 2667 870 2701 et
905 2658 968 2699 16.

166 2732 233 2785 93,
268 2735 322 2774 l.·
359 2736 431 2788 τῆς
456 2734 654 2788 ἐμβάτης]
681 2731 815 2788 εὐχὴν
844 2733 919 2787 τῆς
951 2730 1164 2776 διακονίας
1196 2727 1240 2792 ἐν
1268 2727 1325 2780 τῷ
1363 2720 1523 2778 ἑμβάτῃ

197 2817 436 2864 Theophanes
466 2820 517 2852 ll.
1211 2810 1257 2844 23
