1728 3184
658 173 860 219 NOTAE.
1395 175 1491 221 337

29 294 91 336 tio
137 294 308 344 suadet,
356 300 404 336 ut
439 292 509 335 hic
547 293 767 350 legendum
806 301 952 349 putem
984 294 1305 347 Kmvmanaaeog
1349 298 1398 341 δὲ
1423 299 1498 340 καὶ

30 345 238 399 Κώνστας
267 358 347 398 etc.

143 420 211 474 54,
244 423 310 466 111.
365 419 662 470 Κωνστάντιος
691 416 885 474 Ἀμιδαν
914 421 1154 477 οἰκοδομεῖ]
1188 426 1380 466 Amidum
1409 428 1498 467 An-

30 479 326 534 toninupolim,
357 486 399 520 et
424 480 709 521 Constantiam
742 486 950 519 memorat
977 479 1046 519 hic
1063 479 1364 535 Theophanes3
1395 498 1496 538 quas

27 536 190 588 pariter
205 535 255 576 18
285 536 356 576 lib.
391 536 575 576 celebrat
603 535 866 575 Marcellinus
897 549 1034 575 comes
1065 535 1107 574 in
1137 539 1391 578 contrariam
1411 539 1497 580 eius

27 591 241 645 profectus
267 593 526 636 sententiam.
586 591 653 631 hic
693 591 898 646 siquidem
931 592 1215 632 Constantiam
1247 600 1289 634 et
1318 597 1500 636 Antoni·-

29 647 220 701 nupolim
251 647 411 689 diversa
449 647 603 703 oppida
621 680 632 700 ,
661 662 769 702 quae
797 646 1073 702 Theophanes
1099 663 1229 689 unum
1267 651 1494 692 constituit.

27 704 218 744 Amidam
258 718 360 744 vero
397 704 767 759 Constantiamque
811 718 937 744 unam
964 704 1114 745 urbem
1142 706 1312 747 videtur
1339 705 1497 748 assere-

28 773 88 810 re,
121 775 222 816 quas
253 761 529 815 Theophanes
560 759 772 800 distinctas
802 760 974 800 omnino
1004 762 1139 815 ponit.
1198 762 1255 801 ita
1276 763 1499 803 Pancirol-

26 816 86 855 lus
118 816 158 856 in
192 823 280 857 not.
308 817 502 871 imperii,
544 822 587 857 et
603 816 787 856 Ortelius
818 818 858 856 in
887 817 1171 872 geographico
1207 819 1334 859 lexico
1365 820 1499 859 comi..

26 878 111 913 tem
139 872 388 929 intelligunt,
409 873 525 914 cuius
554 873 657 913 haec
688 873 818 913 verba
845 880 941 914 sunt
965 874 1060 914 loco
1084 873 1251 915 laudato
1284 876 1500 929 probatis—

26 929 153 969 simae
194 930 366 970 Henrici
404 929 556 971 Valesii
587 929 783 970 editionis
824 944 919 984 pag.
954 929 1049 970 127.
1117 944 1285 987 cumque
1314 933 1498 972 Bebasen

26 986 177 1026 villam
205 987 425 1035 venissent,
453 987 558 1026 unde
597 985 658 1025 ad
687 985 960 1026 Constantiam
998 1000 1118 1042 usque
1156 987 1364 1043 oppidum,
1393 989 1503 1044 quod

26 1044 236 1082 centesimo
267 1041 409 1098 lapide
452 1043 691 1098 disparatur
717 1050 904 1081 arescunt
933 1043 1075 1082 omnia
1103 1044 1175 1082 siti
1197 1053 1393 1098 perpetua
1423 1054 1498 1084 etc.

26 1103 116 1138 tum
147 1097 286 1147 multis
317 1097 369 1138 ad
397 1098 664 1152 propositum
695 1097 805 1137 idem
834 1098 1115 1151 spectantibus
1147 1099 1372 1139 interiectis
1399 1101 1501 1140 suh..

29 1153 92 1194 dit
123 1169 220 1209 pag.
256 1152 352 1194 130.
410 1156 519 1194 Itane
548 1155 756 1193 civitatem
786 1154 886 1192 olim
914 1169 1114 1208 perquam
1142 1156 1316 1206 brevem,
1348 1155 1501 1196 Caesar

24 1212 150 1251 etiam
191 1219 277 1251 tum
308 1210 563 1250 Constantius
579 1240 591 1261 ,
634 1218 677 1250 ut
711 1210 876 1250 accolae
916 1209 1134 1264 suffugium
1169 1212 1325 1266 possint
1349 1213 1499 1252 habere

23 1268 274 1318 tutissimum,
304 1280 350 1306 eo
378 1275 555 1320 tempore
576 1279 653 1322 quo
673 1265 1005 1323 Antoninupolim
1030 1267 1222 1321 oppidum
1251 1268 1370 1307 aliud
1395 1277 1500 1308 stru-

24 1324 104 1373 xit,
134 1323 309 1362 turribus
339 1323 608 1362 circumdedit
643 1322 796 1376 amplis
839 1331 879 1362 et
907 1323 1141 1362 moenibus.-
1188 1323 1400 1378 locatoque
1440 1324 1500 1364 ibi

24 1379 248 1419 conditorio
284 1379 502 1418 muralium
540 1386 826 1418 tor-mentonem
838 1410 850 1429 ,
871 1380 985 1430 ficit
1019 1379 1192 1418 hostibus
1201 1381 1497 1432 formidatam,

21 1449 171 1491 suoque
198 1436 363 1476 nomine
389 1435 519 1474 voluit
543 1435 756 1490 appellari
773 1449 786 1471 .-
817 1435 1146 1484 (Constantiam.)
1177 1450 1272 1475 cum
1303 1444 1500 1489 praeter-

27 1505 88 1543 ea,
119 1491 332 1532 Caesarem
365 1489 501 1530 adhuc
529 1495 719 1544 agentem
746 1491 971 1531 restituisse
989 1491 1156 1540 indicat,
1188 1507 1313 1546 quam
1335 1493 1386 1532 ab
1418 1493 1500 1531 im·-

24 1555 225 1602 peratore
260 1547 495 1587 restitutam
530 1546 710 1586 affirmat
746 1545 1051 1601 Theophanes:
1084 1547 1186 1602 quid
1213 1549 1339 1588 etiam
1366 1549 1498 1588 subii..

25 1605 84 1645 cit
112 1603 308 1653 inferius,
340 1602 450 1643 unde
486 1602 676 1642 Amidam
721 1606 764 1641 et
802 1603 1090 1642 Constantiam
1130 1618 1258 1644 unum
1293 1604 1498 1658 oppidum

22 1675 108 1702 esse
137 1659 401 1701 Marcellinus
441 1660 637 1714 suggerit.
695 1659 738 1698 in
778 1658 865 1714 ipso
898 1669 1034 1699 autem
1069 1659 1248 1700 Amidae
1275 1662 1499 1700 meditullio

19 1717 91 1758 sub
124 1717 338 1770 arcefons
364 1715 480 1757 dives
507 1714 693 1756 exundat
723 1719 804 1755 etc.
862 1715 978 1771 quasi
1008 1715 1140 1756 verba
1170 1716 1246 1756 ista
1275 1716 1498 1757 distincto-

24 1789 121 1815 rum
150 1787 234 1814 non
262 1773 346 1812 sint
375 1771 529 1811 indicia
559 1771 766 1812 locorum.

133 1851 242 1893 Ibid.
276 1850 342 1891 16.
401 1844 588 1890 συνόδου
616 1850 838 1903 γενομένης
868 1848 914 1889 ἐν
944 1844 1191 1905 Ἀντιοχειᾲ]
1226 1849 1266 1889 in
1298 1864 1382 1905 qua
1411 1850 1498 1890 An-

24 1906 209 1948 tiocheni
241 1921 413 1963 quoque
441 1905 641 1947 dominici
665 1904 875 1946 Encaenia
902 1907 1133 1946 celebrata:
1166 1906 1218 1946 de
1251 1906 1400 1961 quibus
1417 1907 1498 1946 So·

23 1971 157 2005 crates
192 1964 261 2004 lib.
281 1964 306 2003 2
335 1977 424 2017 cap.
446 1963 471 2002 5
502 1969 544 2003 et
572 1977 687 2017 seqq.
720 1969 761 2003 et
788 1963 1042 2003 Sozomenus
1073 1961 1184 2005 lib.3
1215 1976 1305 2016 cap.
1326 1962 1365 2003 5.
1424 1977 1498 2002 ea·-

21 2021 117 2062 dem
148 2019 377 2059 Constantii
417 2034 526 2058 anno
559 2019 707 2075 quinto
737 2025 908 2072 peracta
948 2018 1118 2070 dicunt,
1158 2019 1307 2073 quibus
1347 2019 1496 2061 eodem

22 2091 198 2117 numero
231 2075 412 2130 praeivit
442 2075 737 2131 Hieronymus.

133 2154 240 2194 Ibid.
299 2150 538 2193 ἐπισκόπων
565 2150 658 2205 ρξ’]
703 2152 989 2194 centenarium
1030 2166 1249 2193 numerum
1279 2151 1494 2194 abundare

21 2216 314 2252 contestantur
342 2209 459 2249 citati
477 2210 683 2260 Socrates,
705 2215 746 2249 et
761 2210 1030 2257 Sozomenus,
1065 2215 1106 2249 et
1119 2209 1298 2249 Hilarius
1315 2209 1365 2249 de
1393 2223 1494 2264 syn-

21 2268 142 2319 odis,
172 2280 354 2322 quorum
383 2265 452 2306 hic
483 2264 550 2316 97,
583 2265 659 2306 iste
686 2264 753 2320 99,
782 2266 850 2306 ille
880 2264 934 2306 90
962 2266 1070 2306 solos
1102 2267 1318 2320 episcopos
1347 2265 1493 2304 Antio-

24 2324 159 2364 chiam
182 2322 421 2363 convenisse
450 2322 652 2365 scribunt,

130 2397 197 2448 55,
230 2396 294 2436 11.
346 2390 591 2448 Ἀντιόχεια
620 2390 702 2434 ὑπὸ
735 2395 935 2448 σεισμῶν]
975 2395 1168 2435 Socrates
1199 2394 1269 2434 lib.
1301 2393 1327 2434 2
1355 2407 1445 2447 cap.
1465 2389 1495 2432 7⁴

21 2452 220 2494 obcunte.

131 2525 240 2568 Ibid.
275 2524 338 2565 13.
397 2520 692 2579 σφαιροειδής]
739 2538 789 2564 ac
820 2523 941 2564 simul
971 2520 1221 2575 ὀκτάγωνος,
1252 2526 1298 2560 ut
1323 2533 1462 2574 supra.

312 2595 325 2607 h
377 2594 397 2608 Ἰ

22 2650 172 2705 ριακὸν
201 2661 297 2696 ante
335 2653 574 2709 quindecim
604 2668 760 2704 annos,
807 2653 973 2707 imperii
1014 2650 1274 2690 Constantini
1303 2649 1358 2690 23
1388 2663 1491 2690 coe-

18 2711 169 2763 ptum?
226 2727 277 2751 an
307 2726 389 2751 non
416 2710 551 2751 eidem
577 2709 805 2750 extruendo
838 2709 947 2750 solos
979 2709 1119 2748 decem
1149 2719 1277 2745 annos
1308 2706 1489 2759 imputat

17 2765 208 2807 Socrates
241 2782 376 2822 nuper
404 2767 625 2807 laudatus?
683 2772 798 2808 certe
840 2765 1057 2814 Batonius,
1092 2762 1163 2817 qui
1193 2775 1305 2801 anno
1336 2762 1487 2802 Christi

156 2849 394 2897 Theophanes
426 2851 472 2885 lt.
1172 2842 1218 2876 22
