1768 3268
545 209 617 248 Ex
654 206 1007 249 THEOPHANE.
1429 202 1488 246 10
1497 201 1518 244 1

153 323 320 364 Octavo
348 337 462 364 anno
492 323 658 377 imperii
688 322 905 363 Iustiniani
937 337 1055 377 passa
1086 329 1149 363 est
1179 339 1201 363 a
1234 320 1374 363 divina
1405 320 1523 362 indi-

40 379 240 433 gnatione
266 379 588 435 Pompeiopolis
610 380 787 436 Mysiae:
824 379 945 421 scissa
988 379 1100 419 enim
1133 384 1195 419 est
1235 386 1350 420 terra
1381 385 1523 420 terrae

38 442 188 487 motu,
230 441 274 478 et
302 437 509 477 obrutum
540 442 602 478 est
629 437 815 477 medium
858 436 1037 476 civitatis
1069 450 1165 476 cum
1195 434 1522 487 habitatoribus,

39 500 83 533 et
107 498 230 534 erant
260 493 407 534 subtus
433 501 605 542 terram,
635 499 678 534 et
698 506 820 533 voees
840 507 991 534 corum
1022 491 1304 534 audiebantur
1333 492 1522 533 claman-

37 550 145 590 tium
173 555 222 590 ut
249 549 330 591 sibi
354 549 643 592 misericordia
671 555 978 604 praestaretur,
1009 555 1052 590 et
1078 549 1209 589 multa
1239 547 1412 590 donavit
1439 550 1520 589 im-

36 611 215 661 perator
241 606 296 647 ad
329 606 567 649 educendos
599 614 643 648 et
673 605 954 657 animandos,
991 605 1262 661 viventesque
1289 605 1522 647 liberaliter

37 663 157 704 invit.
214 663 366 705 eodem
400 678 504 705 vero
533 678 646 705 anno
674 662 853 704 tradidit
895 663 1145 705 lastinianus
1175 662 1228 703 ad
1259 661 1520 718 psallendum

36 720 80 759 in
121 719 296 763 ecelesia
341 719 444 762 illud
487 720 606 779 quod
654 720 823 762 canitur
858 719 1125 776 “unigenitus
1170 719 1278 760 filius
1323 725 1367 762 et
1417 734 1519 761 ver-

36 776 140 817 bum
170 776 283 820 dei.”

148 848 298 890 Mundi
326 863 438 891 anno
454 848 586 902 6029,
614 849 781 891 divinae
808 849 1110 890 incarnationis
1140 865 1252 889 anno
1281 846 1378 900 529,
1406 848 1518 904 Aga·
1530 861 1564 897 p·
1583 853 1653 889 337
1678 853 1697 888 7

34 905 147 959 pitus
175 906 392 948 Romanae
428 907 538 962 gerit
569 906 767 948 ecclesiae
795 906 1093 962 praesulatum,
1124 905 1372 947 lastinianus
1400 906 1519 946 deci-

34 977 151 1003 mum
195 962 364 1019 imperii
404 963 490 1020 agit
515 979 697 1015 annum,
730 962 901 1020 quando
946 970 989 1005 et
1025 963 1267 1018 Epiphanio
1314 963 1516 1018 episcopo

34 1019 462 1076 constantinopoleos
505 1014 706 1062 defuncto
754 1019 972 1060 Antbimus
1010 1020 1231 1075 episcopus
1269 1020 1515 1074 Trapezun-

34 1076 213 1117 tensium
244 1077 468 1119 translatus
489 1084 550 1119 est
565 1077 993 1132 Constantinopolim.
1029 1079 1228 1134 Agapitus
1262 1083 1402 1117 autem
1423 1078 1516 1117 Ro-

31 1133 429 1190 manusepiscopus
472 1134 558 1175 hoc
588 1148 699 1174 anno
731 1133 952 1174 ascendens
977 1133 1385 1187 Constantinopolim
1413 1149 1515 1190 syn-

32 1189 164 1230 odum
201 1190 431 1232 celebravit
474 1199 624 1232 contra
672 1191 845 1245 impium
874 1190 1076 1231 Severum
1115 1196 1158 1231 et
1189 1190 1392 1232 lulianum
1423 1191 1514 1230 Ali-

31 1260 340 1288 carnassensem
373 1253 416 1288 et
443 1254 608 1289 ceteros
642 1246 981 1302 theopaschitas3
1021 1247 1134 1288 inter
1153 1262 1260 1302 quos
1290 1253 1332 1287 et
1359 1247 1514 1287 Anthi-

30 1319 135 1355 mus,
163 1308 213 1343 ut
238 1310 540 1346 consentaneus
570 1319 749 1354 eorum,
788 1303 1001 1358 depositus
1042 1319 1065 1343 a
1094 1304 1253 1344 throno
1297 1306 1511 1357 proiectus

29 1366 93 1400 est
121 1365 165 1401 et
190 1360 338 1413 exivit,
366 1375 464 1402 cum
491 1361 779 1416 episcopatum
799 1361 1047 1402 obtinuisset
1078 1361 1219 1417 regiae
1249 1361 1363 1401 urbis
1390 1376 1513 1401 men-

27 1417 139 1458 sibus
168 1416 340 1466 decem;
382 1425 427 1459 et
480 1423 748 1458 consecratus
787 1423 849 1458 est
889 1431 970 1471 pro
1001 1431 1052 1458 eo
1083 1419 1255 1458 Mennas
1287 1418 1512 1473 presbyter

27 1481 71 1515 et
100 1471 368 1515 xenodochus
397 1475 601 1529 Sampson
645 1475 697 1514 ab
747 1474 927 1528 Agapito
962 1488 1072 1529 papa
1103 1475 1313 1515 Romano.
1372 1489 1509 1529 porro

26 1531 227 1586 Agapitus
273 1531 477 1573 dormivit
507 1531 722 1589 Byzantii,
755 1537 799 1572 et
829 1536 1097 1572 consecratus
1128 1539 1189 1573 est
1223 1546 1305 1589 pro
1336 1546 1387 1572 eo
1421 1531 1508 1572 Sil-

25 1588 178 1629 verius.

137 1668 261 1709 Anno
292 1666 459 1722 imperii
490 1667 704 1708 iustiniani
733 1666 958 1708 undecimo
994 1667 1103 1708 facta
1130 1671 1228 1708 sunt
1254 1667 1392 1722 prima
1428 1681 1553 1717 en-p-
1579 1672 1651 1708 338
1676 1671 1719 1707 10

24 1723 168 1764 caenia
186 1738 363 1779 maguae
389 1723 585 1765 ecclesiae
613 1724 1000 1779 Constantinopoli,
1031 1725 1156 1764 Mena
1188 1725 1434 1779 patriarcba
1464 1726 1506 1766 in

20 1779 342 1879 Regizoltseedente
371 1780 579 1833 vehiculo,
609 1788 652 1823 et
681 1781 943 1838 imperatore
981 1781 1178 1823 letaniam
1218 1796 1314 1822 cum
1341 1782 1505 1838 populo

134 1923 258 1963 Anno
287 1921 539 1964 duodecimo
573 1922 740 1978 imperii
774 1923 1020 1975 Iustiniani,
1063 1938 1161 1964 cum
1189 1924 1349 1965 Romae
1383 1925 1505 1980 vigi-

21 1978 98 2018 lius
128 1985 235 2020 esset
275 1979 510 2035 episcopus,
542 1980 649 2021 moti
679 1986 777 2021 sunt
806 1981 1034 2036 Bulgarum
1063 1980 1148 2020 duo
1183 1995 1314 2036 reges,
1344 1982 1506 2037 Vulger

18 2035 176 2078 scilicet
205 2042 248 2078 et
277 2037 455 2092 Droggo
475 2067 488 2088 ,
517 2051 614 2077 cum
656 2037 929 2078 multitudine
965 2037 1007 2077 in
1040 2037 1211 2094 Lyciam
1243 2045 1285 2078 et
1316 2039 1504 2095 Mysiam,

19 2107 117 2132 curn
147 2097 251 2134 esset
278 2093 478 2148 magister
505 2094 687 2134 militum
710 2094 867 2150 Mysiae
900 2094 1078 2135 lustinus
1106 2102 1149 2135 et
1167 2095 1365 2151 Scythiae
1395 2097 1504 2136 Bau·

19 2148 176 2200 darius,
207 2149 280 2204 qui
313 2157 507 2192 exeuntes
546 2158 698 2191 contra
729 2151 926 2207 Bulgares
959 2152 1147 2192 inierunt
1178 2152 1403 2207 praelium.
1462 2158 1506 2192 et

18 2206 178 2247 occisus
206 2212 268 2246 est
299 2206 478 2248 Iustinus
522 2208 721 2263 magister
764 2208 947 2248 militum
975 2208 1017 2248 in
1046 2208 1174 2260 bello,
1206 2215 1249 2249 et
1279 2210 1411 2249 factus
1442 2216 1503 2249 est

17 2277 102 2316 pro
132 2276 184 2304 eo
207 2264 503 2305 Constantinus
520 2265 743 2306 Florentii.
771 2271 813 2306 et
840 2271 1049 2306 venerunt
1070 2265 1268 2320 Bulgares
1288 2280 1420 2320 usque
1448 2265 1503 2306 ad

17 2324 158 2374 partes
182 2319 390 2372 Thracae,
421 2327 465 2363 et
490 2334 674 2378 egressus
704 2329 765 2363 est
794 2328 944 2362 contra
975 2335 1047 2362 eos
1088 2323 1287 2377 magister
1318 2322 1501 2362 militum

16 2375 189 2432 lllyrici,
224 2377 417 2418 Hoccum
449 2377 638 2432 Hunnus,
667 2393 794 2434 quem
823 2378 1007 2433 suscepit
1036 2379 1272 2433 imperator
1300 2393 1347 2419 ex
1376 2393 1498 2419 sacro

14 2431 279 2487 baptismate,
308 2433 413 2474 etin
439 2430 625 2476 medium
655 2435 784 2476 missis
803 2435 1054 2490 Bulgaribus
1083 2435 1364 2476 conciderunt
1385 2435 1498 2476 mul-

15 2489 211 2531 titudines
243 2491 463 2545 copiosas,
492 2496 535 2531 et
564 2499 818 2546 receperunt
856 2505 1023 2532 omnem
1055 2492 1271 2546 praedam,
1307 2498 1350 2533 et
1379 2491 1504 2534 vice-

15 2552 117 2587 runt
141 2553 357 2602 potenter,
393 2547 539 2598 occisis
568 2548 734 2589 duobus
761 2563 911 2589 eorum
942 2548 1124 2604 regibus.

124 2625 285 2667 Eodem
315 2642 429 2668 anno
456 2627 570 2683 cepit
594 2627 800 2670 chosroes
830 2643 902 2670 rex
931 2628 1157 2669 Persarum
1185 2641 1379 2682 magnam
1407 2629 1497 2668 Au-
1508 2636 1630 2682 p.339
1667 2635 1706 2668 Η

13 2681 211 2723 tiochiam
239 2684 401 2739 Syriae.

125 2745 246 2802 Anno
285 2762 581 2804 decimotertio
621 2762 788 2817 imperii
840 2763 1053 2804 Iustiniani
1091 2761 1272 2805 sociatus
1315 2768 1374 2804 est
1405 2764 1496 2805 Ro-

9 2818 140 2861 manis
169 2819 351 2861 Mundus
382 2835 429 2862 ex
460 2834 614 2876 genere
644 2820 855 2876 bipedum
887 2820 1110 2863 derivatus.
