1768 3268
221 214 313 262 104
428 222 709 263 ANAs'msn
762 219 1023 261 utsTORm
1066 211 1484 260 ECCLEsmsTiCA

214 336 677 390 Constantinopolitano
698 335 897 389 episcopo
925 338 966 373 in
998 334 1248 388 epitimium.
1290 331 1525 385 indignatus
1546 334 1685 368 autem

214 393 446 446 imperator
460 400 609 433 contra
620 393 818 446 vigilium
837 397 1017 446 propter
1033 389 1276 444 epitimium,
1289 393 1331 428 et
1348 388 1446 443 quia
1464 385 1686 427 differebat

215 449 427 503 complere
451 465 557 504 quae
580 449 830 490 videbantur
852 463 980 503 super
1003 449 1162 487 unitate
1185 445 1467 494 ecclesiarum,
1497 442 1608 482 misit
1638 448 1687 481 ut

214 506 657 560 comprehenderetur.
742 506 811 560 qui
849 511 1035 545 metuens
1078 505 1280 558 impetum
1324 499 1592 555 imperatoris
1634 497 1685 538 ad

215 562 345 602 altare
379 563 514 617 Sergii
558 562 753 618 martyris
794 561 1034 602 monasterii
1080 558 1326 601 Hormisdae
1371 556 1573 613 confugit.
1643 561 1686 595 et

84 619 310 667 p.350inde
337 625 492 660 tractus
522 620 656 661 tenuit
687 619 897 659 columnas
934 624 1151 672 portantes
1178 617 1321 667 altare,
1346 621 1389 656 et
1417 614 1488 654 has
1520 613 1686 663 evertit,

214 691 309 715 cum
339 683 441 716 esset
473 676 606 731 gravis
638 682 679 716 et
708 690 892 730 corpore
908 675 1087 728 grandis.
1145 676 1382 728 imperator
1408 677 1549 712 autem
1580 685 1688 725 poe-

214 733 389 772 nitentia
419 733 566 773 ductus
596 732 774 786 suscepit
804 747 955 786 papam
986 732 1201 787 vigilium,
1236 736 1278 770 et
1308 736 1480 783 rogatus
1508 727 1686 783 Vigilius

213 805 236 828 a
264 789 491 830 Theodora
521 793 700 844 Augusta
732 789 911 842 suscepit
952 790 1116 829 Menam
1159 785 1444 843 patriarcham
1478 786 1686 825 Constan-

214 845 540 900 tinopolitanum
569 847 763 902 vigesima
794 861 906 887 nona
927 844 994 886 die
1015 846 1162 888 mensis
1182 844 1300 896 lunii,
1324 843 1550 885 festivitate
1578 856 1686 897 apo-

213 903 432 943 stolorum.

325 981 444 1021 Anno
478 981 671 1022 vicesimo
702 982 841 1037 primo
864 981 1030 1036 imperii
1053 981 1138 1022 eius
1168 979 1265 1020 l'acti
1296 985 1396 1020 sunt
1416 986 1559 1020 terrae
1589 993 1686 1018 mo-

215 1046 279 1079 tus
309 1039 444 1094 magni
475 1044 517 1078 et
543 1038 720 1092 pluviae,
751 1046 1004 1093 mortuaque
1035 1044 1095 1078 est
1121 1037 1348 1079 Theodora
1379 1039 1578 1091 Augusta.
1628 1035 1686 1074 si-

214 1096 369 1136 militer
402 1102 442 1135 ct
470 1095 659 1150 sequenti
698 1110 806 1136 anno
842 1097 948 1136 facta
990 1101 1086 1134 sunt
1114 1096 1281 1149 fulgura
1314 1100 1357 1135 et
1386 1094 1591 1144 tonitrua,
1630 1093 1686 1132 ita

215 1158 261 1192 ut
292 1152 543 1192 dormientes
572 1166 619 1192 ex
649 1152 847 1194 tonitruis
875 1152 1154 1203 laederentur,
1187 1147 1314 1208 atque
1343 1150 1536 1192 incendia
1560 1164 1688 1205 penes

215 1209 470 1265 Byzantium.

8 1300 43 1334 p.
63 1288 128 1322 351
160 1286 203 1322 14
327 1282 472 1322 Mundi
503 1297 609 1323 anno
639 1281 762 1334 6046,
794 1282 958 1323 divinae
1006 1282 1307 1336 incarnationis
1336 1296 1446 1322 anno
1478 1275 1576 1332 546,
1611 1280 1687 1319 im-

215 1338 319 1392 perii
355 1339 565 1379 Iustiniani
601 1355 709 1380 anno
745 1340 938 1381 vicesimo
986 1339 1116 1380 tertio
1150 1339 1306 1394 legatus
1338 1337 1541 1378 ludorum
1574 1337 1688 1377 venit

214 1395 618 1450 Constantinopolim
648 1396 799 1438 ducens
832 1396 1108 1452 elephantem,
1141 1402 1182 1436 et
1215 1396 1418 1451 ingressus
1436 1401 1498 1435 est
1519 1394 1690 1449 Hippo—

213 1451 438 1492 dromium.
500 1454 695 1494 Ianuario
731 1468 832 1494 vero
860 1469 999 1494 mense
1028 1452 1292 1507 suppositum
1324 1459 1385 1492 est
1415 1467 1569 1492 nomen
1594 1453 1689 1491 Me-

214 1523 290 1548 nae
320 1509 586 1563 patriarchae
618 1511 1086 1565 Constantinopolitani,
1118 1516 1159 1550 et
1189 1509 1480 1564 praepositum
1512 1516 1570 1548 est
1608 1523 1690 1548 no-

213 1580 308 1605 men
342 1565 484 1619 vigilii
524 1568 778 1620 praecellens
824 1569 863 1608 in
898 1568 1120 1624 diptychis.
1180 1566 1340 1607 interea
1368 1581 1506 1606 mense
1531 1564 1689 1606 Martio

218 1622 346 1662 exiliit
373 1622 535 1677 elephas
565 1638 587 1663 e
621 1625 781 1664 stabulo
813 1632 959 1675 noctu,
990 1630 1033 1665 et
1063 1623 1219 1664 occidit
1248 1624 1417 1674 multos,
1451 1622 1551 1663 alios
1585 1637 1688 1662 vero

43 1683 159 1729 p.352
186 1678 468 1736 5debilitavit.
525 1695 658 1734 porro
701 1681 818 1722 Iunio
858 1696 997 1722 mense
1027 1683 1133 1721 facta
1165 1686 1263 1721 sunt
1293 1680 1488 1721 encaenia
1518 1686 1691 1720 saneto-

222 1750 317 1775 rum
348 1738 634 1789 apostolorum
665 1738 776 1792 apud
807 1738 1239 1793 Constantinopolim,
1272 1744 1314 1778 et
1345 1736 1562 1778 recondita
1595 1742 1692 1776 sunt

220 1792 377 1845 lipsana
398 1793 586 1834 Andreae
613 1795 750 1836 Lucae
779 1811 827 1836 ac
855 1796 1070 1837 Timothei
1104 1795 1422 1849 apostolorum,
1453 1801 1496 1834 et
1525 1793 1692 1835 transiit

221 1849 361 1888 Menas
390 1849 605 1904 episcopus
635 1866 728 1891 cum
752 1853 903 1894 sanctis
933 1852 1121 1907 lipsaniS,
1151 1851 1294 1892 sedens
1311 1852 1351 1891 in
1380 1866 1584 1892 carrucea
1616 1866 1693 1890 au-

223 1919 297 1944 rea
324 1905 606 1959 imperatoria,
637 1907 840 1962 lapidibus
872 1910 1088 1964 insignita,
1133 1915 1279 1950 tenens
1313 1916 1398 1949 tres
1430 1908 1569 1949 thecas
1597 1923 1694 1948 san-

225 1966 392 2000 ctorum
430 1965 718 2017 apostolorum
753 1965 795 2006 in
838 1967 1009 2021 genibus
1038 1967 1142 2018 suis,
1187 1973 1229 2008 et
1259 1966 1316 2008 ita
1357 1964 1556 2007 encaenia
1587 1966 1696 2006 cele-

224 2018 378 2061 bravit.

273 2147 281 2154 ι
339 2094 457 2130 Anno
501 2093 664 2147 imperii
695 2095 909 2135 Iustiniani
937 2097 1133 2137 vicesimo
1164 2103 1346 2152 quarto,
1376 2110 1515 2137 mense
1545 2095 1694 2150 Aprili,

226 2161 367 2187 missus
411 2156 472 2189 est
500 2152 644 2190 Narses
675 2153 951 2194 cubicularius
979 2155 1154 2194 Romam
1196 2162 1460 2209 pugnaturus
1500 2153 1697 2193 adversus

227 2203 404 2269 Coti-ios,
435 2206 506 2260 qui
537 2215 735 2262 ceperant
762 2211 960 2261 Romam,
994 2211 1192 2266 quoniam
1233 2218 1458 2266 postquam
1498 2225 1588 2251 eam
1622 2210 1700 2249 Be-

228 2260 388 2302 lisarius
431 2262 564 2317 cepit,
619 2265 771 2305 iterum
812 2267 1128 2309 insurrexerunt
1180 2274 1224 2310 et
1278 2273 1533 2324 receperunt
1587 2265 1699 2307 illam

229 2317 373 2359 Gothi.

53 2400 171 2443 poss
195 2400 218 2435 9
342 2399 461 2438 Anno
495 2398 658 2453 imperii
691 2401 901 2441 Iustiniani
933 2403 1127 2444 vicesimo
1170 2404 1321 2460 quinto
1354 2405 1462 2445 facta
1493 2409 1588 2444 sunt
1620 2414 1698 2442 en-

230 2453 370 2494 caenia
398 2455 442 2494 S.
473 2455 652 2496 Eirenae
683 2463 795 2497 trans
827 2460 1235 2515 Constantinopolim
1264 2462 1305 2502 in
1334 2460 1475 2517 Syci5‚
1512 2466 1555 2500 et
1586 2458 1699 2500 exie-

232 2516 330 2573 runt
359 2519 498 2551 sancta
527 2512 685 2566 lipsana
723 2529 769 2553 ex
798 2530 942 2569 magna
970 2519 1151 2569 ecclesia,
1185 2534 1266 2559 una
1299 2534 1394 2559 cum
1426 2517 1588 2558 duobus
1618 2530 1697 2570 pa.-

231 2567 447 2618 trnarchis,
488 2570 610 2609 Mena
650 2570 806 2611 scilieet
847 2573 1311 2629 Constantinopolitano
1352 2581 1395 2616 et
1433 2572 1696 2628 Apollinario

231 2621 519 2685 Alexandrum,
546 2631 587 2665 et
603 2626 802 2667 sederunt
823 2629 944 2668 ambo
967 2629 1005 2669 in
1027 2627 1302 2686 imperatorio
1331 2647 1476 2683 curm,
1507 2630 1698 2670 retinen-

231 2686 290 2743 tes
334 2695 371 2719 in
406 2683 574 2735 genibus
615 2684 694 2722 suis
739 2691 877 2724 saneta
922 2685 1103 2740 lipsana,
1141 2697 1183 2729 et
1230 2696 1437 2729 venerunt
1478 2702 1608 2742 usque
1642 2685 1695 2725 ad

231 2739 410 2787 iretum,
462 2745 501 2778 et
529 2741 890 2781 transfretantibus
932 2744 1096 2784 obviam
1142 2746 1196 2785 eis
1226 2746 1415 2786 occurrit
1448 2745 1694 2798 imperator,

232 2799 269 2831 nt
314 2803 568 2846 aperuerunt
608 2798 781 2838 eandem
815 2798 1025 2839 ecclesiam
1065 2810 1229 2843 sanctae
1260 2802 1456 2856 martyris
1498 2801 1696 2840 liirenae.

231 2847 378 2890 eodem
415 2866 521 2891 aimo
556 2854 739 2895 moritur
766 2856 905 2896 Menas
939 2857 1154 2913 episcopus
1188 2859 1692 2913 (Lonstan[inopolitanus,
