1728 3184
232 174 329 226 544
729 187 784 228 ιΝ
825 185 1203 229 THEOPHANEM

228 301 393 356 nuptias
422 301 619 353 tolerant,
656 301 803 342 tertias
836 302 952 344 velut
981 302 1313 344 incontinentiae
1341 310 1441 344 nota
1475 305 1704 347 labefacta-

228 364 288 398 tas
315 359 381 398 vix
411 358 639 399 admittunt
679 359 850 399 Graeci·
889 375 969 400 nec
998 359 1070 400 lias
1104 367 1267 411 tamen,
1307 360 1371 401 vel
1413 362 1507 405 istas
1549 363 1705 418 absque

227 415 514 469 poenitentiae
542 415 698 455 mulcta
726 406 966 457 concedunt
1000 417 1110 457 iniri.
1185 417 1338 458 inustas
1371 418 1410 458 in
1442 418 1630 459 secundis
1662 425 1704 459 (t

228 472 359 512 tertiis
388 472 673 526 poenitentiae
719 479 862 520 notas,
896 487 1125 528 precesque
1164 474 1512 529 intempeiantiae
1544 477 1701 516 crimen

226 528 501 595 depulsantes,
530 528 625 569 vide
666 528 709 569 in
741 529 992 585 euchologio
1034 529 1179 570 officiis
1212 530 1263 571 de
1291 545 1542 585 sponsorum
1572 547 1702 572 coro-

225 584 299 626 nis.
375 586 618 651 nuptiarum
666 585 905 626 huiusmodi
950 587 1016 626 ius
1050 601 1174 627 omne
1213 589 1417 639 enucleat,
1449 595 1697 644 quartawum

226 655 326 683 vero
350 643 517 696 penitus
552 642 733 696 ιιΙιιυ3Ὶῐ
767 642 965 683 Aieadius
1008 643 1059 684 de
1107 644 1336 684 concordia
1379 645 1600 701 utriusque
1629 660 1702 685 ec-

223 699 370 739 clesiae
397 699 468 739 lib.
501 698 545 752 7,
578 698 630 740 de
656 699 806 739 harum
837 699 1200 753 prohibendarum
1226 701 1391 742 ratione
1419 701 1589 743 ibidem.

333 781 550 834 686,1Ο.
621 780 851 823 ἷνδικτιωνι
892 777 1084 839 ἕβδόμῃ]
1115 784 1386 839 Nicephorus.
1460 786 1514 841 τῇ
1542 785 1702 842 ἑβδόμῃ

221 838 476 893 ινὸικτιῶνι,
505 835 612 879 κατὰ
660 835 730 878 τὸν
758 838 973 892 Ἀποίλιον
997 841 1124 891 μῆνα,
1153 842 1209 881 τῶ
1233 840 1337 897 ἁγίω
1367 832 1578 899 σαββάτω,
1607 846 1702 883 στέ-

219 909 294 951 φει
327 897 646 943 Κωνσταντῖνος
675 894 751 948 τὴν
780 890 940 935 ἑαυτοῦ
977 900 1157 949 γυναῖκα
1184 882 1401 938 Εύὸόκιαν
1428 883 1701 952 Av'yov'otav.

330 980 436 1021 Ibid.
503 979 582 1019 τοῦ
615 976 885 1032 πατριάρχου
941 976 1195 1032 ποιήσαντος
1238 974 1395 1034 ευχήν]
1438 983 1596 1038 absque
1626 999 1700 1023 ec-

217 1037 361 1079 clesiae
386 1036 682 1077 benedictione
722 1035 901 1091 dignitas
933 1036 1042 1076 null-1
1079 1037 1249 1077 Graecis
1288 1040 1503 1094 auspicato
1546 1055 1699 1081 conce—

219 1095 348 1134 ditur.
382 1092 692 1150 euchologium.

326 1179 436 1222 Ibid.
471 1178 538 1219 15.
611 1174 686 1218 τὸν
718 1177 986 1242 Καισαρίκια
1002 1174 1356 1243 περικεφάλαια]
1386 1178 1519 1233 pileos
1550 1185 1592 1220 et
1620 1195 1696 1220 co-

213 1250 336 1276 ronas
369 1237 594 1276 Caesareae
623 1234 833 1290 dignitatis
865 1233 1063 1289 insignia.
1097 1234 1147 1275 de
1179 1235 1329 1289 quibus
1359 1235 1555 1277 Codinus.
1585 1238 1693 1277 Ana·

210 1293 354 1334 stasius
389 1294 532 1348 galeas
567 1292 752 1347 scripsit·
782 1305 930 1332 verum
945 1268 1054 1332 Dhae
1090 1306 1111 1331 a
1152 1292 1272 1346 pileis
1299 1297 1342 1332 ct
1376 1292 1544 1333 emonis
1573 1293 1696 1349 longe

212 1350 388 1391 dissitae.
460 1351 570 1390 itane
609 1348 915 1399 nobilissimus,
964 1349 1035 1403 qui
1080 1348 1274 1396 inferior,
1305 1363 1490 1415 corona3
1525 1351 1692 1402 Caesar,

212 1408 284 1472 qui
309 1412 503 1462 praeest,
545 1405 630 1446 sola
673 1407 798 1461 galea
843 1404 1150 1445 redimiretur?
1219 1402 1535 1460 περικεφαλαια
1564 1407 1696 1462 igitur

211 1463 286 1503 ista
318 1465 369 1504 ad
403 1463 670 1517 imperatoris
698 1467 916 1503 stemmata
948 1461 1212 1511 accedentia,
1252 1476 1487 1518 eorumque
1513 1464 1694 1504 formam

210 1521 344 1561 vide
333 1536 373 1560 ιιι
405 1520 527 1560 huius
558 1521 710 1560 saeculi
739 1519 985 1574 principum
1029 1518 1278 1573 imaginibus
1309 1521 1421 1574 apud
1452 1521 1698 1574 Baronium,

207 1585 250 1618 et
281 1579 528 1619 Grets'erum
556 1576 766 1632 opusculis
797 1575 848 1616 de
890 1589 1018 1616 cruce
1048 1575 1261 1630 expressis.

321 1668 428 1712 Ibid.
465 1667 529 1709 17.
587 1667 662 1708 καί
705 1660 841 1715 οὕτως
879 1667 1114 1720 προῆλθον]
1155 1667 1371 1707 consulum
1403 1674 1598 1710 recenter
1625 1669 1693 1709 in-

205 1725 451 1766 stitutorum
481 1740 602 1766 more
621 1725 785 1790 populo
815 1724 1062 1779 spectandos
1094 1724 1191 1765 sella
1222 1723 1357 1764 emuli
1398 1731 1554 1776 vectos,
1587 1740 1693 1766 eon..

206 1782 470 1837 gialiumque
499 1781 620 1821 simul
650 1782 693 1821 in
727 1781 894 1847 plebem
914 1781 1148 1821 dedemnt:
1184 1780 1298 1846 quod
1334 1780 1594 1848 Nicephorus
1626 1782 1692 1822 ‹li-

206 1839 276 1879 xit.
334 1838 409 1903 τῆς
438 1837 485 1878 δὲ
513 1837 738 1907 βασιλικῆς
781 1834 969 1889 προόδου
1008 1852 1114 1878 κατα
1146 1833 1193 1876 τὸ
1226 1833 1381 1885 εἰωθὸς
1408 1834 1483 1877 ἐπι
1511 1837 1588 1890 τὴν
1619 1855 1693 1878 κα-

204 1891 381 1946 θολικὴν
427 1891 652 1959 ἐκκλησίαν
697 1894 949 1947 γενομένης,
990 1890 1198 1934 ὑπατείαν
1236 1892 1459 1947 ἐποίησαν,
1503 1908 1574 1936 και
1606 1900 1691 1944 τοῖς

206 1950 474 2005 παρελθοῦσι
500 1947 706 2004 χρήματα
730 1950 960 2001 διένειμαν.

316 2040 422 2081 Ibi.d
459 2039 524 2080 18.
581 2039 793 2093 τριμίσια]
846 2039 1063 2088 tremissis,
1106 2037 1267 2078 denarii
1310 2044 1538 2105 quattuor,
1568 2041 1689 2093 assis,

204 2097 289 2138 sive
317 2096 440 2136 solidi
466 2110 562 2188 poars
581 2096 720 2146 tortia,
752 2096 870 2150 quasi
901 2102 969 2135 ter
998 2095 1154 2145 missus,
1186 2095 1228 2134 id
1259 2102 1319 2135 est
1337 2097 1556 2150 expositus.
1575 2099 1687 2137 Gre-

203 2154 346 2208 gorius
378 2154 450 2194 lib.
481 2152 507 2193 9
553 2153 674 2207 epist.
717 2150 782 2191 29.
851 2153 912 2192 ita
956 2161 998 2192 ut
1042 2153 1215 2207 quidam
1258 2166 1394 2192 eorum
1423 2153 1482 2192 ad
1508 2154 1686 2207 singulos

202 2212 421 2262 tremisses,
451 2209 621 2264 quidam
661 2207 727 2248 ad
754 2208 886 2259 ῠὶηοε,
927 2208 1093 2262 quidam
1121 2209 1185 2249 ad
1206 2209 1380 2262 singulos
1407 2210 1568 2261 solidos,
1599 2211 1684 2262 vel,

202 2269 240 2308 si
266 2268 397 2307 visum
410 2267 571 2318 suerit,
617 2265 793 2319 amplius
834 2265 1106 2304 dimmittantur
1178 2280 1226 2305 ex
1258 2264 1317 2305 his
1348 2267 1494 2319 quanti
1525 2241 1684 2321 pendat,

202 2324 372 2364 semissis
404 2323 547 2377 liquet.
605 2320 785 2361 ieiunius
817 2320 869 2361 de
898 2321 981 2361 istis
1015 2322 1203 2362 Maiiana
1235 2336 1326 2376 cap.
1359 2322 1412 2363 22
1440 2321 1490 2363 de
1522 2322 1686 2377 ponde-

205 2381 319 2422 ribus
351 2385 394 2421 et
419 2377 635 2420 mensuris.

315 2463 411 2516 687,
431 2462 471 2504 3.
533 2458 738 2515 πώγωνας
767 2458 912 2502 αὐτῶν
942 2461 1210 2515 ξυρίζεσθαι]
1243 2461 1401 2502 servilis
1432 2468 1548 2503 nota.

313 2549 423 2590 Ibid.
448 2548 488 2589 5.
547 2545 763 2601 κὰμαχον]
795 2545 908 2586 sedes
924 2543 979 2586 46
1013 2547 1092 2587 CP.
1125 2546 1283 2588 throno
1314 2547 1500 2589 subiecta
1532 2547 1681 2589 notitia

204 2606 504 2661 episcoporum
538 2604 724 2644 Orientis
755 2603 920 2642 Codino
955 2602 1165 2646 adiuncta

315 2691 420 2730 Ibid.
464 2689 503 2729 7.
561 2688 611 2744 τῇ
653 2687 698 2728 δὲ
727 2702 886 2752 πρωτη
930 2687 1006 2727 τοῦ
1049 2665 1367 2742 Σεπτιεμβριόυ]
1406 2688 1679 2754 Nicephorus.
1703 2679 1707 2682 Δ

202 2740 330 2800 ὀγδόῃ
361 2760 407 2785 τε
440 2743 665 2786 ἰνδικτιωνι
717 2737 864 2796 ἄγεται
910 2743 1230 2791 Κωνσταντῖνος
1269 2743 1328 2791 εἰς
1372 2741 1466 2785 υἱὸν
1508 2745 1676 2786 Λέοντα

202 2799 387 2855 γαμετήν
418 2803 464 2843 ἐκ
499 2802 572 2854 τῆς
597 2799 794 2847 Ἑλλάδος
830 2798 1023 2852 Εἰρήνην.
1083 2815 1151 2840 και
1191 2801 1251 2857 τῷ
1288 2801 1536 2858 Λεκεμβρίιυ
1574 2799 1678 2855 μηνὶ
