1728 3184
219 164 316 215 634
724 175 800 217 An
843 176 1217 219 THEOPHANEM

328 286 526 340 599,18.
586 302 626 329 οι
654 288 729 343 τῆς
759 287 957 340 πόλεως
940 289 988 345 ε’)
989 297 1105 341 κυον]
1135 293 1244 331 cives
1271 301 1568 348 praegnantem
1598 306 1687 332 mu-

217 345 384 399 liwtem5
417 347 646 387 necessaria
677 361 754 388 vox
789 348 966 404 intelpr.
1000 349 1164 390 omissa.

328 376 423 468 600,
438 415 479 458 8.
538 416 771 472 ἐρχομένου
802 419 938 461 αὐτοῦ
959 420 1005 462 ἐκ
1022 435 1105 461 των
1117 417 1399 473 Βουλγαρων]
1434 419 1553 476 Regii
1584 419 1688 460 hace

215 473 310 515 cod.
338 488 453 525 vera,
481 487 649 530 unaque
694 478 905 517 Geimana
933 477 1075 518 lectio.
1143 491 1233 517 cum
1262 477 1412 519 rediret
1439 478 1508 518 zlle
1535 492 1555 517 e
1585 477 1690 517 Bul-

212 532 351 583 garis,-
383 537 478 584 post
519 546 668 587 nempe
715 533 873 574 chdem
916 533 968 574 ad
1000 534 1248 574 Anchialum
1288 534 1339 574 ab
1372 534 1418 574 iis
1446 541 1691 588 acceptam;

215 602 264 627 nc
293 602 389 627 cum
418 588 595 642 probro,
625 589 771 630 amisso
802 591 890 631 fere
920 590 1121 638 exercitu,
1155 605 1203 630 ac
1233 590 1539 645 impedimentis
1568 591 1688 645 fuge-

216 649 298 684 ret.
356 649 460 684 tune
488 645 596 685 enim
628 661 712 686 non
736 647 879 701 potuit
909 661 994 687 non
1019 646 1298 702 gxatissimum
1331 661 1413 688 esse
1443 646 1690 702 pecuarium

216 700 318 740 illud
346 715 516 752 munus,
549 716 596 741 ac
639 703 852 742 Iustiniani
899 705 1083 744 animum
1118 703 1252 745 Leoni
1292 702 1521 747 devincire.
1597 709 1693 771 post

213 755 413 810 ’stirpium
447 758 582 812 suppl.
628 774 674 799 ex
704 763 842 799 An1st
882 760 1010 801 Barb.
1044 761 1170 828 Peyr.
1195 775 1279 800 των
1311 758 1572 814 Σαρακηνῶν
1598 762 1690 799 ἑπι-

215 809 483 854 κοατούντων
528 829 603 868 την
630 828 674 854 τε
716 815 968 870 Ἀβασγώιν,
1010 831 1082 857 και
1112 813 1330 869 Λαζικήν,
1373 816 1447 857 καί
1479 815 1688 869 Ἰθηρίανι

213 885 301 910 eum
334 870 544 925 Abasgia,
574 871 745 925 Larice,
771 882 811 913 et
850 873 990 914 Iberia
1017 872 1313 913 Saracenorum
1343 873 1509 913 dationis
1536 881 1689 923 essent;

215 941 324 982 quae
355 934 413 967 est
445 928 554 967 1atio
586 941 663 968 cm
697 904 944 970 ln'stinianus
985 929 1143 984 ubique
1184 930 1297 984 pacis
1328 929 1561 984 impatiens,
1592 929 1693 969 Ala-

216 998 287 1023 nos
319 983 358 1024 in
392 998 460 1024 eos
490 985 638 1024 Leonis
671 997 803 1040 opera
834 986 1128 1026 concitaverit.

322 1054 418 1107 601,
453 1055 492 1096 6.
551 1049 680 1098 αλλον
709 1058 901 1100 τοιοῦτον
931 1054 1132 1112 ψεύστην.

324 1129 436 1171 Ibid.
467 1129 504 1171 9.
564 1130 678 1182 υμᾶς
707 1132 853 1172 καθ’ν
830 1129 952 1185 ἤμων
988 1145 1073 1172 των
1100 1129 1298 1184 γειτόνων
1326 1145 1450 1184 νμων
1477 1126 1692 1183 ἐψεύσατο

210 1183 291 1239 γὰρ
322 1183 454 1238 υμᾶς]
487 1186 544 1227 sic
570 1188 695 1241 plane
728 1203 775 1228 ex
802 1189 902 1244 Reg.
922 1189 1048 1244 Peyr.
1082 1190 1220 1228 Anast.
1281 1194 1341 1227 est
1371 1188 1480 1228 enim
1510 1187 1695 1242 Abasgo-

212 1258 307 1284 rum
339 1242 442 1284 haec
472 1244 642 1298 querela
672 1243 724 1285 de
738 1246 881 1286 Leone
914 1245 966 1285 ad
986 1245 1150 1298 Alanoe,
1181 1243 1250 1299 qui
1272 1243 1357 1285 eius
1389 1243 1552 1298 decepti
1585 1257 1695 1298 pro—

210 1299 351 1352 missis,
379 1315 428 1340 ac
454 1306 673 1370 expectata
703 1301 884 1371 pecunia
927 1302 985 1342 ita
1023 1316 1065 1343 se
1097 1302 1255 1342 vicinos
1285 1301 1456 1356 praedis
1486 1301 1695 1356 fatigave-

213 1364 322 1401 raut.
379 1354 405 1410 ἦ
436 1356 510 1397 a'n’
542 1355 679 1413 ἀρχῆς
706 1353 827 1412 ἡμῶν
855 1354 1011 1413 ἀγάπη.
1052 1359 1154 1414 Reg.
1186 1364 1266 1398 etc.

323 1433 668 1486 602‚16.uat
693 1433 939 1492 συμφώνως
978 1435 1258 1487 εἰσέλθωμεν]
1306 1435 1578 1486 conconlicer,
1612 1451 1693 1476 una

212 1493 558 1558 conspiratione,
596 1499 644 1534 ut
682 1494 790 1534 bene
820 1496 960 1534 Anast.
991 1493 1194 1559 quicquid
1229 1491 1350 1532 codd.
1381 1492 1601 1546 irrepserit
1631 1489 1694 1542 τό,

211 1542 509 1620 ἀσυμφώνως·
566 1546 884 1605 παραλαβόντες
911 1546 992 1603 γὰρ
1025 1547 1065 1590 οἱ
1094 1550 1190 1591 τῶν.
1216 1550 1341 1605 Peyr.
1373 1548 1560 1603 ἐκίνησεν
1586 1563 1692 1589 κατα

211 1604 441 1659 Ἀβασγιάς
468 1608 567 1662 Reg.

325 1678 421 1730 604,
561 1674 816 1734 Ῥωμαίων,
863 1675 939 1720 καί
970 1675 1209 1730 Ἀρμενίων
1237 1672 1355 1729 λαός]
1406 1677 1694 1727 Romanorum,

214 1680 564 1793 Armenes-unique
605 1739 820 1778 exercitus.
879 1732 919 1776 οἱ
945 1735 991 1776 δὲ
1022 1730 1235 1775 διακόσιοι
1266 1732 1581 1784 α’πομείναντες.

327 1821 433 1863 lbid.
468 1819 532 1862 16.
588 1820 724 1862 ἐκεῖσε
761 1815 1058 1873 ἐπιλεγόμενον
1097 1812 1293 1873 σιδηρόν]
1324 1818 1428 1874 Reg.
1460 1818 1584 1874 Peyr.
1616 1823 1694 1859 etc.

216 1877 285 1918 cui
310 1891 527 1931 cognomen
552 1878 730 1919 siderum
749 1908 761 1927 ‚
794 1891 880 1929 seu,
895 1878 1102 1929 fiet-reum.
1346 1893 1357 1899 »

327 1950 438 1991 Iln‘d.
471 1949 534 1991 19.
592 1950 720 2005 δηλοῖ
741 1949 875 2007 αὐτῷ]
904 1948 1029 1989 Barb.
1059 1948 1182 2004 Peyr.

333 2020 430 2074 605,
461 2022 501 2064 8.
560 2016 686 2078 ἄφνω
706 2017 993 2075 ἐπιπεσόντες,
1020 2016 1097 2075 τήν
1126 2034 1171 2061 τε
1200 2017 1377 2073 πόρταν]
1405 2020 1531 2076 Peyr.
1560 2026 1639 2062 etc.

330 2094 425 2147 607,
456 2094 496 2138 9.
552 2095 767 2150 ἐξεδέχετο
796 2091 872 2144 τὰς
901 2094 978 2136 τοῦ
1008 2093 1208 2150 Λέοντος]
1239 2084 1340 2148 Reg.
1373 2101 1453 2137 etc.

331 2176 442 2218 ibid.
477 2174 542 2220 17.
599 2172 904 2229 περιτείχισμα
924 2170 1143 2229 στήθαιον]
1168 2182 1386 2229 parapetco
1417 2177 1585 2213 vocant.

332 2254 496 2309 608,1.
554 2253 844 2307 παμμεγέθεις
871 2266 990 2306 ναυς,
1019 2267 1089 2292 και
1119 2248 1348 2302 πολεμικὰς
1376 2250 1569 2306 ναίνας]
1597 2252 1700 2306 Reg.

220 2318 298 2354 etc.
327 2289 590 2367 post’remutn
619 2311 701 2352 hoc
731 2310 902 2375 exponit
935 2311 1073 2350 Anast.
1104 2310 1280 2363 scaphas
1307 2318 1483 2364 sumptus
1507 2310 1694 2358 fietUentes

223 2369 371 2424 iegerit
406 2369 589 2424 proinde
632 2363 996 2436 δαπανηφόρους,
1041 2366 1114 2405 uhi
1147 2366 1270 2406 etiam
1312 2380 1351 2419 p.
1375 2380 1464 2420 seq.
1498 2365 1699 2404 dicuntm

223 2426 458 2467 huiusmodi
489 2425 656 2467 κατίναι
690 2420 962 2477 οἷρμαμέντον
1003 2437 1072 2463 και
1105 2419 1300 2469 δαπάνας
1332 2422 1458 2462 ferre.
1488 2437 1618 2473 arma,
1650 2436 1698 2461 ac

219 2493 401 2539 sumptus
427 2483 622 2534 reliquos.

334 2556 444 2597 Ibid.
482 2553 545 2596 10.
605 2550 711 2621 πρὸς
747 2548 796 2593 τὸ
837 2548 999 2600 ταύτας
1042 2547 1290 2605 φυλάττειν]
1337 2549 1461 2589 Barb.
1505 2556 1584 2590 etc.
1628 2562 1700 2588 και

222 2610 300 2652 τοῦ
329 2611 474 2652 στενοῦ
499 2608 654 2677 μικρὸν
683 2606 950 2656 πνεύσαντος.
1010 2623 1104 2648 cum
1137 2608 1336 2648 diaconus
1356 2606 1521 2658 habeat,
1549 2614 1705 2655 austro,

223 2668 356 2724 liquet
383 2669 524 2724 legisse
557 2665 710 2719 νότου,
750 2680 826 2707 nec
857 2664 1135 2730 Theophanes
1179 2664 1270 2715 (nisi
1300 2669 1361 2704 est
1390 2664 1552 2713 lacuna,
1582 2662 1700 2717 quod

223 2725 428 2779 suspicor)
458 2725 569 2766 aliud
599 2723 827 2790 εωηίρεθιίῐ,
859 2722 930 2778 qui
954 2721 1101 2775 etipse
1128 2721 1255 2776 paulo
1277 2727 1375 2761 ante
1397 2719 1525 2760 austri
1556 2733 1702 2759 memi-

226 2780 300 2832 nit,
329 2781 403 2822 τοῦ
434 2781 555 2822 νότου
590 2781 875 2835 πνεύσαντος,
920 2792 1016 2820 eum
1051 2794 1096 2819 e1
1131 2778 1264 2821 classis
1295 2776 1393 2818 urbi
1422 2775 1698 2831 adnavigavit
