1728 3184
680 171 885 214 NOTAE.
1402 166 1500 216 539

157 279 255 333 673,
285 281 326 324 9.
363 278 642 332 ,Βοὶὶάδωη
675 281 956 336 Balgarorum
1005 280 1158 335 duces,
1206 288 1249 323 et
1292 282 1510 338 optimates

46 336 266 384 Βοϊλάδες.

156 410 265 451 Ihid.
284 409 348 451 14.
377 408 559 462 Σέβερον
589 402 793 463 ἄρχοντα]
822 410 1066 460 Anastasius,
1092 410 1332 452 Severomm
1350 412 1511 467 pn'nci-

40 481 151 523 pem.
179 482 328 508 vcrum
371 466 593 508 accusandi
644 480 784 507 casum
815 473 858 507 et
903 467 1127 522 proprium
1159 483 1307 508 nomen
1336 469 1513 509 demon..

45 528 181 563 strant
209 539 270 564 ms
299 529 463 565 cuncta.

156 596 270 637 [hid.
292 595 357 640 16.
412 595 582 650 πρῶτος
607 594 692 636 τῶν
703 591 956 650 Σκαμάρων]
983 596 1197 636 Scamares
1218 596 1340 636 etiam
1356 597 1512 636 Latinis

45 653 328 707 Bulgarorum
348 652 582 707 praedones
613 653 752 691 vocari
772 653 895 692 docet
905 653 1135 706 Eugippius
1158 653 1198 691 in
1228 653 1311 691 vita
1327 653 1513 693 Severini

47 725 136 764 cap.
172 709 234 750 10.
291 711 376 765 ipse
398 709 640 764 quantocius
682 709 779 748 Istri
808 709 975 762 fluenta
1006 718 1314 763 praetermeans
1340 710 1513 749 latrones

40 775 319 822 properanter
345 766 583 821 insequitur,
611 780 710 820 quos
737 766 881 818 vulgus
894 765 1109 806 Scamares
1137 765 1389 820 appellabat.
1421 766 1513 805 Me..

47 821 208 863 nander
237 823 290 863 de
319 822 442 876 legat.
497 821 582 861 τῶν
606 817 803 872 Ἀβάρων
839 821 1144 871 σπεισαμένων,
1175 821 1246 860 καί
1275 819 1335 867 εἷς
1363 816 1414 859 τὰ
1444 835 1515 860 σι-

50 882 143 919 κεῖα
171 877 488 931 ἀπερχομένων,
520 874 558 917 οἱ
590 874 833 928 Σκαμάρεις
854 874 1070 928 ἐγχωρίαις
1099 873 1402 927 ὀνομαζόμενοι
1429 875 1514 916 ἑνε-

46 931 302 984 δρεύσαντες
352 932 580 987 ἀφείλοντο
610 932 764 981 ἵππους
783 964 795 984 ,
830 931 903 972 καί
931 927 1129 984 ἄργυρον,
1161 930 1232 972 καί
1264 929 1533 984 ‹innox-surh(

46 992 256 1032 Abaribus
273 989 449 1046 foedere
485 993 584 1031 inito
621 991 783 1030 domum
822 990 1109 1039 remeantibus,
1139 989 1363 1028 Scamares
1397 989 1517 1042 vulgo

46 1049 270 1104 nuncupati
297 1061 417 1103 equos
430 1079 442 1099 ,
462 1049 658 1104 pecunias
675 1076 688 1095 ,
721 1056 761 1086 et
785 1048 977 1087 sarcinas
999 1046 1148 1102 positis
1178 1045 1340 1086 insidiis
1368 1059 1516 1102 rapue-

48 1114 159 1145 runt.
190 1104 410 1145 Meursius.

158 1177 272 1219 Ibid.
331 1175 379 1216 ἐν
404 1175 465 1231 τῷ
504 1170 673 1232 μοὺλῳ]
724 1175 866 1214 molem
910 1179 1003 1214 arte
1042 1173 1107 1214 vel
1142 1179 1292 1214 natura
1334 1174 1387 1215 ad
1424 1190 1517 1215 ma..

50 1233 106 1273 ris
136 1238 310 1285 portum
342 1231 520 1288 aliquem
548 1231 839 1283 claudendum,
866 1236 909 1271 et
936 1231 1006 1271 alti
1038 1231 1165 1271 maris
1191 1230 1340 1270 fluctus
1366 1230 1519 1272 infrin-

48 1289 205 1345 gendos
237 1295 439 1344 paratam,
468 1288 628 1341 μοῦλον
658 1288 830 1329 Graecis
861 1287 1160 1328 recentioribus
1189 1294 1380 1328 vocatam
1413 1288 1518 1329 dixi-

50 1361 140 1387 mus
172 1347 378 1401 superius.

162 1430 274 1472 Ibid.
305 1429 368 1471 18.
442 1427 644 1480 α’νέτεμον
693 1428 843 1479 ζῶντα]
886 1443 936 1468 an
967 1427 1109 1468 vivum
1138 1426 1349 1468 hominem
1377 1441 1517 1472 secare

49 1487 103 1528 sit
134 1487 422 1539 necessarium,
454 1492 496 1526 et
523 1486 663 1526 liceat:
694 1485 872 1541 inquirit
892 1485 1105 1540 regiorum
1122 1485 1404 1539 professorum
1436 1484 1519 1524 do-

49 1544 188 1584 ctrina
218 1543 416 1598 magis·et
447 1544 600 1584 merito
647 1557 770 1598 quam
800 1548 934 1582 aetate
967 1541 1145 1581 decanus
1174 1542 1344 1581 Ioannes
1377 1540 1518 1581 Riola-

50 1615 126 1641 nus
155 1599 583 1655 anthropographiae,
615 1600 700 1639 sive
722 1599 1056 1638 anatomicorum
1078 1597 1151 1638 lib.
1175 1598 1194 1637 1
1229 1612 1320 1651 cap.
1338 1596 1401 1649 10,
1431 1612 1516 1652 quo

49 1657 164 1698 velut
196 1657 488 1712 superioribus
528 1657 734 1710 capitibus
780 1661 988 1696 anatomes
1028 1654 1347 1710 antiquitatem,
1374 1659 1517 1694 ortum

49 1719 92 1756 et
122 1727 390 1770 progressum
419 1713 631 1756 describit.

160 1793 259 1849 674,
294 1797 362 1839 13.
430 1794 512 1838 ἀπὸ
559 1797 636 1838 τοῦ
665 1796 945 1850 πραιτωριόυ]
985 1795 1042 1835 ita
1075 1794 1276 1849 Stephani
1302 1794 1412 1835 vitae
1440 1809 1519 1835 au-

49 1858 147 1894 ctor
187 1855 302 1908 apud
329 1855 499 1896 Surium
534 1854 588 1894 28
627 1855 827 1894 Novemb.
869 1852 1127 1906 Nicephorus
1162 1851 1244 1892 τῶν
1286 1850 1517 1903 βασιλικῶν

48 1909 377 1965 ἀφορμήσαντες
402 1906 652 1966 περιβόλων.
710 1925 732 1950 e
760 1911 877 1964 regia
904 1911 1109 1950 irruentes.

162 1986 270 2029 Ihid.
303 1985 371 2026 14.
441 1985 522 2034 ἕως
566 1985 649 2025 τῶν
683 1980 919 2037 Πελαγίου]
961 1982 1013 2023 ad
1062 1980 1290 2037 cynegium
1335 1993 1516 2034 corpora

49 2043 235 2084 violenta
276 2049 417 2083 morte
460 2042 741 2083 extincturum
767 2040 851 2080 ’τῶν
892 2033 1162 2089 βιοθανάτων
1191 2037 1307 2092 prius
1336 2042 1514 2091 raptata,

49 2099 101 2140 de
131 2100 282 2155 quibus
324 2099 377 2139 ad
423 2113 517 2154 pag.
550 2099 643 2149 253,
686 2098 727 2137 in
758 2096 914 2150 Pelagii
946 2096 1107 2135 foveam
1142 2109 1221 2134 una
1254 2109 1349 2134 curn
1376 2091 1514 2145 genti-

47 2155 152 2198 lium
183 2163 227 2196 et
255 2156 565 2196 Saracenorum
604 2154 872 2195 cadaveribus
917 2151 1186 2207 postmodum
1223 2151 1436 2204 proiecta,
1468 2153 1515 2188 ut

47 2213 239 2268 superius
270 2228 362 2267 pag.
394 2211 477 2252 353
509 2227 556 2252 ex
579 2211 790 2266 praesenti
820 2208 1048 2263 Nicephori
1079 2209 1171 2248 loco
1203 2206 1513 2247 declamvimus.

48 2285 228 2311 concors
261 2269 424 2310 accedit
450 2275 599 2309 auctor
643 2269 750 2307 vitae
787 2266 990 2320 Stephani
1022 2266 1193 2305 iunioris
1223 2267 1515 2317 protomarty-

48 2327 118 2376 ris,
149 2333 192 2367 et
219 2341 433 2366 sacrarum
473 2325 698 2379 imaginum
730 2323 957 2364 defensoris
986 2320 1261 2376 Antesignani,
1290 2317 1511 2373 prophana

45 2382 202 2438 Pelagii
242 2383 462 2437 sepulchra
500 2382 611 2422 unde
649 2381 876 2422 constituta
917 2378 983 2419 vel
1026 2379 1133 2418 dicta
1173 2377 1254 2416 sint
1290 2387 1512 2428 exponens-

49 2441 245 2493 martyris
273 2438 473 2491 cadaver,
506 2438 656 2493 inquit,
688 2439 899 2489 trahentes,
928 2436 972 2475 ἰη
994 2436 1239 2477 ethnicorum
1267 2445 1422 2471 reorum
1431 2430 1512 2480 so-

46 2510 174 2537 veam
197 2496 418 2552 proiiciunt
450 2496 540 2548 (ubi
564 2496 679 2549 prius·
701 2494 863 2548 quidem
895 2493 987 2532 divi
999 2491 1160 2543 Pelagii
1188 2488 1380 2540 martyris
1410 2494 1512 2525 tem-

41 2553 160 2609 plum
186 2560 280 2594 erat
297 2582 309 2603 ,
337 2567 478 2592 verum
502 2560 644 2607 postea
684 2559 878 2590 vetustate
905 2549 1185 2598 labefactatum
1207 2546 1358 2598 impius
1387 2543 1512 2597 impe-

46 2618 167 2650 rator
189 2618 407 2661 everterat,
437 2618 553 2664 acque
582 2609 626 2648 in
662 2607 873 2661 sepulchra
910 2604 1147 2655 redegerat,
1175 2615 1227 2640 ac
1259 2599 1419 2652 Pelagii
1442 2612 1509 2638 se-

40 2666 293 2723 pulchretum
332 2673 619 2721 nuncupat-at,
647 2660 699 2703 τὰ
738 2662 813 2702 τοῦ
842 2661 1060 2712 Πελαγαόυ
1091 2656 1302 2710 μνημεῖα)
1340 2655 1442 2696 adeo
1472 2663 1515 2693 ut

45 2731 139 2764 tunc
156 2737 313 2779 quoque
337 2723 469 2764 locum
512 2721 619 2762 illud
651 2722 836 2763 haberet.-
874 2733 968 2758 cum
1001 2714 1150 2769 iniquis
1180 2713 1247 2753 vir
1277 2713 1405 2754 iustus
1435 2710 1512 2752 de-

48 2786 218 2835 putatus
246 2786 323 2820 est.
