1768 3268
558 237 628 278 Ex
666 236 1013 280 THEOPHANE.
1420 234 1441 276 ἱ
1449 230 1480 278 6
1490 234 1510 276 1

46 367 285 416 pugnasset,
312 361 491 415 septimo
530 375 640 402 anno
670 375 774 416 pace
813 366 1016 416 percepta
1058 377 1153 402 cum
1183 363 1338 418 ingenti
1368 361 1521 418 gaudio

49 418 460 472 Constantinopolim
491 419 707 468 remeavit,
739 420 954 474 mysticam
983 420 1023 458 in
1054 417 1137 458 hoc
1167 419 1373 474 quandam
1403 418 1522 458 theo-

50 475 155 514 riam
182 473 420 528 adimplens,
479 475 520 514 in
546 488 613 514 sex
638 476 798 529 quippe
826 474 970 515 diebus
999 475 1099 515 deus
1128 476 1319 515 universa
1350 474 1520 515 condita

46 536 237 570 creatura
257 531 472 584 septimam
489 529 649 585 requiei
670 530 779 571 diem
796 531 989 572 vocavit:
1019 532 1077 571 ita
1096 536 1139 571 et
1156 532 1243 585 ipse
1270 531 1311 570 in
1343 547 1408 571 sex
1441 545 1521 570 an-

49 587 123 637 nis,
157 587 296 627 multis
318 586 512 641 impensis
541 586 768 637 laboribus,
797 587 975 641 septimo
1006 600 1115 627 anno
1145 601 1335 627 reversus
1363 588 1415 627 ad
1443 602 1520 626 ur-

44 642 141 683 bem
170 657 264 682 cum
290 656 395 697 pace
423 656 472 682 ac
499 641 689 697 tripudio
718 643 938 698 requievit.
995 657 1131 698 porro
1164 644 1342 697 populus
1370 644 1517 683 civita-

44 699 109 748 tis,
138 697 322 739 adventu
366 699 492 753 ipsius
532 698 700 749 audito,
739 699 996 740 intolerabili
1041 700 1182 740 cuncti
1226 699 1432 740 desiderio
1473 699 1514 737 in
1528 698 1648 747 p-504

42 755 230 795 Hieriam
257 755 428 795 obviam
457 755 519 795 illi
548 770 631 795 una
659 769 755 796 cum
788 755 1031 810 patriarcha
1059 762 1101 796 et
1130 756 1404 796 Constantino
1435 756 1517 795 im-

42 817 244 864 peratore
273 811 360 851 filio
389 811 476 852 eius
507 812 658 867 egressi
686 817 802 864 sunt,
826 818 1045 866 portantes
1075 827 1212 852 ramos
1245 813 1450 852 olivarum
1475 819 1518 853 ct

44 867 269 923 lampades,
298 867 511 908 laudantes
541 882 636 908 cum
674 868 954 922 gratulatione
985 883 1033 908 ac
1061 868 1258 909 lacrimis,
1317 869 1517 908 accedens

43 930 184 964 autem
214 923 321 964 filius
349 924 435 964 eius
464 924 616 965 cecidit
664 924 716 964 ad
746 926 870 979 pedes
902 925 1039 979 ipsius,
1066 932 1109 966 et
1138 940 1234 965 cum
1264 924 1517 978 amplexatus

41 986 145 1020 esset
172 994 284 1032 eum,
311 979 557 1020 infuderunt
587 981 710 1021 ambo
742 981 919 1022 lacrimis
954 988 1124 1022 terram.
1152 981 1236 1021 hoc
1265 989 1404 1021 autem
1433 995 1517 1034 po-

42 1037 163 1090 pulus
194 1036 415 1091 inspecto,
462 1037 645 1077 universi
690 1037 769 1078 deo
804 1038 978 1093 hymnos
1019 1038 1230 1092 gratificos
1263 1039 1513 1078 retulerunt.

39 1093 392 1148 sicque.demum
437 1100 630 1148 suscepto
680 1095 938 1148 imperatore
977 1096 1146 1141 urbem,
1171 1093 1398 1135 exultantes
1445 1094 1514 1133 in-

43 1149 169 1203 gressi
197 1155 306 1190 suut.

149 1234 270 1273 Anno
302 1232 468 1287 imperii
495 1231 677 1273 Heraclii
700 1231 748 1273 19
767 1233 901 1274 Persis
929 1247 1002 1274 rex
1031 1233 1177 1274 Adesir
1204 1239 1364 1288 septem
1392 1248 1514 1273 men-

38 1289 149 1328 sibus
177 1290 374 1343 praefuit.
405 1290 638 1344 imperator
670 1296 807 1329 autem
836 1291 1051 1344 profectus
1073 1306 1096 1330 a
1123 1291 1238 1344 regia
1265 1290 1384 1340 urbe,
1414 1304 1511 1330 cum

38 1359 132 1384 mox
164 1359 240 1386 ver
268 1346 528 1396 accessisset,
567 1345 902 1401 Hierosolymam
931 1346 1088 1397 tendit,
1125 1347 1310 1401 pretiosa
1338 1345 1439 1386 illuc
1469 1352 1511 1386 et

38 1401 202 1441 vivifica
231 1401 341 1456 ligna
380 1408 604 1456 reportans
645 1402 696 1442 ad
736 1403 967 1456 gratiarum
1007 1402 1086 1442 deo
1114 1402 1299 1442 actiones
1330 1402 1513 1443 redden-

12 1476 14 1479 ·
40 1457 125 1498 das.
155 1473 335 1514 cumque
362 1458 631 1498 Tiberiadem
660 1457 838 1509 adiisset,
875 1473 1121 1499 accusavere
1150 1458 1375 1498 Christiani
1403 1459 1511 1498 Ben-

39 1514 164 1554 iamin
208 1513 417 1569 quendam
448 1515 617 1555 nomine
647 1515 764 1570 quasi
785 1513 891 1554 mala
909 1515 986 1555 sibi
1007 1515 1248 1556 facientem:
1279 1522 1370 1555 erat
1400 1515 1512 1555 enim

39 1569 263 1611 admodum
291 1572 537 1625 opulentus;
572 1571 644 1626 qui
672 1572 852 1626 suscepit
881 1571 1183 1626 imperatorem
1210 1578 1251 1611 et
1282 1570 1512 1612 exercitum

38 1627 139 1666 eius.
196 1633 256 1667 ast
286 1627 520 1682 imperator
561 1627 773 1668 damnavit
806 1643 929 1678 eum,
961 1628 1290 1683 “quamobrem''
1320 1627 1510 1682 inquiens

37 1682 261 1725 “molestus
288 1698 328 1725 es
360 1683 670 1724 Christianis?''
760 1684 801 1724 ui
833 1685 891 1724 ait
918 1685 993 1724 “ut
1022 1684 1197 1725 inimicis
1228 1684 1326 1724 fidei
1354 1682 1511 1723 meae.”
1522 1700 1560 1734 p.
1579 1688 1649 1723 505

36 1745 137 1779 tunc
167 1740 402 1794 imperator
438 1739 699 1780 admonitum
773 1755 856 1780 unc
885 1747 929 1781 et
973 1739 1025 1780 ad
1063 1739 1320 1781 credendum
1347 1755 1511 1780 suasmn

35 1795 267 1850 baptizavit
315 1797 355 1836 in
388 1796 515 1837 domo
543 1796 757 1837 Eustachii
784 1796 1067 1851 Neapolitani,
1111 1797 1185 1852 qui
1214 1801 1256 1837 et
1286 1797 1385 1851 ipse,
1417 1811 1511 1837 cum

38 1851 296 1894 Christianus
322 1859 439 1903 esset,
469 1854 769 1907 imperatorem
799 1853 972 1908 excepit.
1030 1855 1233 1909 ingressus
1261 1854 1403 1908 itaque
1434 1852 1511 1891 im-

34 1914 211 1962 perator
224 1910 569 1965 Hierosolymam,
600 1910 796 1950 restituto
817 1916 903 1949 tam
916 1910 1141 1950 Zaccharia
1163 1909 1363 1964 pontifice
1385 1924 1511 1964 quam

35 1965 166 2006 almae
208 1967 342 2007 crucis
383 1965 641 2010 honorandis
671 1980 721 2006 ac
758 1966 931 2006 vivificis
958 1967 1078 2022 lignis
1108 1967 1149 2006 in
1183 1966 1410 2020 proprium
1443 1966 1511 2005 lo-

34 2035 144 2072 cum,
169 2022 367 2076 plurimas
394 2023 474 2062 deo
507 2028 642 2078 grates
672 2023 769 2077 egit,
798 2022 1009 2078 pulsisque
1038 2023 1090 2063 ab
1121 2022 1228 2062 urbe
1256 2028 1397 2062 sancta
1425 2022 1512 2061 He-

33 2077 168 2118 braeis
200 2079 315 2119 iussit
334 2093 417 2119 non
441 2078 596 2120 habere
614 2078 705 2120 illos
724 2085 971 2134 potestatem
988 2079 1166 2134 propius
1192 2078 1323 2119 almae
1352 2076 1513 2118 civitati

36 2149 163 2188 quam
191 2135 324 2175 tribus
356 2135 521 2175 milibus
551 2135 935 2190 appropinquandi.
993 2151 1090 2177 cum
1125 2140 1263 2176 autem
1295 2134 1511 2188 pervenis-

34 2197 96 2230 set
125 2189 176 2229 ad
207 2190 448 2242 Hedessam,
489 2192 734 2233 orthodoxis
774 2192 988 2232 ecclesiam
1013 2189 1211 2241 reddidit,
1240 2205 1347 2246 quae
1377 2206 1400 2229 a
1428 2192 1510 2230 Ne-

32 2246 226 2287 storianis
258 2246 491 2287 aChosrois
518 2253 711 2303 tempore
742 2249 976 2289 tenebatur.
1035 2255 1077 2289 et
1107 2248 1273 2288 veniens
1303 2247 1510 2300 Hierapo-

34 2303 105 2342 lim
137 2303 298 2343 audivit
329 2302 443 2359 quod
464 2303 624 2344 Sirohis
653 2319 724 2346 rex
741 2305 965 2346 Persarum
989 2303 1099 2346 diem
1126 2304 1333 2344 clausisset
1366 2310 1509 2343 extre-

30 2373 160 2409 mum,
190 2365 233 2400 et
262 2359 408 2400 Adesir
432 2359 553 2400 huius
585 2361 689 2401 filius
722 2362 761 2402 ei
789 2361 833 2413 in
862 2361 979 2417 regni
1007 2361 1209 2416 regimine
1236 2359 1504 2400 successisset.

32 2417 104 2470 qui
135 2430 230 2456 cum
268 2423 429 2471 septem
465 2416 672 2456 mensibus
714 2418 912 2458 tenuisset
942 2418 1253 2473 principatum,
1284 2415 1508 2455 insurrexit

30 2471 224 2513 adversus
265 2488 360 2513 eum
401 2472 677 2524 Sarbarazas,
706 2473 779 2528 qui
810 2488 859 2514 eo
890 2488 1087 2529 percusso
1118 2472 1340 2527 imperavit
1370 2471 1505 2511 Persis

29 2529 234 2569 mensibus
265 2529 439 2569 duobus.
472 2528 556 2569 hoc
581 2534 719 2571 autem
737 2530 888 2571 Persae
909 2531 1142 2581 interfector
1167 2527 1347 2569 Baranin
1376 2541 1506 2580 prae-

28 2584 220 2625 tulerunt
261 2585 303 2624 in
333 2600 500 2641 regem,
533 2585 664 2626 filium
703 2586 923 2638 Chosrois,
969 2588 1040 2642 qui
1074 2600 1248 2640 regnum
1279 2584 1504 2622 Persarum

27 2646 186 2694 septem
225 2641 361 2682 tenuit
402 2641 622 2682 mensibus.
690 2657 826 2696 porro
875 2643 974 2683 huic
1014 2642 1206 2682 successit
1246 2637 1502 2689 Hormisdas,

29 2710 115 2750 quo
145 2712 168 2736 a
193 2697 407 2738 Saracenis
441 2698 559 2752 pulso
576 2699 731 2738 factum
763 2704 825 2740 est
844 2714 1019 2755 regnum
1047 2700 1267 2739 Persarum
1297 2696 1372 2735 sub
1393 2697 1504 2735 Ara-

26 2752 150 2793 bibus
181 2769 311 2809 usque
341 2755 383 2794 in
412 2754 666 2795 hodiernum
699 2754 820 2795 diem.

101 2823 108 2840 ¹
138 2837 284 2878 Mundi
316 2854 426 2879 anno
445 2838 570 2890 6121,
601 2839 766 2881 divinae
794 2838 1092 2880 incarnationis
1123 2849 1231 2876 anno
1259 2833 1358 2888 621,
1389 2849 1498 2874 anno
1513 2846 1634 2893 p.5c·6

167 2921 404 2969 Theophanes
430 2925 475 2958 ll.
740 2920 743 2923 ¹
1198 2921 1237 2952 ll
