1728 3184
185 174 285 233 442
690 185 747 228 ιΝ
785 184 1158 229 THEOPHANEM

183 310 367 346 mortem
399 304 654 360 oppetiisse:
687 320 735 348 ex
757 320 844 363 quo
875 305 1147 348 additamenti
1177 305 1229 347 ad
1244 305 1533 347 Marcellinum
1552 306 1658 362 Epi-

183 362 327 416 plianii
357 361 568 403 decessum
598 363 641 403 in
672 379 827 404 annum
857 364 1072 404 Iustiniani
1117 363 1145 404 8
1177 364 1415 405 revocantis
1444 377 1571 405 error
1600 364 1664 404 al..

185 425 252 459 ter
281 418 392 458 haud
418 417 543 460 dubie
571 420 771 476 pinguior
799 420 1076 462 convincitur.

296 489 494 541 337,11.
551 491 729 534 σύνοδον
747 489 989 547 ἐκράτησεν]
1020 493 1228 548 synodum
1252 493 1441 549 quintam
1460 493 1535 534 sub
1554 496 1664 549 Aga-

183 553 284 603 peto
314 555 503 589 coactam
547 549 673 604 ipsius
712 551 842 591 verba
886 556 1118 590 testantur:
1158 557 1199 590 et
1243 550 1283 589 in
1317 550 1460 591 eadem
1487 524 1666 605 temp-Qus,

184 604 362 646 indictio
392 605 591 646 nimirum
625 603 690 658 14,
725 622 832 662 quae
852 607 1055 647 Belissaiii
1088 607 1349 646 consulatum
1380 607 1555 662 excepit,
1585 607 1666 647 ob-

183 667 391 703 servatur.
452 662 655 727 quocirca
685 670 732 704 ut
762 678 851 703 eam
886 670 1039 704 auctor
1068 663 1109 702 in
1142 663 1347 704 decimam
1374 665 1565 720 quintam
1597 677 1668 704 re-

185 717 314 771 iiciat,
344 732 430 758 non
461 718 599 760 video.
658 725 751 760 acta
781 719 931 775 synodi
959 720 984 761 5
1016 720 1242 765 lustranda.

298 791 408 833 Ihid.
442 790 506 833 18.
563 788 830 847 Σίλβεστρος]
864 793 936 848 qui
966 793 1192 848 Sylverius.

293 857 391 911 338,
420 857 460 900 3.
517 874 619 913 μηνι
647 859 914 916 Δεκεμβοίῳ]
947 861 987 900 in
1026 876 1179 901 annum
1204 861 1415 902 Iustiniani
1449 860 1499 902 10
1528 867 1570 903 et
1600 861 1667 901 in..

186 914 414 956 dictionem
440 915 489 956 15
520 917 691 969 reponit
721 916 823 956 haec
854 917 1086 958 Marcellini
1114 917 1467 959 additamentum:
1499 924 1542 958 at
1572 933 1668 959 cum

183 979 338 1068 apctor
369 988 392 1012 a
412 973 656 1068 ἓερῑεῐῐὼτί
686 974 940 1028 auspicetur,
970 989 1128 1014 annum
1158 988 1289 1014 unum
1319 982 1363 1016 et
1391 975 1666 1016 indictionem

182 1044 205 1068 a
226 1036 357 1070 teram
386 1044 408 1069 a
441 1029 539 1070 iecit

295 1095 506 1138 Ibid.12.
563 1092 604 1137 οἱ
633 1092 900 1150 Βουλγάρεις
930 1094 1011 1138 δύο
1042 1095 1185 1153 ῥῆγες]
1218 1097 1412 1139 miscella.
1445 1098 1494 1139 V
1489 1098 1608 1153 alget·
1636 1108 1675 1140 et

182 1152 374 1207 Drongo.
404 1153 562 1208 inepte.

292 1219 388 1271 339,
418 1219 458 1262 6.
516 1216 670 1270 σωκόν]
713 1221 979 1275 interpretor
1021 1231 1187 1274 restem,
1219 1229 1292 1263 aut
1320 1223 1548 1275 vinculum,
1581 1237 1668 1278 quo

177 1278 339 1333 fugiens
369 1277 498 1318 hostis
530 1277 882 1333 apprehenditur.
952 1279 1099 1320 σωκέω
1136 1293 1254 1330 vero,
1288 1280 1353 1320 vel
1383 1280 1566 1330 σωκιζω,
1597 1281 1668 1319 lco-

181 1344 279 1375 scem
312 1336 392 1374 reti
421 1335 641 1376 involvere.

293 1413 399 1454 Ibid.
434 1413 502 1454 11.
562 1412 804 1466 παρέλαβεν
845 1409 866 1454 ὅ
909 1410 1111 1467 Χοσρόης
1154 1411 1374 1466 βασιλεύς]
1420 1412 1670 1453 Antiochiae

181 1476 225 1510 et
254 1471 461 1524 Apameae
491 1470 777 1524 direptionem
809 1485 831 1510 a
854 1470 1071 1524 Procopio
1102 1470 1170 1512 lib.
1205 1472 1228 1513 2
1261 1471 1313 1511 de
1359 1470 1469 1511 bello
1498 1468 1670 1523 copiose

182 1526 436 1580 descriptam
477 1526 912 1581 paucisTheopbanes
951 1528 1178 1570 contraxit.
1239 1527 1471 1568 Marcellini
1501 1526 1670 1566 addita-

181 1590 393 1635 mentum,
426 1590 467 1624 et
507 1584 714 1638 Euagrius
755 1589 851 1623 ante
879 1589 1038 1637 pestem
1081 1584 1197 1625 annis
1222 1584 1246 1625 2
1291 1583 1489 1625 accidisse
1523 1587 1672 1623 narrat

182 1638 255 1680 lib.
276 1638 305 1679 4
333 1654 423 1694 cap.
453 1638 533 1691 38,
563 1639 627 1680 de·
647 1655 728 1695 qua
760 1640 945 1680 inferius.

293 1706 415 1748 ΙΙιίᾱ.1
437 1706 501 1748 14.
560 1704 809 1761 προσερρύη
830 1705 1058 1759 Ῥωμαίοις
1089 1704 1310 1756 Μοῦνδος]
1342 1722 1428 1747 non
1456 1707 1539 1748 boc
1572 1707 1671 1761 pri-

181 1777 300 1805 mum
328 1779 439 1804 anno
467 1779 553 1804 sese
571 1764 768 1804 Romanis
800 1763 999 1815 adiunxit,
1031 1778 1155 1818 quem
1173 1765 1418 1818 praeclarae
1448 1779 1511 1804 res
1539 1777 1669 1818 prae-

182 1820 335 1862 teritae
367 1820 450 1861 iam
481 1826 576 1861 ante
609 1820 681 1861 diu
709 1821 785 1861 sub
818 1821 1042 1861 Iustiniano
1077 1821 1273 1861 meruisse
1304 1821 1543 1862 ostendunt.
1584 1820 1673 1860 sola

182 1876 315 1932 igitur
348 1877 400 1918 de
431 1877 650 1932 Bulgaris,
702 1892 830 1932 quam
873 1877 915 1916 in
948 1877 1163 1932 Illyricum
1204 1878 1477 1931 profecturus
1507 1877 1672 1928 retulit,

182 1933 236 1974 ad
267 1949 424 1973 annum
454 1940 719 1988 praesentem
748 1940 931 1988 spectat
940 1933 1131 1974 victoria.
1189 1934 1339 1988 priora
1357 1934 1585 1975 lornandes
1616 1934 1669 1974 de

184 1990 311 2031 rebus
340 1990 494 2030 Geticis
534 1991 590 2030 ita
623 1990 818 2045 exprimit
862 1990 915 2030 ad
946 1990 1043 2029 libri
1071 1991 1209 2033 finem.
1268 1991 1465 2031 “Petzam
1498 2005 1671 2055 quoque

183 2061 306 2088 suum
336 2047 534 2087 comitem
584 2047 696 2087 inter
734 2046 896 2101 primos
925 2045 1103 2086 electum
1133 2046 1184 2086 ad
1216 2047 1488 2088 obtinendam
1519 2046 1671 2088 Sirmi-

186 2118 324 2144 ensem
353 2102 643 2144 Theodoricus
661 2102 805 2156 dirigit
826 2104 1066 2143 civitatem:
1097 2119 1223 2168 quam
1255 2104 1336 2156 ille,
1370 2104 1537 2159 expulso
1571 2118 1671 2158 rege

186 2159 275 2201 eius
305 2160 569 2211 Transarico,
600 2160 686 2199 filio
729 2160 930 2210 Tiastile,
961 2166 1127 2200 retenta
1169 2160 1254 2201 eius
1286 2166 1436 2211 matre,
1468 2160 1671 2202 obtinuit.

183 2216 368 2272 indeque
402 2222 552 2257 contra
588 2216 860 2257 Sabinianum
891 2216 1044 2272 lllyrici
1089 2218 1335 2272 magistrum
1363 2217 1561 2268 militiae,
1596 2217 1670 2271 qui

183 2279 288 2314 tunc
317 2288 413 2314 cum
442 2272 659 2314 Mundone
697 2281 922 2327 paraverat
958 2273 1224 2326 conflictum,
1254 2273 1306 2314 ad
1348 2274 1562 2314 civitatem
1596 2286 1671 2312 co-

183 2330 383 2384 gnomine
411 2331 629 2384 Margum,
663 2345 770 2384 quae
798 2330 910 2369 inter
938 2331 1180 2370 Danubium
1210 2331 1558 2386 Marcianumque
1588 2329 1672 2369 ssu-

182 2387 299 2427 mina
330 2386 571 2437 adiacebat,
617 2364 713 2426 cuin
742 2386 906 2426 duobus
939 2387 1120 2428 millibus
1151 2386 1353 2442 peditum,
1385 2394 1428 2428 et
1457 2387 1668 2442 equitibus

185 2443 442 2498 quingentis,
470 2443 511 2483 in
541 2442 766 2484 Mundonis
796 2443 939 2483 solatia
972 2444 1154 2492 veniens,
1192 2444 1476 2500 Illylicianum
1505 2443 1670 2483 exerci-

183 2505 276 2539 tum
307 2499 539 2540 demolivit.
600 2515 695 2541 nam
733 2499 803 2540 bic
833 2500 991 2541 Mundo
1035 2501 1228 2541 Attilanis
1260 2501 1474 2556 quondam
1505 2500 1670 2554 origine

184 2555 755 2611 descendens,Gepida1-um
796 2564 961 2610 gentem
994 2557 1175 2612 fugiens,
1211 2558 1323 2598 ultra
1354 2557 1596 2597 Danubium
1627 2556 1671 2595 in

185 2612 359 2653 occultis
382 2587 496 2665 locis,
526 2614 614 2654 sine
631 2613 721 2654 ullis
738 2619 879 2654 ternae
910 2614 1143 2654 cultoribus
1167 2613 1477 2655 debacchatur:
1508 2620 1550 2653 et
1575 2612 1670 2667 ple-

184 2668 327 2722 risque
355 2670 651 2722 abactoribus,
682 2671 996 2724 Scamarisque‚
1028 2676 1070 2711 et
1111 2671 1343 2712 latronibus
1375 2669 1672 2724 undecumque

184 2724 382 2777 collectis,
416 2728 588 2778 turrim,
631 2741 738 2782 quae
777 2727 910 2767 Herm
938 2726 1118 2779 dicitur,
1157 2743 1286 2782 supra
1312 2726 1498 2768 Danubii
1532 2727 1671 2781 ripam

185 2795 410 2837 occupans,
443 2784 588 2841 ibique
619 2784 771 2840 agresti
802 2784 887 2825 ritu
907 2784 1112 2839 praedans
1145 2785 1315 2837 vicinos,
1346 2799 1488 2840 regem
1517 2797 1559 2825 se
1587 2782 1669 2823 suis
