1728 3242
542 175 635 222 -ΕΧ-
666 179 1013 226 'satornana
1411 175 1510 222 233

54 293 224 336 Zdetzis
260 294 461 348 apparuit
493 309 591 336 eum
627 293 895 336 multitudine
931 295 1116 349 gentium
1153 296 1334 348 venien&
1360 295 1513 336 ineun-

54 356 200 406 tesque
242 349 399 391 bellum
438 351 668 392 concidunt
708 351 864 392 diutius
903 350 1095 392 invicem.
1160 367 1303 392 verum
1340 351 1514 393 Zeletzis

54 411 177 461 terga
200 411 365 447 vertens
398 407 553 462 effugit.
617 422 752 463 porro
793 422 934 462 pugna
970 407 1106 448 tenuit
1140 408 1192 447 ab
1229 409 1337 448 hora
1365 407 1516 462 quinta

55 477 188 518 usque
212 461 272 505 ad
286 463 566 517 vespertinam
579 493 592 514 ‚
631 471 675 506 et
699 462 984 504 multitudines
1011 463 1243 518 Vulgarum
1271 478 1516 504 numerosae

54 524 299 572 peremptae
325 525 445 560 sunt:
485 520 608 560 multi
635 534 738 561 vero
784 534 832 560 ex
853 520 910 560 eis
940 520 1065 574 capti,
1097 520 1302 574 multique
1334 520 1515 573 impera-

54 575 142 615 tori
186 573 342 615 subditi
385 575 486 616 facti
529 581 636 619 suut.
709 582 771 616 ast
810 576 1046 629 imperator
1074 575 1358 616 huiuscemodi
1385 577 1514 616 elatus

52 631 233 684 victoria
259 631 491 684 publicavit
515 632 624 672 banc
642 646 785 672 eoram
813 634 934 680 urbe,
964 646 1060 672 cum
1078 632 1325 672 exercitibus
1355 632 1513 686 ingres-

50 700 118 728 sus
146 694 329 727 armatus
357 693 401 728 et
426 688 615 728 laudibus
644 688 924 729 celeberrimis
970 688 1214 739 diffamatus,
1241 694 1284 728 et
1309 689 1513 742 xylopan-

55 743 170 784 duris
200 744 447 784 constrictos
463 744 631 785 trahens
649 745 851 800 Vulgares
881 752 1037 799 captos,
1069 758 1173 799 quos
1202 750 1317 784 extra
1344 750 1512 796 portam

58 813 230 840 auream
261 799 463 840 decollari
488 801 746 856 praecepita
777 801 946 841 civibus.
1001 801 1197 841 Zeletzim
1222 815 1325 840 vero
1355 800 1514 839 tumul..

53 860 216 896 tnantes
246 855 447 911 Volgares
476 873 560 898 nna
589 872 686 898 cum
715 857 975 912 principibus
1017 857 1102 898 eius
1130 857 1444 906 interfecerunt,
1474 862 1516 895 et

52 911 362 953 constituerunt
387 913 589 954 Sabinum
629 928 829 968 generum
858 913 1083 964 comersii,
1113 911 1515 968 quondam'domini

52 967 129 1009 sui.
186 967 261 1023 qui
288 968 482 1010 videlicet
506 969 684 1010 Sabinus
721 985 818 1010 cum
845 985 946 1010 mox
973 969 1026 1009 ad
1051 969 1351 1023 imperatorem
1381 968 1515 1008 misis-

50 1029 115 1064 set
140 1029 184 1064 et
211 1038 359 1078 pacem
384 1025 478 1066 fieri
523 1026 787 1080 exquisisset,
823 1031 1034 1066 conventu
1060 1025 1262 1079 Vulgares
1302 1026 1415 1065 facto
1448 1039 1514 1064 re-

54 1079 252 1120 stiterunt
291 1081 463 1122 robuste
490 1081 674 1133 Sabino,
714 1081 897 1123 dicentes
943 1081 981 1121 ei
1019 1081 1246 1136 “vulgaria
1277 1096 1357 1135 per
1383 1087 1439 1132 te,
1468 1086 1561 1126 utp-
1576 1081 1649 1117 669

53 1138 286 1187 cernimus,
320 1136 536 1191 redigetur
576 1138 618 1178 in
661 1138 906 1179 servitutem
931 1138 1167 1181 Romanis.’'
1235 1138 1429 1192 factaque
1455 1137 1517 1176 si-

51 1193 225 1233 multate
252 1194 359 1248 fugit
383 1194 560 1234 Sabinus
590 1195 634 1233 in
664 1199 847 1234 castrum
875 1194 1149 1234 Mesembriae
1176 1199 1219 1234 et
1248 1194 1302 1234 ad
1331 1194 1517 1248 impera-

51 1253 191 1288 torem
220 1262 264 1289 se
303 1250 497 1289 contulit.
570 1256 808 1290 statuerunt
853 1256 995 1291 autem
1029 1250 1231 1305 Vulgares
1269 1250 1395 1290 alium
1436 1249 1516 1290 sibi

53 1304 283 1356 dominum,
310 1305 527 1360 Pagauum
554 1307 737 1350 nomine.

161 1390 283 1428 Anno
312 1388 480 1444 imperii
509 1389 770 1430 Constantini
799 1388 852 1429 23
869 1390 1101 1429 Romanam
1124 1388 1416 1429 Constantinus
1445 1402 1514 1428 re-

50 1443 158 1484 sidet
192 1444 346 1486 sedem.
411 1445 543 1485 Turci
582 1460 685 1486 vero
727 1445 878 1500 egressi
915 1451 1011 1486 sunt
1050 1461 1072 1485 a
1113 1446 1268 1499 Caspiis
1296 1445 1443 1499 portis,
1474 1450 1518 1485 et

50 1499 299 1541 occiderunt
327 1500 371 1540 in
398 1501 592 1542 Armenia
623 1502 790 1552 multos,
819 1508 861 1542 et
891 1501 1047 1556 praeda
1075 1508 1239 1556 sumpta
1265 1515 1350 1540 non
1380 1515 1515 1555 pauca

47 1557 206 1597 reversi
233 1561 343 1597 sunt.
400 1558 567 1597 cosmas
595 1565 734 1598 autern
763 1558 931 1614 quidam
959 1558 1175 1613 episcopus
1206 1564 1298 1598 erat
1326 1557 1516 1611 Epipha-

49 1613 156 1663 niae,
190 1627 299 1668 quae
329 1619 391 1654 est
418 1613 561 1654 civitas
582 1615 776 1668 Apamiae
806 1615 966 1669 Syriae.
1026 1628 1161 1668 porro
1191 1613 1438 1669 quibusdam
1467 1628 1515 1654 ex

51 1669 213 1709 civibus
241 1668 501 1724 Epiphaniae
530 1669 582 1710 ad
601 1671 877 1711 Theodorum
907 1670 1192 1724 patriarcham
1209 1669 1515 1710 Antiochenam

51 1726 361 1767 accusationem
388 1733 537 1767 contra
567 1726 744 1767 eundem
771 1728 962 1767 Cosmam
988 1741 1115 1781 super
1146 1726 1422 1766 diminutione
1447 1739 1515 1766 sa-

49 1795 226 1821 crorum
251 1796 446 1822 vasorum
473 1783 731 1835 facientibus,
763 1799 858 1824 cum
888 1783 956 1823 ille
982 1784 1150 1824 minime
1180 1783 1385 1837 potuisset
1411 1781 1516 1823 baec

49 1838 293 1887 restituere,
325 1838 509 1880 discessit
547 1840 599 1880 ab
628 1840 863 1881 orthodoxa
891 1839 973 1880 fide
1002 1847 1045 1880 et
1075 1844 1370 1880 consentaneus
1398 1840 1514 1879 Con-

48 1894 231 1934 stantino
262 1895 304 1934 in
342 1895 503 1936 haeresi
532 1896 656 1936 sacris
686 1896 946 1937 adversarius
992 1895 1238 1951 imaginihus
1266 1897 1397 1935 factus
1426 1902 1512 1943 est;

50 1964 175 2004 quem
204 1952 416 1991 communi
442 1953 646 1993 sententia
679 1953 930 1995 Theodorus
962 1952 1242 1992 Antiochenus
1271 1950 1514 2005 patriarcha

47 2013 91 2046 et
117 2005 365 2047 Theodorus
405 2008 807 2064 Hierosolymitanns
853 2014 980 2064 atque
1021 2010 1187 2048 Cosmas
1217 2007 1513 2048 Alexandrinus

46 2076 143 2102 cum
171 2063 374 2118 episcopis
401 2064 480 2106 sibi
510 2065 702 2106 subiectis
732 2066 799 2107 die
826 2070 994 2105 sauctae
1019 2070 1292 2120 pentecostes,
1322 2070 1419 2118 post
1450 2064 1511 2104 le-

46 2118 230 2159 ctionem
270 2119 403 2161 sancti
454 2121 685 2176 evangelii,
731 2127 1015 2164 consonanter
1058 2120 1511 2162 anathematizaverunt

44 2175 194 2230 singuli
218 2175 262 2214 in
281 2190 355 2217 sua
381 2177 561 2219 civitate.

155 2259 318 2301 Eodem
345 2275 517 2317 quoque
544 2278 652 2303 anno
674 2278 697 2303 a
717 2261 902 2304 kalendis
916 2262 1113 2303 Octobris
1142 2263 1297 2303 factum
1325 2268 1385 2301 est
1413 2260 1506 2314 gelu

40 2329 237 2370 magnum
261 2323 305 2357 et
334 2319 648 2370 amarissimum,
678 2334 761 2359 non
801 2319 935 2359 solum
964 2319 1006 2358 in
1032 2325 1146 2360 terra
1178 2325 1332 2368 nostra,
1358 2331 1507 2357 verum

41 2373 168 2412 etiam
212 2371 254 2412 in
286 2372 485 2426 Oriente,
523 2377 657 2417 multo
701 2376 827 2430 magis
865 2376 907 2415 iu
935 2375 1253 2429 septentrionali
1280 2378 1417 2427 parte,
1448 2373 1503 2412 ita
1517 2387 1636 2430 μαι)

41 2435 91 2468 ut
117 2427 286 2482 pelagus
313 2429 440 2470 Ponti
471 2446 603 2487 usqne
643 2432 697 2472 ad
730 2439 897 2472 centum
934 2432 1110 2472 miliaria
1140 2446 1240 2485 prae
1269 2429 1414 2484 glaciei
1443 2428 1505 2467 ri-

40 2498 145 2538 gore
169 2484 213 2524 in
242 2484 388 2539 lapidis
418 2487 617 2528 duritiem
647 2489 776 2528 fuerit
803 2503 983 2538 versum,
1014 2489 1166 2528 habens
1184 2487 1349 2527 cubitos
1383 2501 1407 2524 a
1434 2499 1506 2524 su-

37 2540 211 2594 perficie
243 2540 286 2580 in
328 2543 585 2597 profundum
619 2545 814 2598 triginta,
843 2546 1003 2585 cunctis
1042 2544 1238 2583 nimirum
1270 2541 1507 2595 regionibus

39 2596 93 2636 ab
124 2596 211 2650 ipsa
238 2597 366 2652 Lycia
398 2615 529 2655 usque
557 2600 611 2640 ad
637 2601 879 2641 Danubium
921 2607 964 2640 et
994 2601 1163 2654 Cuphae
1192 2597 1384 2648 fluvium,
1414 2599 1506 2637 Da-

39 2653 171 2692 nastri
200 2667 372 2710 quoque
402 2662 528 2711 atque
549 2658 763 2711 Danapri,
796 2664 923 2712 atque
952 2656 1209 2710 Necropyla‚
1240 2668 1316 2694 nec
1347 2669 1431 2694 non
1461 2662 1504 2712 et

39 2708 218 2763 reliquas
269 2711 404 2766 ripas,
451 2722 493 2752 et
521 2728 652 2768 usque
683 2712 735 2752 ad
761 2713 1049 2754 Mesembriam
1080 2717 1122 2751 et
1150 2709 1331 2750 Mediam
1357 2710 1505 2751 similia

37 2764 303 2819 patientibus.
361 2783 540 2824 cumque
579 2769 865 2811 huiuscemodi
910 2770 1004 2825 gelu
1030 2768 1126 2808 nive
1153 2767 1294 2808 fuisset
1319 2780 1506 2821 cooper-
