<?xml version="1.0" encoding="UTF-8"?>
<!DOCTYPE html PUBLIC "-//W3C//DTD XHTML 1.0 Transitional//EN"
    "http://www.w3.org/TR/xhtml1/DTD/xhtml1-transitional.dtd">
<html xmlns="http://www.w3.org/1999/xhtml" xml:lang="en" lang="en">
 <head>
  <title>
</title>
<meta http-equiv="Content-Type" content="text/html;charset=utf-8" />
  <meta name='ocr-system' content='tesseract 3.04.00' />
  <meta name='ocr-capabilities' content='ocr_page ocr_carea ocr_par ocr_line ocrx_word'/>
</head>
<body>
  <div class='ocr_page' id='page_1' title='image "./corpusscriptorum47niebuoft_0743.png"; bbox 0 0 1728 3184; ppageno 0'>
   <div class='ocr_carea' id='block_1_1' title="bbox 643 167 1546 215">
    <p class='ocr_par' dir='ltr' id='par_1_1' title="bbox 643 167 1546 215">
     <span class='ocr_line' id='line_1_1' title="bbox 643 167 1546 215; baseline 0.007 -6"><span class='ocrx_word' id='word_1_1' title='bbox 643 167 984 212; x_wconf 80' lang='lat' dir='ltr'>ms&#39;romcUS.</span> <span class='ocrx_word' id='word_1_2' title='bbox 1450 169 1546 215; x_wconf 83' lang='lat'>733</span> 
     </span>
    </p>
   </div>
   <div class='ocr_carea' id='block_1_2' title="bbox 132 266 788 354">
    <p class='ocr_par' dir='ltr' id='par_1_2' title="bbox 132 266 788 354">
     <span class='ocr_line' id='line_1_2' title="bbox 132 266 786 311; baseline 0.009 -12"><span class='ocrx_word' id='word_1_3' title='bbox 132 270 272 311; x_wconf 82' lang='lat' dir='ltr'>nupta,</span> <span class='ocrx_word' id='word_1_4' title='bbox 308 266 345 301; x_wconf 84' lang='lat' dir='ltr'>in</span> <span class='ocrx_word' id='word_1_5' title='bbox 375 266 531 302; x_wconf 74' lang='lat' dir='ltr'>Africam</span> <span class='ocrx_word' id='word_1_6' title='bbox 568 279 648 304; x_wconf 84' lang='lat' dir='ltr'>cum</span> <span class='ocrx_word' id='word_1_7' title='bbox 674 275 786 305; x_wconf 86' lang='lat' dir='ltr'>matre</span> 
     </span>
     <span class='ocr_line' id='line_1_3' title="bbox 133 313 788 354; baseline 0.011 -8"><span class='ocrx_word' id='word_1_8' title='bbox 133 313 297 348; x_wconf 68' lang='lat' dir='ltr'>Eudoxio</span> <span class='ocrx_word' id='word_1_9' title='bbox 329 325 350 348; x_wconf 86' lang='lat' dir='ltr'>a</span> <span class='ocrx_word' id='word_1_10' title='bbox 374 315 566 350; x_wconf 76' lang='lat' dir='ltr'>Gizericlio</span> <span class='ocrx_word' id='word_1_11' title='bbox 595 317 788 354; x_wconf 87' lang='lat' dir='ltr'>abducitur</span> 
     </span>
    </p>
   </div>
   <div class='ocr_carea' id='block_1_3' title="bbox 132 360 787 452">
    <p class='ocr_par' dir='ltr' id='par_1_3' title="bbox 132 360 787 452">
     <span class='ocr_line' id='line_1_4' title="bbox 135 360 787 402; baseline 0.012 -9"><span class='ocrx_word' id='word_1_12' title='bbox 135 360 214 402; x_wconf 85' lang='grc'><strong>168,</strong></span> <span class='ocrx_word' id='word_1_13' title='bbox 238 362 296 395; x_wconf 83' lang='grc'>21.</span> <span class='ocrx_word' id='word_1_14' title='bbox 347 374 429 398; x_wconf 86' lang='lat' dir='ltr'>cum</span> <span class='ocrx_word' id='word_1_15' title='bbox 467 363 596 399; x_wconf 86' lang='lat' dir='ltr'>eadem</span> <span class='ocrx_word' id='word_1_16' title='bbox 620 365 706 401; x_wconf 85' lang='lat' dir='ltr'>inde</span> <span class='ocrx_word' id='word_1_17' title='bbox 731 378 787 401; x_wconf 90' lang='lat' dir='ltr'>re-</span> 
     </span>
     <span class='ocr_line' id='line_1_5' title="bbox 132 409 416 452; baseline 0.011 -10"><span class='ocrx_word' id='word_1_18' title='bbox 132 415 231 444; x_wconf 82' lang='lat' dir='ltr'>meat</span> <span class='ocrx_word' id='word_1_19' title='bbox 258 409 336 452; x_wconf 87' lang='lat'><strong>170,</strong></span> <span class='ocrx_word' id='word_1_20' title='bbox 361 411 416 445; x_wconf 84' lang='lat'>12.</span> 
     </span>
    </p>
   </div>
   <div class='ocr_carea' id='block_1_4' title="bbox 85 468 786 609">
    <p class='ocr_par' dir='ltr' id='par_1_4' title="bbox 85 468 786 609">
     <span class='ocr_line' id='line_1_6' title="bbox 85 468 786 513; baseline 0.01 -12"><span class='ocrx_word' id='word_1_21' title='bbox 85 468 231 502; x_wconf 82' lang='lat' dir='ltr'>Placilla</span> <span class='ocrx_word' id='word_1_22' title='bbox 259 469 458 504; x_wconf 80' lang='lat' dir='ltr'>Theodosii</span> <span class='ocrx_word' id='word_1_23' title='bbox 495 483 606 513; x_wconf 85' lang='lat' dir='ltr'>uxor,</span> <span class='ocrx_word' id='word_1_24' title='bbox 645 473 786 508; x_wconf 72' lang='lat' dir='ltr'>Arcadii</span> 
     </span>
     <span class='ocr_line' id='line_1_7' title="bbox 129 517 785 560; baseline 0.009 -11"><span class='ocrx_word' id='word_1_25' title='bbox 129 523 255 557; x_wconf 84' lang='lat' dir='ltr'>mater,</span> <span class='ocrx_word' id='word_1_26' title='bbox 281 522 318 550; x_wconf 89' lang='lat' dir='ltr'>et</span> <span class='ocrx_word' id='word_1_27' title='bbox 343 517 491 552; x_wconf 83' lang='lat' dir='ltr'>Honorii</span> <span class='ocrx_word' id='word_1_28' title='bbox 519 519 579 560; x_wconf 87' lang='lat'>88,</span> <span class='ocrx_word' id='word_1_29' title='bbox 607 520 661 554; x_wconf 88' lang='lat'>12.</span> <span class='ocrx_word' id='word_1_30' title='bbox 709 533 785 555; x_wconf 88' lang='lat' dir='ltr'>mo·-</span> 
     </span>
     <span class='ocr_line' id='line_1_8' title="bbox 130 565 785 609; baseline 0.009 -12"><span class='ocrx_word' id='word_1_31' title='bbox 130 565 224 598; x_wconf 86' lang='lat' dir='ltr'>ritur</span> <span class='ocrx_word' id='word_1_32' title='bbox 253 565 445 600; x_wconf 76' lang='lat' dir='ltr'><strong>sanctitate</strong></span> <span class='ocrx_word' id='word_1_33' title='bbox 481 566 576 600; x_wconf 85' lang='lat' dir='ltr'>clara</span> <span class='ocrx_word' id='word_1_34' title='bbox 609 568 689 609; x_wconf 82' lang='lat'><strong>112,</strong></span> <span class='ocrx_word' id='word_1_35' title='bbox 732 569 785 603; x_wconf 80' lang='grc'>18.</span> 
     </span>
    </p>
   </div>
   <div class='ocr_carea' id='block_1_5' title="bbox 129 613 785 696">
    <p class='ocr_par' dir='ltr' id='par_1_5' title="bbox 129 613 785 696">
     <span class='ocr_line' id='line_1_9' title="bbox 129 613 785 659; baseline 0.008 -14"><span class='ocrx_word' id='word_1_36' title='bbox 129 613 208 645; x_wconf 88' lang='lat' dir='ltr'>eius</span> <span class='ocrx_word' id='word_1_37' title='bbox 236 617 356 646; x_wconf 86' lang='lat' dir='ltr'>statua</span> <span class='ocrx_word' id='word_1_38' title='bbox 389 614 634 659; x_wconf 73' lang='lat' dir='ltr'>ignominiose</span> <span class='ocrx_word' id='word_1_39' title='bbox 673 621 785 651; x_wconf 83' lang='lat' dir='ltr'>tracta</span> 
     </span>
     <span class='ocr_line' id='line_1_10' title="bbox 132 660 503 696; baseline 0.008 -3"><span class='ocrx_word' id='word_1_40' title='bbox 132 660 343 695; x_wconf 76' lang='lat' dir='ltr'>Antiochiae</span> <span class='ocrx_word' id='word_1_41' title='bbox 366 661 417 695; x_wconf 84' lang='lat' dir='ltr'>ib.</span> <span class='ocrx_word' id='word_1_42' title='bbox 444 661 503 696; x_wconf 89' lang='grc'>20.</span> 
     </span>
    </p>
   </div>
   <div class='ocr_carea' id='block_1_6' title="bbox 84 718 786 954">
    <p class='ocr_par' dir='ltr' id='par_1_6' title="bbox 84 718 786 954">
     <span class='ocr_line' id='line_1_11' title="bbox 84 718 785 757; baseline 0 -3"><span class='ocrx_word' id='word_1_43' title='bbox 84 718 189 754; x_wconf 81' lang='lat' dir='ltr'>Plato</span> <span class='ocrx_word' id='word_1_44' title='bbox 204 719 401 755; x_wconf 84' lang='lat' dir='ltr'>monachus</span> <span class='ocrx_word' id='word_1_45' title='bbox 431 733 451 755; x_wconf 92' lang='lat' dir='ltr'>a</span> <span class='ocrx_word' id='word_1_46' title='bbox 476 721 616 756; x_wconf 89' lang='lat' dir='ltr'>Tarasii</span> <span class='ocrx_word' id='word_1_47' title='bbox 637 733 674 756; x_wconf 91' lang='lat' dir='ltr'>se</span> <span class='ocrx_word' id='word_1_48' title='bbox 690 735 785 757; x_wconf 86' lang='lat' dir='ltr'>com..</span> 
     </span>
     <span class='ocr_line' id='line_1_12' title="bbox 131 766 786 805; baseline 0.005 -3"><span class='ocrx_word' id='word_1_49' title='bbox 131 767 306 802; x_wconf 78' lang='lat' dir='ltr'>uumione</span> <span class='ocrx_word' id='word_1_50' title='bbox 319 766 535 804; x_wconf 80' lang='lat' dir='ltr'>abscindens</span> <span class='ocrx_word' id='word_1_51' title='bbox 555 771 687 804; x_wconf 87' lang='lat' dir='ltr'>carceri</span> <span class='ocrx_word' id='word_1_52' title='bbox 714 777 786 805; x_wconf 83' lang='lat' dir='ltr'>tra-</span> 
     </span>
     <span class='ocr_line' id='line_1_13' title="bbox 130 814 786 862; baseline 0.005 -13"><span class='ocrx_word' id='word_1_53' title='bbox 130 815 231 850; x_wconf 84' lang='lat' dir='ltr'>ditus</span> <span class='ocrx_word' id='word_1_54' title='bbox 259 814 338 857; x_wconf 87' lang='lat'><strong>729,</strong></span> <span class='ocrx_word' id='word_1_55' title='bbox 353 815 390 850; x_wconf 83' lang='lat'>9.</span> <span class='ocrx_word' id='word_1_56' title='bbox 413 817 610 862; x_wconf 86' lang='lat' dir='ltr'>Nicephori</span> <span class='ocrx_word' id='word_1_57' title='bbox 639 819 786 853; x_wconf 82' lang='lat' dir='ltr'>ordina·</span> 
     </span>
     <span class='ocr_line' id='line_1_14' title="bbox 129 863 784 908; baseline 0.005 -11"><span class='ocrx_word' id='word_1_58' title='bbox 129 863 223 897; x_wconf 85' lang='lat' dir='ltr'>tioni</span> <span class='ocrx_word' id='word_1_59' title='bbox 251 863 398 898; x_wconf 89' lang='lat' dir='ltr'>obsistit</span> <span class='ocrx_word' id='word_1_60' title='bbox 410 863 556 908; x_wconf 57' lang='lat'><strong>74:310.</strong></span> <span class='ocrx_word' id='word_1_61' title='bbox 581 867 617 900; x_wconf 87' lang='lat' dir='ltr'>in</span> <span class='ocrx_word' id='word_1_62' title='bbox 636 867 784 901; x_wconf 85' lang='lat' dir='ltr'>exilium</span> 
     </span>
     <span class='ocr_line' id='line_1_15' title="bbox 129 910 438 954; baseline 0.003 -9"><span class='ocrx_word' id='word_1_63' title='bbox 129 911 274 946; x_wconf 88' lang='lat' dir='ltr'>eiicitur</span> <span class='ocrx_word' id='word_1_64' title='bbox 297 910 379 954; x_wconf 89' lang='grc'><strong>752,</strong></span> <span class='ocrx_word' id='word_1_65' title='bbox 403 912 438 947; x_wconf 89' lang='grc'>6.</span> 
     </span>
    </p>
   </div>
   <div class='ocr_carea' id='block_1_7' title="bbox 84 970 783 1059">
    <p class='ocr_par' dir='ltr' id='par_1_7' title="bbox 84 970 783 1059">
     <span class='ocr_line' id='line_1_16' title="bbox 84 970 783 1018; baseline 0.001 -12"><span class='ocrx_word' id='word_1_66' title='bbox 84 970 279 1018; x_wconf 77' lang='lat' dir='ltr'>Pompeius</span> <span class='ocrx_word' id='word_1_67' title='bbox 318 971 464 1018; x_wconf 77' lang='lat' dir='ltr'>Hypatii</span> <span class='ocrx_word' id='word_1_68' title='bbox 497 972 606 1007; x_wconf 86' lang='lat' dir='ltr'>frater</span> <span class='ocrx_word' id='word_1_69' title='bbox 631 985 710 1007; x_wconf 92' lang='lat' dir='ltr'>cum</span> <span class='ocrx_word' id='word_1_70' title='bbox 740 985 783 1007; x_wconf 90' lang='lat' dir='ltr'>eo</span> 
     </span>
     <span class='ocr_line' id='line_1_17' title="bbox 132 1018 441 1059; baseline 0.013 -7"><span class='ocrx_word' id='word_1_71' title='bbox 132 1019 274 1053; x_wconf 87' lang='lat' dir='ltr'>occisus</span> <span class='ocrx_word' id='word_1_72' title='bbox 297 1018 379 1059; x_wconf 85' lang='lat'><strong>286,</strong></span> <span class='ocrx_word' id='word_1_73' title='bbox 405 1018 441 1056; x_wconf 85' lang='grc'>4.</span> 
     </span>
    </p>
   </div>
   <div class='ocr_carea' id='block_1_8' title="bbox 82 1065 780 1157">
    <p class='ocr_par' dir='ltr' id='par_1_8' title="bbox 82 1065 780 1157">
     <span class='ocr_line' id='line_1_18' title="bbox 82 1065 780 1149; baseline 0.001 -49"><span class='ocrx_word' id='word_1_74' title='bbox 82 1065 219 1149; x_wconf 55' lang='lat' dir='ltr'>Pothgs</span> <span class='ocrx_word' id='word_1_75' title='bbox 238 1067 324 1149; x_wconf 60' lang='lat' dir='ltr'>‹ilim</span> <span class='ocrx_word' id='word_1_76' title='bbox 343 1066 507 1103; x_wconf 86' lang='lat' dir='ltr'>subiecta</span> <span class='ocrx_word' id='word_1_77' title='bbox 531 1067 699 1115; x_wconf 86' lang='lat' dir='ltr'>episcopo</span> <span class='ocrx_word' id='word_1_78' title='bbox 713 1069 780 1104; x_wconf 80' lang='lat' dir='ltr'>CP.</span> 
     </span>
     <span class='ocr_line' id='line_1_19' title="bbox 203 1139 276 1157; baseline 0 -8"><span class='ocrx_word' id='word_1_79' title='bbox 203 1140 213 1157; x_wconf 90' lang='lat'>,</span> <span class='ocrx_word' id='word_1_80' title='bbox 267 1139 276 1149; x_wconf 88' lang='lat'><strong>.</strong></span> 
     </span>
    </p>
   </div>
   <div class='ocr_carea' id='block_1_9' title="bbox 82 1174 788 2860">
    <p class='ocr_par' dir='ltr' id='par_1_9' title="bbox 84 1174 782 1264">
     <span class='ocr_line' id='line_1_20' title="bbox 84 1174 782 1219; baseline -0.001 -9"><span class='ocrx_word' id='word_1_81' title='bbox 84 1174 152 1210; x_wconf 90' lang='lat' dir='ltr'>Por</span> <span class='ocrx_word' id='word_1_82' title='bbox 181 1174 304 1218; x_wconf 84' lang='lat' dir='ltr'>hyrius</span> <span class='ocrx_word' id='word_1_83' title='bbox 341 1175 472 1219; x_wconf 80' lang='lat' dir='ltr'>Tyrius</span> <span class='ocrx_word' id='word_1_84' title='bbox 523 1174 707 1216; x_wconf 76' lang='lat' dir='ltr'>desertor,</span> <span class='ocrx_word' id='word_1_85' title='bbox 745 1177 782 1210; x_wconf 88' lang='lat' dir='ltr'>in</span> 
     </span>
     <span class='ocr_line' id='line_1_21' title="bbox 129 1222 670 1264; baseline 0 -8"><span class='ocrx_word' id='word_1_86' title='bbox 129 1222 156 1256; x_wconf 89' lang='lat' dir='ltr'>C</span> <span class='ocrx_word' id='word_1_87' title='bbox 187 1223 353 1257; x_wconf 81' lang='lat' dir='ltr'>ristianos</span> <span class='ocrx_word' id='word_1_88' title='bbox 377 1223 503 1258; x_wconf 78' lang='lat' dir='ltr'>scribit</span> <span class='ocrx_word' id='word_1_89' title='bbox 525 1222 584 1264; x_wconf 90' lang='grc'>80,</span> <span class='ocrx_word' id='word_1_90' title='bbox 615 1224 670 1257; x_wconf 87' lang='grc'>15.</span> 
     </span>
    </p>

    <p class='ocr_par' dir='ltr' id='par_1_10' title="bbox 82 1269 788 2798">
     <span class='ocr_line' id='line_1_22' title="bbox 82 1269 781 1312; baseline 0 -8"><span class='ocrx_word' id='word_1_91' title='bbox 82 1269 303 1312; x_wconf 74' lang='lat' dir='ltr'>Portentum,</span> <span class='ocrx_word' id='word_1_92' title='bbox 327 1282 347 1305; x_wconf 86' lang='lat' dir='ltr'>a</span> <span class='ocrx_word' id='word_1_93' title='bbox 377 1282 420 1304; x_wconf 83' lang='lat' dir='ltr'>ua</span> <span class='ocrx_word' id='word_1_94' title='bbox 438 1282 538 1305; x_wconf 85' lang='lat' dir='ltr'>versa</span> <span class='ocrx_word' id='word_1_95' title='bbox 562 1271 600 1304; x_wconf 88' lang='lat' dir='ltr'>in</span> <span class='ocrx_word' id='word_1_96' title='bbox 624 1276 781 1305; x_wconf 86' lang='lat' dir='ltr'>mustum</span> 
     </span>
     <span class='ocr_line' id='line_1_23' title="bbox 130 1283 782 1366; baseline -0.002 -13"><span class='ocrx_word' id='word_1_97' title='bbox 130 1317 188 1360; x_wconf 87' lang='grc'>82,</span> <span class='ocrx_word' id='word_1_98' title='bbox 216 1318 270 1353; x_wconf 87' lang='grc'>10.</span> <span class='ocrx_word' id='word_1_99' title='bbox 297 1283 584 1365; x_wconf 66' lang='grc' dir='ltr'>ωυἹὶεΓοειρὶΠίε</span> <span class='ocrx_word' id='word_1_100' title='bbox 609 1331 782 1366; x_wconf 88' lang='lat' dir='ltr'>suspensa</span> 
     </span>
     <span class='ocr_line' id='line_1_24' title="bbox 130 1365 784 1413; baseline 0.003 -13"><span class='ocrx_word' id='word_1_101' title='bbox 130 1367 181 1404; x_wconf 85' lang='lat' dir='ltr'>ib.</span> <span class='ocrx_word' id='word_1_102' title='bbox 200 1366 254 1401; x_wconf 87' lang='grc'>16.</span> <span class='ocrx_word' id='word_1_103' title='bbox 283 1379 376 1413; x_wconf 90' lang='lat' dir='ltr'>puer</span> <span class='ocrx_word' id='word_1_104' title='bbox 394 1366 518 1413; x_wconf 85' lang='lat' dir='ltr'>biceps</span> <span class='ocrx_word' id='word_1_105' title='bbox 542 1365 599 1409; x_wconf 86' lang='grc'>84,</span> <span class='ocrx_word' id='word_1_106' title='bbox 622 1367 659 1402; x_wconf 89' lang='grc'>8.</span> <span class='ocrx_word' id='word_1_107' title='bbox 687 1368 784 1402; x_wconf 78' lang='lat' dir='ltr'>acies</span> 
     </span>
     <span class='ocr_line' id='line_1_25' title="bbox 130 1414 779 1455; baseline -0.002 -7"><span class='ocrx_word' id='word_1_108' title='bbox 130 1420 288 1450; x_wconf 83' lang='lat' dir='ltr'>armatae</span> <span class='ocrx_word' id='word_1_109' title='bbox 315 1415 353 1450; x_wconf 86' lang='lat' dir='ltr'>in</span> <span class='ocrx_word' id='word_1_110' title='bbox 385 1414 484 1450; x_wconf 87' lang='lat' dir='ltr'>caelo</span> <span class='ocrx_word' id='word_1_111' title='bbox 510 1416 609 1449; x_wconf 85' lang='lat' dir='ltr'>visae</span> <span class='ocrx_word' id='word_1_112' title='bbox 642 1415 721 1455; x_wconf 88' lang='lat'>102,</span> <span class='ocrx_word' id='word_1_113' title='bbox 749 1416 779 1448; x_wconf 88' lang='lat'>1.</span> 
     </span>
     <span class='ocr_line' id='line_1_26' title="bbox 129 1464 782 1510; baseline 0 -14"><span class='ocrx_word' id='word_1_114' title='bbox 129 1474 222 1510; x_wconf 87' lang='lat' dir='ltr'>puer</span> <span class='ocrx_word' id='word_1_115' title='bbox 260 1475 332 1497; x_wconf 89' lang='lat' dir='ltr'>uno</span> <span class='ocrx_word' id='word_1_116' title='bbox 356 1464 476 1504; x_wconf 87' lang='lat' dir='ltr'>oculo,</span> <span class='ocrx_word' id='word_1_117' title='bbox 510 1469 684 1510; x_wconf 87' lang='lat' dir='ltr'>quattuor</span> <span class='ocrx_word' id='word_1_118' title='bbox 706 1475 782 1497; x_wconf 76' lang='lat' dir='ltr'>ma-</span> 
     </span>
     <span class='ocr_line' id='line_1_27' title="bbox 129 1510 782 1557; baseline -0.002 -11"><span class='ocrx_word' id='word_1_119' title='bbox 129 1511 236 1546; x_wconf 82' lang='lat' dir='ltr'>nibus</span> <span class='ocrx_word' id='word_1_120' title='bbox 264 1516 302 1546; x_wconf 84' lang='lat' dir='ltr'>et</span> <span class='ocrx_word' id='word_1_121' title='bbox 314 1510 469 1557; x_wconf 86' lang='lat' dir='ltr'>pedibus</span> <span class='ocrx_word' id='word_1_122' title='bbox 490 1523 568 1545; x_wconf 88' lang='lat' dir='ltr'>cum</span> <span class='ocrx_word' id='word_1_123' title='bbox 595 1511 708 1545; x_wconf 83' lang='lat' dir='ltr'>barba</span> <span class='ocrx_word' id='word_1_124' title='bbox 733 1511 782 1545; x_wconf 92' lang='lat' dir='ltr'>ib.</span> 
     </span>
     <span class='ocr_line' id='line_1_28' title="bbox 129 1558 781 1606; baseline 0 -13"><span class='ocrx_word' id='word_1_125' title='bbox 129 1559 164 1593; x_wconf 89' lang='lat'>2.</span> <span class='ocrx_word' id='word_1_126' title='bbox 183 1558 313 1593; x_wconf 90' lang='lat' dir='ltr'>mulier</span> <span class='ocrx_word' id='word_1_127' title='bbox 326 1565 499 1606; x_wconf 88' lang='lat' dir='ltr'>quattuor</span> <span class='ocrx_word' id='word_1_128' title='bbox 514 1559 692 1594; x_wconf 87' lang='lat' dir='ltr'>masculos</span> <span class='ocrx_word' id='word_1_129' title='bbox 709 1572 781 1594; x_wconf 91' lang='lat' dir='ltr'>uno</span> 
     </span>
     <span class='ocr_line' id='line_1_29' title="bbox 128 1607 782 1653; baseline 0.003 -13"><span class='ocrx_word' id='word_1_130' title='bbox 128 1613 235 1653; x_wconf 82' lang='lat' dir='ltr'>partu</span> <span class='ocrx_word' id='word_1_131' title='bbox 265 1607 453 1642; x_wconf 83' lang='lat' dir='ltr'>effundens</span> <span class='ocrx_word' id='word_1_132' title='bbox 485 1607 563 1650; x_wconf 86' lang='lat'><strong>107,</strong></span> <span class='ocrx_word' id='word_1_133' title='bbox 592 1608 623 1642; x_wconf 89' lang='grc'>1.</span> <span class='ocrx_word' id='word_1_134' title='bbox 661 1607 782 1642; x_wconf 82' lang='lat' dir='ltr'>infans</span> 
     </span>
     <span class='ocr_line' id='line_1_30' title="bbox 129 1655 782 1702; baseline 0.002 -14"><span class='ocrx_word' id='word_1_135' title='bbox 129 1655 175 1689; x_wconf 84' lang='lat' dir='ltr'>ab</span> <span class='ocrx_word' id='word_1_136' title='bbox 222 1655 395 1690; x_wconf 87' lang='lat' dir='ltr'>umbilico</span> <span class='ocrx_word' id='word_1_137' title='bbox 437 1655 573 1702; x_wconf 81' lang='lat' dir='ltr'>duplex</span> <span class='ocrx_word' id='word_1_138' title='bbox 618 1655 706 1698; x_wconf 90' lang='grc'><strong>110,</strong></span> <span class='ocrx_word' id='word_1_139' title='bbox 746 1655 782 1689; x_wconf 85' lang='grc'>3.</span> 
     </span>
     <span class='ocr_line' id='line_1_31' title="bbox 128 1702 780 1750; baseline 0 -12"><span class='ocrx_word' id='word_1_140' title='bbox 128 1709 268 1750; x_wconf 85' lang='lat' dir='ltr'>septem</span> <span class='ocrx_word' id='word_1_141' title='bbox 294 1704 398 1749; x_wconf 89' lang='lat' dir='ltr'>pueri</span> <span class='ocrx_word' id='word_1_142' title='bbox 428 1705 532 1738; x_wconf 83' lang='lat' dir='ltr'>annis</span> <span class='ocrx_word' id='word_1_143' title='bbox 561 1702 629 1738; x_wconf 83' lang='lat'><strong>184</strong></span> <span class='ocrx_word' id='word_1_144' title='bbox 653 1714 780 1738; x_wconf 84' lang='lat' dir='ltr'>somno</span> 
     </span>
     <span class='ocr_line' id='line_1_32' title="bbox 126 1751 782 1798; baseline 0 -12"><span class='ocrx_word' id='word_1_145' title='bbox 126 1752 333 1798; x_wconf 77' lang='lat' dir='ltr'>consepulti</span> <span class='ocrx_word' id='word_1_146' title='bbox 356 1751 486 1798; x_wconf 83' lang='lat' dir='ltr'>Ephesi</span> <span class='ocrx_word' id='word_1_147' title='bbox 523 1751 601 1792; x_wconf 87' lang='lat'><strong>136,</strong></span> <span class='ocrx_word' id='word_1_148' title='bbox 629 1751 685 1788; x_wconf 85' lang='lat'>19.</span> <span class='ocrx_word' id='word_1_149' title='bbox 710 1764 782 1786; x_wconf 90' lang='lat' dir='ltr'>nu-</span> 
     </span>
     <span class='ocr_line' id='line_1_33' title="bbox 126 1799 784 1846; baseline -0.002 -12"><span class='ocrx_word' id='word_1_150' title='bbox 126 1799 193 1834; x_wconf 87' lang='lat' dir='ltr'>bes</span> <span class='ocrx_word' id='word_1_151' title='bbox 219 1801 258 1834; x_wconf 89' lang='lat' dir='ltr'>in</span> <span class='ocrx_word' id='word_1_152' title='bbox 293 1799 405 1835; x_wconf 85' lang='lat' dir='ltr'>tubae</span> <span class='ocrx_word' id='word_1_153' title='bbox 441 1801 596 1846; x_wconf 86' lang='lat' dir='ltr'>speciem</span> <span class='ocrx_word' id='word_1_154' title='bbox 624 1800 702 1842; x_wconf 87' lang='lat'><strong>177,</strong></span> <span class='ocrx_word' id='word_1_155' title='bbox 730 1800 784 1834; x_wconf 88' lang='grc'>17.</span> 
     </span>
     <span class='ocr_line' id='line_1_34' title="bbox 127 1847 784 1895; baseline 0.002 -15"><span class='ocrx_word' id='word_1_156' title='bbox 127 1848 248 1894; x_wconf 86' lang='lat' dir='ltr'>pulvis</span> <span class='ocrx_word' id='word_1_157' title='bbox 274 1848 400 1894; x_wconf 84' lang='lat' dir='ltr'>igneus</span> <span class='ocrx_word' id='word_1_158' title='bbox 419 1848 522 1882; x_wconf 85' lang='lat' dir='ltr'>caelo</span> <span class='ocrx_word' id='word_1_159' title='bbox 545 1848 676 1895; x_wconf 85' lang='lat' dir='ltr'>pluens</span> <span class='ocrx_word' id='word_1_160' title='bbox 705 1847 784 1887; x_wconf 87' lang='lat'>185.</span> 
     </span>
     <span class='ocr_line' id='line_1_35' title="bbox 127 1895 786 1937; baseline 0.002 -7"><span class='ocrx_word' id='word_1_161' title='bbox 127 1896 159 1930; x_wconf 84' lang='lat'>5.</span> <span class='ocrx_word' id='word_1_162' title='bbox 188 1896 286 1930; x_wconf 84' lang='lat' dir='ltr'>visae</span> <span class='ocrx_word' id='word_1_163' title='bbox 301 1896 430 1931; x_wconf 84' lang='lat' dir='ltr'>stellae</span> <span class='ocrx_word' id='word_1_164' title='bbox 444 1896 548 1930; x_wconf 84' lang='lat' dir='ltr'>caelo</span> <span class='ocrx_word' id='word_1_165' title='bbox 565 1895 690 1930; x_wconf 85' lang='lat' dir='ltr'>cadere</span> <span class='ocrx_word' id='word_1_166' title='bbox 704 1895 786 1937; x_wconf 84' lang='lat'><strong>286,</strong></span> 
     </span>
     <span class='ocr_line' id='line_1_36' title="bbox 131 1943 788 1990; baseline 0 -12"><span class='ocrx_word' id='word_1_167' title='bbox 131 1944 185 1978; x_wconf 90' lang='grc'>10.</span> <span class='ocrx_word' id='word_1_168' title='bbox 210 1943 293 1985; x_wconf 89' lang='grc'><strong>671,</strong></span> <span class='ocrx_word' id='word_1_169' title='bbox 320 1943 376 1978; x_wconf 89' lang='grc'>11.</span> <span class='ocrx_word' id='word_1_170' title='bbox 418 1945 542 1990; x_wconf 82' lang='lat' dir='ltr'>ignitis</span> <span class='ocrx_word' id='word_1_171' title='bbox 568 1943 677 1978; x_wconf 88' lang='lat' dir='ltr'>radiis</span> <span class='ocrx_word' id='word_1_172' title='bbox 705 1945 788 1978; x_wconf 85' lang='lat' dir='ltr'>elu-</span> 
     </span>
     <span class='ocr_line' id='line_1_37' title="bbox 129 1991 787 2038; baseline 0 -12"><span class='ocrx_word' id='word_1_173' title='bbox 129 1998 254 2027; x_wconf 89' lang='lat' dir='ltr'>centes</span> <span class='ocrx_word' id='word_1_174' title='bbox 286 1991 468 2027; x_wconf 81' lang='lat' dir='ltr'>hastarum</span> <span class='ocrx_word' id='word_1_175' title='bbox 505 1993 674 2038; x_wconf 76' lang='lat' dir='ltr'>cuspides</span> <span class='ocrx_word' id='word_1_176' title='bbox 705 1992 787 2034; x_wconf 79' lang='lat'><strong>303,</strong></span> 
     </span>
     <span class='ocr_line' id='line_1_38' title="bbox 130 2040 785 2081; baseline 0 -7"><span class='ocrx_word' id='word_1_177' title='bbox 130 2041 163 2074; x_wconf 92' lang='lat'>4.</span> <span class='ocrx_word' id='word_1_178' title='bbox 187 2040 243 2075; x_wconf 88' lang='lat' dir='ltr'>sol</span> <span class='ocrx_word' id='word_1_179' title='bbox 269 2040 468 2075; x_wconf 84' lang='lat' dir='ltr'>obscuratis</span> <span class='ocrx_word' id='word_1_180' title='bbox 496 2041 604 2075; x_wconf 79' lang='lat' dir='ltr'>radiis</span> <span class='ocrx_word' id='word_1_181' title='bbox 619 2040 701 2081; x_wconf 88' lang='grc'><strong>313,</strong></span> <span class='ocrx_word' id='word_1_182' title='bbox 731 2040 785 2074; x_wconf 92' lang='grc'>10.</span> 
     </span>
     <span class='ocr_line' id='line_1_39' title="bbox 131 2088 787 2136; baseline -0.003 -13"><span class='ocrx_word' id='word_1_183' title='bbox 131 2088 254 2124; x_wconf 79' lang='lat' dir='ltr'>infans</span> <span class='ocrx_word' id='word_1_184' title='bbox 281 2089 418 2132; x_wconf 90' lang='lat' dir='ltr'>oculis,</span> <span class='ocrx_word' id='word_1_185' title='bbox 439 2088 646 2136; x_wconf 75' lang='lat' dir='ltr'>palpebris,</span> <span class='ocrx_word' id='word_1_186' title='bbox 672 2089 787 2123; x_wconf 85' lang='lat' dir='ltr'>mani-</span> 
     </span>
     <span class='ocr_line' id='line_1_40' title="bbox 129 2135 787 2183; baseline -0.002 -12"><span class='ocrx_word' id='word_1_187' title='bbox 129 2135 211 2178; x_wconf 81' lang='lat' dir='ltr'>bus,</span> <span class='ocrx_word' id='word_1_188' title='bbox 246 2136 402 2183; x_wconf 86' lang='lat' dir='ltr'>pedibus</span> <span class='ocrx_word' id='word_1_189' title='bbox 439 2137 561 2178; x_wconf 86' lang='lat' dir='ltr'>orbus,</span> <span class='ocrx_word' id='word_1_190' title='bbox 586 2136 700 2170; x_wconf 86' lang='lat' dir='ltr'>cauda</span> <span class='ocrx_word' id='word_1_191' title='bbox 726 2136 787 2183; x_wconf 77' lang='lat' dir='ltr'>pi·</span> 
     </span>
     <span class='ocr_line' id='line_1_41' title="bbox 128 2183 786 2232; baseline -0.002 -13"><span class='ocrx_word' id='word_1_192' title='bbox 128 2186 198 2219; x_wconf 84' lang='lat' dir='ltr'>scis</span> <span class='ocrx_word' id='word_1_193' title='bbox 226 2183 308 2227; x_wconf 85' lang='lat'><strong>413,</strong></span> <span class='ocrx_word' id='word_1_194' title='bbox 336 2185 391 2219; x_wconf 82' lang='lat'>17.</span> <span class='ocrx_word' id='word_1_195' title='bbox 444 2186 547 2230; x_wconf 88' lang='lat' dir='ltr'>pueri</span> <span class='ocrx_word' id='word_1_196' title='bbox 572 2185 664 2219; x_wconf 87' lang='lat' dir='ltr'>alius</span> <span class='ocrx_word' id='word_1_197' title='bbox 693 2197 786 2232; x_wconf 87' lang='lat' dir='ltr'>qua-</span> 
     </span>
     <span class='ocr_line' id='line_1_42' title="bbox 131 2231 787 2279; baseline 0 -12"><span class='ocrx_word' id='word_1_198' title='bbox 131 2233 280 2279; x_wconf 88' lang='lat' dir='ltr'>drupes,</span> <span class='ocrx_word' id='word_1_199' title='bbox 319 2234 411 2267; x_wconf 82' lang='lat' dir='ltr'>alius</span> <span class='ocrx_word' id='word_1_200' title='bbox 447 2233 572 2279; x_wconf 84' lang='lat' dir='ltr'>biceps</span> <span class='ocrx_word' id='word_1_201' title='bbox 608 2231 691 2274; x_wconf 88' lang='lat'><strong>420,</strong></span> <span class='ocrx_word' id='word_1_202' title='bbox 732 2232 787 2267; x_wconf 85' lang='lat'>13.</span> 
     </span>
     <span class='ocr_line' id='line_1_43' title="bbox 127 2281 787 2328; baseline -0.002 -12"><span class='ocrx_word' id='word_1_203' title='bbox 127 2282 299 2316; x_wconf 83' lang='lat' dir='ltr'>animalia</span> <span class='ocrx_word' id='word_1_204' title='bbox 323 2282 445 2328; x_wconf 87' lang='lat' dir='ltr'>specie</span> <span class='ocrx_word' id='word_1_205' title='bbox 474 2281 632 2315; x_wconf 85' lang='lat' dir='ltr'>humana</span> <span class='ocrx_word' id='word_1_206' title='bbox 656 2282 694 2315; x_wconf 91' lang='lat' dir='ltr'>in</span> <span class='ocrx_word' id='word_1_207' title='bbox 712 2281 787 2315; x_wconf 85' lang='lat' dir='ltr'>Nili</span> 
     </span>
     <span class='ocr_line' id='line_1_44' title="bbox 130 2328 787 2370; baseline -0.003 -4"><span class='ocrx_word' id='word_1_208' title='bbox 130 2331 243 2366; x_wconf 83' lang='lat' dir='ltr'>fluvio</span> <span class='ocrx_word' id='word_1_209' title='bbox 283 2331 357 2364; x_wconf 84' lang='lat' dir='ltr'>visa</span> <span class='ocrx_word' id='word_1_210' title='bbox 391 2328 480 2370; x_wconf 85' lang='grc'><strong>433,</strong></span> <span class='ocrx_word' id='word_1_211' title='bbox 511 2331 546 2364; x_wconf 86' lang='grc'>3.</span> <span class='ocrx_word' id='word_1_212' title='bbox 595 2329 787 2364; x_wconf 80' lang='lat' dir='ltr'>simulacra</span> 
     </span>
     <span class='ocr_line' id='line_1_45' title="bbox 131 2375 787 2419; baseline 0.002 -8"><span class='ocrx_word' id='word_1_213' title='bbox 131 2378 297 2412; x_wconf 83' lang='lat' dir='ltr'>Mauricii</span> <span class='ocrx_word' id='word_1_214' title='bbox 317 2389 441 2412; x_wconf 83' lang='lat' dir='ltr'>necem</span> <span class='ocrx_word' id='word_1_215' title='bbox 459 2378 690 2412; x_wconf 82' lang='lat' dir='ltr'>enunciantia</span> <span class='ocrx_word' id='word_1_216' title='bbox 702 2375 787 2419; x_wconf 84' lang='lat'><strong>450,</strong></span> 
     </span>
     <span class='ocr_line' id='line_1_46' title="bbox 134 2425 786 2468; baseline -0.002 -8"><span class='ocrx_word' id='word_1_217' title='bbox 134 2428 190 2460; x_wconf 88' lang='lat'>11.</span> <span class='ocrx_word' id='word_1_218' title='bbox 217 2426 310 2468; x_wconf 61' lang='lat' dir='ltr'>ignis</span> <span class='ocrx_word' id='word_1_219' title='bbox 343 2427 379 2460; x_wconf 89' lang='lat' dir='ltr'>in</span> <span class='ocrx_word' id='word_1_220' title='bbox 406 2427 508 2462; x_wconf 90' lang='lat' dir='ltr'>caelo</span> <span class='ocrx_word' id='word_1_221' title='bbox 534 2427 629 2460; x_wconf 81' lang='lat' dir='ltr'>visus</span> <span class='ocrx_word' id='word_1_222' title='bbox 654 2425 739 2467; x_wconf 83' lang='lat'><strong>632,</strong></span> <span class='ocrx_word' id='word_1_223' title='bbox 752 2426 786 2460; x_wconf 92' lang='lat'>7.</span> 
     </span>
     <span class='ocr_line' id='line_1_47' title="bbox 133 2474 788 2521; baseline -0.003 -11"><span class='ocrx_word' id='word_1_224' title='bbox 133 2474 309 2510; x_wconf 78' lang='lat' dir='ltr'>tenebrae</span> <span class='ocrx_word' id='word_1_225' title='bbox 334 2475 380 2508; x_wconf 80' lang='lat' dir='ltr'>ad</span> <span class='ocrx_word' id='word_1_226' title='bbox 405 2475 482 2508; x_wconf 84' lang='lat' dir='ltr'>dies</span> <span class='ocrx_word' id='word_1_227' title='bbox 495 2476 659 2521; x_wconf 83' lang='lat' dir='ltr'>quinque</span> <span class='ocrx_word' id='word_1_228' title='bbox 684 2485 788 2508; x_wconf 84' lang='lat' dir='ltr'>men·</span> 
     </span>
     <span class='ocr_line' id='line_1_48' title="bbox 134 2523 786 2568; baseline -0.003 -11"><span class='ocrx_word' id='word_1_229' title='bbox 134 2535 173 2557; x_wconf 87' lang='lat' dir='ltr'>se</span> <span class='ocrx_word' id='word_1_230' title='bbox 202 2524 362 2568; x_wconf 75' lang='lat' dir='ltr'>Augusto</span> <span class='ocrx_word' id='word_1_231' title='bbox 391 2523 472 2564; x_wconf 85' lang='lat'><strong>651,</strong></span> <span class='ocrx_word' id='word_1_232' title='bbox 499 2523 532 2557; x_wconf 90' lang='lat'>3.</span> <span class='ocrx_word' id='word_1_233' title='bbox 570 2523 705 2556; x_wconf 82' lang='lat' dir='ltr'>animal</span> <span class='ocrx_word' id='word_1_234' title='bbox 730 2523 786 2556; x_wconf 86' lang='lat' dir='ltr'>al-</span> 
     </span>
     <span class='ocr_line' id='line_1_49' title="bbox 130 2570 786 2606; baseline -0.002 -1"><span class='ocrx_word' id='word_1_235' title='bbox 130 2571 218 2606; x_wconf 88' lang='lat' dir='ltr'>bum</span> <span class='ocrx_word' id='word_1_236' title='bbox 250 2572 350 2605; x_wconf 91' lang='lat' dir='ltr'>mulo</span> <span class='ocrx_word' id='word_1_237' title='bbox 374 2572 490 2605; x_wconf 87' lang='lat' dir='ltr'>simile</span> <span class='ocrx_word' id='word_1_238' title='bbox 533 2577 648 2605; x_wconf 85' lang='lat' dir='ltr'>terrae</span> <span class='ocrx_word' id='word_1_239' title='bbox 683 2570 786 2604; x_wconf 82' lang='lat' dir='ltr'>hiatu</span> 
     </span>
     <span class='ocr_line' id='line_1_50' title="bbox 132 2619 787 2664; baseline -0.003 -10"><span class='ocrx_word' id='word_1_240' title='bbox 132 2623 286 2654; x_wconf 81' lang='lat' dir='ltr'>effusum</span> <span class='ocrx_word' id='word_1_241' title='bbox 319 2621 358 2654; x_wconf 89' lang='lat' dir='ltr'>in</span> <span class='ocrx_word' id='word_1_242' title='bbox 401 2619 557 2653; x_wconf 82' lang='lat' dir='ltr'>Arabum</span> <span class='ocrx_word' id='word_1_243' title='bbox 594 2619 787 2664; x_wconf 87' lang='lat' dir='ltr'>imperium</span> 
     </span>
     <span class='ocr_line' id='line_1_51' title="bbox 137 2667 787 2708; baseline -0.003 -6"><span class='ocrx_word' id='word_1_244' title='bbox 137 2669 366 2702; x_wconf 77' lang='lat' dir='ltr'>conclamans</span> <span class='ocrx_word' id='word_1_245' title='bbox 389 2667 471 2708; x_wconf 90' lang='grc'><strong>657,</strong></span> <span class='ocrx_word' id='word_1_246' title='bbox 493 2668 547 2701; x_wconf 88' lang='grc'><strong>17.</strong></span> <span class='ocrx_word' id='word_1_247' title='bbox 574 2668 629 2701; x_wconf 90' lang='lat' dir='ltr'>sol</span> <span class='ocrx_word' id='word_1_248' title='bbox 655 2667 787 2701; x_wconf 87' lang='lat' dir='ltr'>obscu-</span> 
     </span>
     <span class='ocr_line' id='line_1_52' title="bbox 134 2714 786 2765; baseline 0.002 -16"><span class='ocrx_word' id='word_1_249' title='bbox 134 2729 194 2750; x_wconf 87' lang='lat' dir='ltr'>rus</span> <span class='ocrx_word' id='word_1_250' title='bbox 222 2715 300 2750; x_wconf 88' lang='lat' dir='ltr'>dies</span> <span class='ocrx_word' id='word_1_251' title='bbox 326 2715 533 2765; x_wconf 87' lang='lat' dir='ltr'>quindecim</span> <span class='ocrx_word' id='word_1_252' title='bbox 548 2716 674 2758; x_wconf 86' lang='grc'><strong>732,7.</strong></span> <span class='ocrx_word' id='word_1_253' title='bbox 703 2714 786 2750; x_wconf 83' lang='lat' dir='ltr'>vide</span> 
     </span>
     <span class='ocr_line' id='line_1_53' title="bbox 134 2770 285 2798; baseline -0.007 0"><span class='ocrx_word' id='word_1_254' title='bbox 134 2770 285 2798; x_wconf 82' lang='lat' dir='ltr'>cometa.</span> 
     </span>
    </p>

    <p class='ocr_par' dir='ltr' id='par_1_11' title="bbox 90 2811 785 2860">
     <span class='ocr_line' id='line_1_54' title="bbox 90 2811 785 2860; baseline -0.001 -13"><span class='ocrx_word' id='word_1_255' title='bbox 90 2812 297 2848; x_wconf 82' lang='lat' dir='ltr'>Praefectus</span> <span class='ocrx_word' id='word_1_256' title='bbox 325 2813 574 2860; x_wconf 82' lang='lat' dir='ltr'>imperatorem</span> <span class='ocrx_word' id='word_1_257' title='bbox 585 2811 688 2859; x_wconf 88' lang='lat' dir='ltr'>sequi</span> <span class='ocrx_word' id='word_1_258' title='bbox 711 2811 785 2846; x_wconf 87' lang='lat' dir='ltr'>ius-</span> 
     </span>
    </p>
   </div>
   <div class='ocr_carea' id='block_1_10' title="bbox 901 274 1548 361">
    <p class='ocr_par' dir='ltr' id='par_1_12' title="bbox 901 274 1548 361">
     <span class='ocr_line' id='line_1_55' title="bbox 901 274 1548 356; baseline 0.011 -50"><span class='ocrx_word' id='word_1_259' title='bbox 901 283 971 355; x_wconf 42' lang='grc' dir='ltr'>ξιξ)</span> <span class='ocrx_word' id='word_1_260' title='bbox 987 274 1023 355; x_wconf 67' lang='lat' dir='ltr'>iili</span> <span class='ocrx_word' id='word_1_261' title='bbox 1034 274 1288 356; x_wconf 70' lang='lat' dir='ltr'>Jecclesiasticis</span> <span class='ocrx_word' id='word_1_262' title='bbox 1311 277 1548 313; x_wconf 79' lang='lat' dir='ltr'>conventibus</span> 
     </span>
     <span class='ocr_line' id='line_1_56' title="bbox 902 326 1058 361; baseline 0.019 -8"><span class='ocrx_word' id='word_1_263' title='bbox 902 341 934 353; x_wconf 76' lang='grc'>...</span> <span class='ocrx_word' id='word_1_264' title='bbox 973 345 983 361; x_wconf 87' lang='grc'>,</span> <span class='ocrx_word' id='word_1_265' title='bbox 1026 326 1058 356; x_wconf 73' lang='lat'>⁴.</span> 
     </span>
    </p>
   </div>
   <div class='ocr_carea' id='block_1_11' title="bbox 854 367 1548 408">
    <p class='ocr_par' dir='ltr' id='par_1_13' title="bbox 854 367 1548 408">
     <span class='ocr_line' id='line_1_57' title="bbox 854 367 1548 408; baseline 0.009 -6"><span class='ocrx_word' id='word_1_266' title='bbox 854 367 1076 404; x_wconf 73' lang='lat' dir='ltr'>prasinorum</span> <span class='ocrx_word' id='word_1_267' title='bbox 1103 371 1347 406; x_wconf 82' lang='lat' dir='ltr'>etVentorum</span> <span class='ocrx_word' id='word_1_268' title='bbox 1374 372 1548 408; x_wconf 81' lang='lat' dir='ltr'>factiones</span> 
     </span>
    </p>
   </div>
   <div class='ocr_carea' id='block_1_12' title="bbox 902 416 1548 477">
    <p class='ocr_par' dir='ltr' id='par_1_14' title="bbox 902 416 1548 477">
     <span class='ocr_line' id='line_1_58' title="bbox 902 416 1548 477; baseline 0.009 -29"><span class='ocrx_word' id='word_1_269' title='bbox 902 416 1063 451; x_wconf 81' lang='lat' dir='ltr'>infensae</span> <span class='ocrx_word' id='word_1_270' title='bbox 1091 418 1172 460; x_wconf 85' lang='lat'><strong>257,</strong></span> <span class='ocrx_word' id='word_1_271' title='bbox 1189 418 1223 451; x_wconf 81' lang='lat'>3.</span> <span class='ocrx_word' id='word_1_272' title='bbox 1251 419 1420 461; x_wconf 80' lang='lat' dir='ltr'>279,5et</span> <span class='ocrx_word' id='word_1_273' title='bbox 1447 432 1548 477; x_wconf 67' lang='lat' dir='ltr'>seqq.</span> 
     </span>
    </p>
   </div>
   <div class='ocr_carea' id='block_1_13' title="bbox 854 463 1549 514">
    <p class='ocr_par' dir='ltr' id='par_1_15' title="bbox 854 463 1549 514">
     <span class='ocr_line' id='line_1_59' title="bbox 854 463 1549 514; baseline 0.01 -19"><span class='ocrx_word' id='word_1_274' title='bbox 854 463 1014 497; x_wconf 84' lang='lat' dir='ltr'>Praulius</span> <span class='ocrx_word' id='word_1_275' title='bbox 1051 465 1380 509; x_wconf 74' lang='lat' dir='ltr'>Hierosolymorum</span> <span class='ocrx_word' id='word_1_276' title='bbox 1406 479 1549 514; x_wconf 76' lang='lat' dir='ltr'>episco-</span> 
     </span>
    </p>
   </div>
   <div class='ocr_carea' id='block_1_14' title="bbox 900 511 1549 654">
    <p class='ocr_par' dir='ltr' id='par_1_16' title="bbox 900 511 1549 654">
     <span class='ocr_line' id='line_1_60' title="bbox 902 511 1549 557; baseline 0.009 -14"><span class='ocrx_word' id='word_1_277' title='bbox 902 522 968 557; x_wconf 86' lang='lat' dir='ltr'>pus</span> <span class='ocrx_word' id='word_1_278' title='bbox 997 511 1074 551; x_wconf 87' lang='grc'><strong>129,</strong></span> <span class='ocrx_word' id='word_1_279' title='bbox 1103 512 1157 547; x_wconf 89' lang='grc'>18.</span> <span class='ocrx_word' id='word_1_280' title='bbox 1210 515 1363 549; x_wconf 78' lang='lat' dir='ltr'>refertur</span> <span class='ocrx_word' id='word_1_281' title='bbox 1396 515 1442 548; x_wconf 90' lang='lat' dir='ltr'>ad</span> <span class='ocrx_word' id='word_1_282' title='bbox 1467 527 1549 550; x_wconf 89' lang='lat' dir='ltr'>eum</span> 
     </span>
     <span class='ocr_line' id='line_1_61' title="bbox 900 558 1547 608; baseline 0.009 -16"><span class='ocrx_word' id='word_1_283' title='bbox 900 558 945 592; x_wconf 85' lang='lat' dir='ltr'>‹le</span> <span class='ocrx_word' id='word_1_284' title='bbox 981 559 1168 602; x_wconf 84' lang='lat' dir='ltr'>Nestorio,</span> <span class='ocrx_word' id='word_1_285' title='bbox 1206 561 1380 608; x_wconf 84' lang='lat' dir='ltr'>sedetque</span> <span class='ocrx_word' id='word_1_286' title='bbox 1419 563 1547 608; x_wconf 82' lang='lat' dir='ltr'>Ephesi</span> 
     </span>
     <span class='ocr_line' id='line_1_62' title="bbox 900 608 1524 654; baseline 0.008 -15"><span class='ocrx_word' id='word_1_287' title='bbox 900 618 980 639; x_wconf 91' lang='lat' dir='ltr'>cum</span> <span class='ocrx_word' id='word_1_288' title='bbox 1006 608 1167 654; x_wconf 86' lang='lat' dir='ltr'>patribus</span> <span class='ocrx_word' id='word_1_289' title='bbox 1195 609 1274 651; x_wconf 82' lang='lat'><strong>137,</strong></span> <span class='ocrx_word' id='word_1_290' title='bbox 1304 610 1358 650; x_wconf 87' lang='grc'>12,</span> <span class='ocrx_word' id='word_1_291' title='bbox 1385 610 1463 652; x_wconf 78' lang='grc'><strong>139,</strong></span> <span class='ocrx_word' id='word_1_292' title='bbox 1490 612 1524 644; x_wconf 89' lang='grc'>2.</span> 
     </span>
    </p>
   </div>
   <div class='ocr_carea' id='block_1_15' title="bbox 854 654 1547 692">
    <p class='ocr_par' dir='ltr' id='par_1_17' title="bbox 854 654 1547 692">
     <span class='ocr_line' id='line_1_63' title="bbox 854 654 1547 692; baseline 0.006 -4"><span class='ocrx_word' id='word_1_293' title='bbox 854 654 990 688; x_wconf 79' lang='lat' dir='ltr'>Priscus</span> <span class='ocrx_word' id='word_1_294' title='bbox 1023 656 1178 689; x_wconf 79' lang='lat' dir='ltr'>Orientis</span> <span class='ocrx_word' id='word_1_295' title='bbox 1196 656 1269 690; x_wconf 88' lang='lat' dir='ltr'>dux</span> <span class='ocrx_word' id='word_1_296' title='bbox 1293 658 1460 692; x_wconf 86' lang='lat' dir='ltr'>militaris</span> <span class='ocrx_word' id='word_1_297' title='bbox 1488 670 1547 692; x_wconf 83' lang='lat' dir='ltr'>se·</span> 
     </span>
    </p>
   </div>
   <div class='ocr_carea' id='block_1_16' title="bbox 896 701 1550 1794">
    <p class='ocr_par' dir='ltr' id='par_1_18' title="bbox 896 701 1550 1794">
     <span class='ocr_line' id='line_1_64' title="bbox 900 701 1548 747; baseline 0.008 -12"><span class='ocrx_word' id='word_1_298' title='bbox 900 701 1049 736; x_wconf 81' lang='lat' dir='ltr'>ditionis</span> <span class='ocrx_word' id='word_1_299' title='bbox 1075 715 1178 736; x_wconf 82' lang='lat' dir='ltr'>causa</span> <span class='ocrx_word' id='word_1_300' title='bbox 1193 705 1313 739; x_wconf 79' lang='lat' dir='ltr'>existit</span> <span class='ocrx_word' id='word_1_301' title='bbox 1331 703 1412 747; x_wconf 85' lang='grc'><strong>400,</strong></span> <span class='ocrx_word' id='word_1_302' title='bbox 1424 706 1458 740; x_wconf 86' lang='grc'>5.</span> <span class='ocrx_word' id='word_1_303' title='bbox 1489 716 1548 739; x_wconf 72' lang='lat' dir='ltr'>re-</span> 
     </span>
     <span class='ocr_line' id='line_1_65' title="bbox 901 752 1548 793; baseline 0.006 -10"><span class='ocrx_word' id='word_1_304' title='bbox 901 756 1051 783; x_wconf 85' lang='lat' dir='ltr'>vocatur</span> <span class='ocrx_word' id='word_1_305' title='bbox 1073 761 1094 783; x_wconf 84' lang='lat' dir='ltr'>a</span> <span class='ocrx_word' id='word_1_306' title='bbox 1122 752 1293 786; x_wconf 81' lang='lat' dir='ltr'>Mauricio</span> <span class='ocrx_word' id='word_1_307' title='bbox 1308 752 1390 793; x_wconf 89' lang='grc'><strong>402,</strong></span> <span class='ocrx_word' id='word_1_308' title='bbox 1422 755 1451 786; x_wconf 92' lang='grc'>1.</span> <span class='ocrx_word' id='word_1_309' title='bbox 1479 754 1548 787; x_wconf 84' lang='lat' dir='ltr'>Eu-</span> 
     </span>
     <span class='ocr_line' id='line_1_66' title="bbox 902 797 1544 843; baseline 0.005 -13"><span class='ocrx_word' id='word_1_310' title='bbox 902 809 1013 843; x_wconf 83' lang='lat' dir='ltr'>ropae</span> <span class='ocrx_word' id='word_1_311' title='bbox 1036 797 1110 831; x_wconf 83' lang='lat' dir='ltr'>dux</span> <span class='ocrx_word' id='word_1_312' title='bbox 1149 801 1380 834; x_wconf 76' lang='lat' dir='ltr'>constituitur</span> <span class='ocrx_word' id='word_1_313' title='bbox 1402 801 1484 841; x_wconf 75' lang='lat'><strong>415,</strong></span> <span class='ocrx_word' id='word_1_314' title='bbox 1511 801 1544 835; x_wconf 93' lang='lat'>6.</span> 
     </span>
     <span class='ocr_line' id='line_1_67' title="bbox 900 846 1548 893; baseline 0.006 -15"><span class='ocrx_word' id='word_1_315' title='bbox 900 856 920 878; x_wconf 80' lang='lat' dir='ltr'>a</span> <span class='ocrx_word' id='word_1_316' title='bbox 946 846 1115 890; x_wconf 77' lang='lat' dir='ltr'>Cliagano</span> <span class='ocrx_word' id='word_1_317' title='bbox 1145 847 1183 880; x_wconf 90' lang='lat' dir='ltr'>in</span> <span class='ocrx_word' id='word_1_318' title='bbox 1209 848 1405 893; x_wconf 84' lang='lat' dir='ltr'>periculum</span> <span class='ocrx_word' id='word_1_319' title='bbox 1433 848 1548 882; x_wconf 82' lang='lat' dir='ltr'>addu-</span> 
     </span>
     <span class='ocr_line' id='line_1_68' title="bbox 899 894 1547 936; baseline 0.005 -10"><span class='ocrx_word' id='word_1_320' title='bbox 899 899 978 927; x_wconf 91' lang='lat' dir='ltr'>ctus</span> <span class='ocrx_word' id='word_1_321' title='bbox 1012 906 1031 926; x_wconf 88' lang='lat' dir='ltr'>a</span> <span class='ocrx_word' id='word_1_322' title='bbox 1060 894 1233 928; x_wconf 83' lang='lat' dir='ltr'>Mauricio</span> <span class='ocrx_word' id='word_1_323' title='bbox 1269 895 1442 929; x_wconf 87' lang='lat' dir='ltr'>liberatur</span> <span class='ocrx_word' id='word_1_324' title='bbox 1466 895 1547 936; x_wconf 80' lang='lat'><strong>416,</strong></span> 
     </span>
     <span class='ocr_line' id='line_1_69' title="bbox 897 941 1545 988; baseline 0.005 -14"><span class='ocrx_word' id='word_1_325' title='bbox 897 941 933 976; x_wconf 83' lang='lat'>3.</span> <span class='ocrx_word' id='word_1_326' title='bbox 985 941 1135 975; x_wconf 85' lang='lat' dir='ltr'>traiecto</span> <span class='ocrx_word' id='word_1_327' title='bbox 1187 943 1277 976; x_wconf 83' lang='lat' dir='ltr'>istro</span> <span class='ocrx_word' id='word_1_328' title='bbox 1314 942 1545 988; x_wconf 80' lang='lat' dir='ltr'>Ardagasturn</span> 
     </span>
     <span class='ocr_line' id='line_1_70' title="bbox 898 988 1546 1034; baseline 0.003 -13"><span class='ocrx_word' id='word_1_329' title='bbox 898 988 1066 1034; x_wconf 85' lang='lat' dir='ltr'>profligat</span> <span class='ocrx_word' id='word_1_330' title='bbox 1091 988 1174 1029; x_wconf 86' lang='grc'><strong>417,</strong></span> <span class='ocrx_word' id='word_1_331' title='bbox 1201 989 1255 1024; x_wconf 84' lang='grc'>13.</span> <span class='ocrx_word' id='word_1_332' title='bbox 1301 991 1546 1025; x_wconf 79' lang='lat' dir='ltr'>Sclavinorum</span> 
     </span>
     <span class='ocr_line' id='line_1_71' title="bbox 897 1037 1548 1083; baseline 0.002 -14"><span class='ocrx_word' id='word_1_333' title='bbox 897 1037 1086 1071; x_wconf 85' lang='lat' dir='ltr'>interiores</span> <span class='ocrx_word' id='word_1_334' title='bbox 1121 1043 1241 1083; x_wconf 82' lang='lat' dir='ltr'>partes</span> <span class='ocrx_word' id='word_1_335' title='bbox 1277 1039 1400 1082; x_wconf 83' lang='lat' dir='ltr'>grandi</span> <span class='ocrx_word' id='word_1_336' title='bbox 1426 1050 1548 1072; x_wconf 87' lang='lat' dir='ltr'>eorum</span> 
     </span>
     <span class='ocr_line' id='line_1_72' title="bbox 899 1083 1548 1130; baseline 0.002 -12"><span class='ocrx_word' id='word_1_337' title='bbox 899 1090 1016 1129; x_wconf 77' lang='lat' dir='ltr'>strage</span> <span class='ocrx_word' id='word_1_338' title='bbox 1044 1091 1209 1130; x_wconf 87' lang='lat' dir='ltr'>penetrat</span> <span class='ocrx_word' id='word_1_339' title='bbox 1227 1083 1309 1126; x_wconf 86' lang='lat'><strong>418,</strong></span> <span class='ocrx_word' id='word_1_340' title='bbox 1327 1085 1371 1120; x_wconf 72' lang='grc'>8.,</span> <span class='ocrx_word' id='word_1_341' title='bbox 1386 1085 1548 1130; x_wconf 85' lang='lat' dir='ltr'>hyberna</span> 
     </span>
     <span class='ocr_line' id='line_1_73' title="bbox 897 1132 1548 1178; baseline 0.005 -13"><span class='ocrx_word' id='word_1_342' title='bbox 897 1143 1002 1176; x_wconf 82' lang='lat' dir='ltr'>agere</span> <span class='ocrx_word' id='word_1_343' title='bbox 1028 1132 1127 1178; x_wconf 83' lang='lat' dir='ltr'>apud</span> <span class='ocrx_word' id='word_1_344' title='bbox 1151 1134 1333 1167; x_wconf 84' lang='lat' dir='ltr'>Sclavinos</span> <span class='ocrx_word' id='word_1_345' title='bbox 1371 1133 1548 1169; x_wconf 81' lang='lat' dir='ltr'>militibus</span> 
     </span>
     <span class='ocr_line' id='line_1_74' title="bbox 896 1179 1546 1221; baseline 0.002 -8"><span class='ocrx_word' id='word_1_346' title='bbox 896 1186 1023 1214; x_wconf 80' lang='lat' dir='ltr'>auctor</span> <span class='ocrx_word' id='word_1_347' title='bbox 1034 1179 1116 1221; x_wconf 87' lang='lat'><strong>419,</strong></span> <span class='ocrx_word' id='word_1_348' title='bbox 1130 1179 1184 1214; x_wconf 84' lang='lat'>13.</span> <span class='ocrx_word' id='word_1_349' title='bbox 1213 1181 1399 1215; x_wconf 83' lang='lat' dir='ltr'>transitum</span> <span class='ocrx_word' id='word_1_350' title='bbox 1413 1193 1432 1214; x_wconf 81' lang='lat' dir='ltr'>a</span> <span class='ocrx_word' id='word_1_351' title='bbox 1451 1180 1546 1216; x_wconf 83' lang='lat' dir='ltr'>Cha-</span> 
     </span>
     <span class='ocr_line' id='line_1_75' title="bbox 898 1227 1547 1275; baseline 0.005 -15"><span class='ocrx_word' id='word_1_352' title='bbox 898 1239 988 1272; x_wconf 84' lang='lat' dir='ltr'>gano</span> <span class='ocrx_word' id='word_1_353' title='bbox 1017 1227 1221 1262; x_wconf 85' lang='lat' dir='ltr'>redditione</span> <span class='ocrx_word' id='word_1_354' title='bbox 1246 1230 1466 1275; x_wconf 84' lang='lat' dir='ltr'>captivorum</span> <span class='ocrx_word' id='word_1_355' title='bbox 1490 1240 1547 1263; x_wconf 88' lang='lat' dir='ltr'>re-</span> 
     </span>
     <span class='ocr_line' id='line_1_76' title="bbox 898 1274 1546 1318; baseline 0.002 -9"><span class='ocrx_word' id='word_1_356' title='bbox 898 1275 1003 1310; x_wconf 82' lang='lat' dir='ltr'>dimit</span> <span class='ocrx_word' id='word_1_357' title='bbox 1027 1274 1183 1318; x_wconf 79' lang='grc'><strong>420,16.</strong></span> <span class='ocrx_word' id='word_1_358' title='bbox 1214 1276 1389 1310; x_wconf 82' lang='lat' dir='ltr'>Thraciae</span> <span class='ocrx_word' id='word_1_359' title='bbox 1418 1277 1546 1310; x_wconf 84' lang='lat' dir='ltr'>iterum</span> 
     </span>
     <span class='ocr_line' id='line_1_77' title="bbox 898 1323 1547 1368; baseline 0.003 -11"><span class='ocrx_word' id='word_1_360' title='bbox 898 1323 992 1365; x_wconf 83' lang='lat' dir='ltr'>dux,</span> <span class='ocrx_word' id='word_1_361' title='bbox 1033 1323 1239 1368; x_wconf 85' lang='lat' dir='ltr'>Chaganum</span> <span class='ocrx_word' id='word_1_362' title='bbox 1269 1325 1373 1358; x_wconf 89' lang='lat' dir='ltr'>armis</span> <span class='ocrx_word' id='word_1_363' title='bbox 1405 1325 1547 1359; x_wconf 82' lang='lat' dir='ltr'>lacessit</span> 
     </span>
     <span class='ocr_line' id='line_1_78' title="bbox 896 1371 1546 1417; baseline 0.003 -13"><span class='ocrx_word' id='word_1_364' title='bbox 896 1371 978 1412; x_wconf 84' lang='lat'><strong>426,</strong></span> <span class='ocrx_word' id='word_1_365' title='bbox 1006 1371 1060 1405; x_wconf 90' lang='lat'>10.</span> <span class='ocrx_word' id='word_1_366' title='bbox 1108 1382 1129 1404; x_wconf 84' lang='lat' dir='ltr'>a</span> <span class='ocrx_word' id='word_1_367' title='bbox 1161 1371 1327 1417; x_wconf 85' lang='lat' dir='ltr'>Chagano</span> <span class='ocrx_word' id='word_1_368' title='bbox 1352 1371 1450 1407; x_wconf 84' lang='lat' dir='ltr'>cibos</span> <span class='ocrx_word' id='word_1_369' title='bbox 1476 1373 1546 1406; x_wconf 90' lang='lat' dir='ltr'>im-</span> 
     </span>
     <span class='ocr_line' id='line_1_79' title="bbox 897 1418 1545 1466; baseline 0.002 -13"><span class='ocrx_word' id='word_1_370' title='bbox 897 1425 1018 1466; x_wconf 88' lang='lat' dir='ltr'>petrat</span> <span class='ocrx_word' id='word_1_371' title='bbox 1040 1418 1123 1461; x_wconf 90' lang='lat'><strong>429,</strong></span> <span class='ocrx_word' id='word_1_372' title='bbox 1149 1420 1180 1453; x_wconf 88' lang='lat'>5.</span> <span class='ocrx_word' id='word_1_373' title='bbox 1211 1421 1349 1464; x_wconf 84' lang='lat' dir='ltr'>ingenti</span> <span class='ocrx_word' id='word_1_374' title='bbox 1373 1419 1545 1454; x_wconf 85' lang='lat' dir='ltr'>barbaros</span> 
     </span>
     <span class='ocr_line' id='line_1_80' title="bbox 898 1465 1550 1508; baseline 0 -7"><span class='ocrx_word' id='word_1_375' title='bbox 898 1467 1001 1501; x_wconf 83' lang='lat' dir='ltr'>clade</span> <span class='ocrx_word' id='word_1_376' title='bbox 1038 1467 1145 1502; x_wconf 85' lang='lat' dir='ltr'>afficit</span> <span class='ocrx_word' id='word_1_377' title='bbox 1177 1465 1258 1508; x_wconf 85' lang='grc'><strong>435,</strong></span> <span class='ocrx_word' id='word_1_378' title='bbox 1297 1467 1351 1502; x_wconf 90' lang='grc'>16.</span> <span class='ocrx_word' id='word_1_379' title='bbox 1409 1467 1550 1505; x_wconf 78' lang='lat' dir='ltr'>Phocas</span> 
     </span>
     <span class='ocr_line' id='line_1_81' title="bbox 897 1515 1547 1557; baseline -0.002 -8"><span class='ocrx_word' id='word_1_380' title='bbox 897 1515 1148 1549; x_wconf 78' lang='lat' dir='ltr'>excubitorum</span> <span class='ocrx_word' id='word_1_381' title='bbox 1175 1516 1339 1550; x_wconf 91' lang='lat' dir='ltr'>comitem</span> <span class='ocrx_word' id='word_1_382' title='bbox 1365 1516 1451 1550; x_wconf 86' lang='lat' dir='ltr'>facit</span> <span class='ocrx_word' id='word_1_383' title='bbox 1465 1515 1547 1557; x_wconf 82' lang='grc'><strong>451,</strong></span> 
     </span>
     <span class='ocr_line' id='line_1_82' title="bbox 898 1562 1545 1597; baseline 0 0"><span class='ocrx_word' id='word_1_384' title='bbox 898 1564 930 1597; x_wconf 88' lang='lat'><strong>7.</strong></span> <span class='ocrx_word' id='word_1_385' title='bbox 960 1562 1190 1596; x_wconf 85' lang='lat' dir='ltr'>Domentiola</span> <span class='ocrx_word' id='word_1_386' title='bbox 1212 1563 1350 1597; x_wconf 85' lang='lat' dir='ltr'>Phocae</span> <span class='ocrx_word' id='word_1_387' title='bbox 1375 1564 1450 1597; x_wconf 88' lang='lat' dir='ltr'>filia</span> <span class='ocrx_word' id='word_1_388' title='bbox 1475 1563 1545 1597; x_wconf 92' lang='lat' dir='ltr'>du-</span> 
     </span>
     <span class='ocr_line' id='line_1_83' title="bbox 897 1611 1546 1658; baseline -0.002 -13"><span class='ocrx_word' id='word_1_389' title='bbox 897 1617 965 1651; x_wconf 75' lang='lat' dir='ltr'>cta,</span> <span class='ocrx_word' id='word_1_390' title='bbox 992 1611 1121 1644; x_wconf 89' lang='lat' dir='ltr'>laureis</span> <span class='ocrx_word' id='word_1_391' title='bbox 1135 1611 1278 1657; x_wconf 85' lang='lat' dir='ltr'>utrique</span> <span class='ocrx_word' id='word_1_392' title='bbox 1291 1613 1417 1658; x_wconf 85' lang='lat' dir='ltr'>positis</span> <span class='ocrx_word' id='word_1_393' title='bbox 1431 1637 1440 1652; x_wconf 83' lang='lat'>‚</span> <span class='ocrx_word' id='word_1_394' title='bbox 1451 1611 1546 1658; x_wconf 87' lang='lat' dir='ltr'>apud</span> 
     </span>
     <span class='ocr_line' id='line_1_84' title="bbox 897 1657 1547 1700; baseline 0.002 -8"><span class='ocrx_word' id='word_1_395' title='bbox 897 1671 978 1692; x_wconf 85' lang='lat' dir='ltr'>eum</span> <span class='ocrx_word' id='word_1_396' title='bbox 1010 1659 1167 1692; x_wconf 74' lang='lat' dir='ltr'>offendit</span> <span class='ocrx_word' id='word_1_397' title='bbox 1191 1657 1273 1700; x_wconf 78' lang='lat'><strong>454,</strong></span> <span class='ocrx_word' id='word_1_398' title='bbox 1302 1659 1336 1694; x_wconf 88' lang='lat'>5.</span> <span class='ocrx_word' id='word_1_399' title='bbox 1397 1659 1444 1693; x_wconf 89' lang='lat' dir='ltr'>ad</span> <span class='ocrx_word' id='word_1_400' title='bbox 1469 1661 1547 1693; x_wconf 80' lang='lat' dir='ltr'>eius</span> 
     </span>
     <span class='ocr_line' id='line_1_85' title="bbox 897 1706 1548 1753; baseline 0.005 -13"><span class='ocrx_word' id='word_1_401' title='bbox 897 1706 1199 1753; x_wconf 82' lang='lat' dir='ltr'>comprimendam</span> <span class='ocrx_word' id='word_1_402' title='bbox 1232 1707 1456 1751; x_wconf 87' lang='lat' dir='ltr'>tyrannidem</span> <span class='ocrx_word' id='word_1_403' title='bbox 1474 1708 1548 1742; x_wconf 84' lang='lat' dir='ltr'>He-</span> 
     </span>
     <span class='ocr_line' id='line_1_86' title="bbox 898 1753 1381 1794; baseline 0.004 -6"><span class='ocrx_word' id='word_1_404' title='bbox 898 1756 1045 1788; x_wconf 89' lang='lat' dir='ltr'>raclium</span> <span class='ocrx_word' id='word_1_405' title='bbox 1073 1755 1222 1788; x_wconf 85' lang='lat' dir='ltr'>accersit</span> <span class='ocrx_word' id='word_1_406' title='bbox 1244 1753 1326 1794; x_wconf 85' lang='lat'><strong>456,</strong></span> <span class='ocrx_word' id='word_1_407' title='bbox 1347 1755 1381 1789; x_wconf 92' lang='grc'><strong>9.</strong></span> 
     </span>
    </p>
   </div>
   <div class='ocr_carea' id='block_1_17' title="bbox 850 1802 1548 1849">
    <p class='ocr_par' dir='ltr' id='par_1_19' title="bbox 850 1802 1548 1849">
     <span class='ocr_line' id='line_1_87' title="bbox 850 1802 1548 1849; baseline -0.003 -11"><span class='ocrx_word' id='word_1_408' title='bbox 850 1804 983 1839; x_wconf 89' lang='lat' dir='ltr'>Probus</span> <span class='ocrx_word' id='word_1_409' title='bbox 1022 1803 1193 1849; x_wconf 85' lang='lat' dir='ltr'>patricius</span> <span class='ocrx_word' id='word_1_410' title='bbox 1235 1802 1280 1837; x_wconf 88' lang='lat' dir='ltr'>de</span> <span class='ocrx_word' id='word_1_411' title='bbox 1309 1803 1468 1837; x_wconf 86' lang='lat' dir='ltr'>Chosroe</span> <span class='ocrx_word' id='word_1_412' title='bbox 1493 1813 1548 1836; x_wconf 78' lang='lat' dir='ltr'>re·</span> 
     </span>
    </p>
   </div>
   <div class='ocr_carea' id='block_1_18' title="bbox 898 1850 1522 1890">
    <p class='ocr_par' dir='ltr' id='par_1_20' title="bbox 898 1850 1522 1890">
     <span class='ocr_line' id='line_1_88' title="bbox 898 1850 1522 1890; baseline -0.002 -6"><span class='ocrx_word' id='word_1_413' title='bbox 898 1850 1023 1884; x_wconf 87' lang='lat' dir='ltr'>scribit</span> <span class='ocrx_word' id='word_1_414' title='bbox 1051 1850 1097 1884; x_wconf 86' lang='lat' dir='ltr'>ad</span> <span class='ocrx_word' id='word_1_415' title='bbox 1121 1851 1336 1884; x_wconf 89' lang='lat' dir='ltr'>Mauricium</span> <span class='ocrx_word' id='word_1_416' title='bbox 1359 1850 1441 1890; x_wconf 83' lang='lat'><strong>409,</strong></span> <span class='ocrx_word' id='word_1_417' title='bbox 1470 1850 1522 1884; x_wconf 91' lang='lat'>14.</span> 
     </span>
    </p>
   </div>
   <div class='ocr_carea' id='block_1_19' title="bbox 851 1897 1545 1944">
    <p class='ocr_par' dir='ltr' id='par_1_21' title="bbox 851 1897 1545 1944">
     <span class='ocr_line' id='line_1_89' title="bbox 851 1897 1545 1944; baseline -0.004 -10"><span class='ocrx_word' id='word_1_418' title='bbox 851 1898 1100 1934; x_wconf 72' lang='lat' dir='ltr'>processiones</span> <span class='ocrx_word' id='word_1_419' title='bbox 1125 1897 1171 1932; x_wconf 84' lang='lat' dir='ltr'>ad</span> <span class='ocrx_word' id='word_1_420' title='bbox 1195 1899 1366 1944; x_wconf 86' lang='lat' dir='ltr'>Campum</span> <span class='ocrx_word' id='word_1_421' title='bbox 1395 1898 1472 1939; x_wconf 85' lang='lat'><strong>169,</strong></span> <span class='ocrx_word' id='word_1_422' title='bbox 1491 1898 1545 1933; x_wconf 87' lang='lat'>19.</span> 
     </span>
    </p>
   </div>
   <div class='ocr_carea' id='block_1_20' title="bbox 898 1945 1545 2040">
    <p class='ocr_par' dir='ltr' id='par_1_22' title="bbox 898 1945 1545 2040">
     <span class='ocr_line' id='line_1_90' title="bbox 898 1945 1545 1994; baseline 0 -14"><span class='ocrx_word' id='word_1_423' title='bbox 898 1946 944 1980; x_wconf 87' lang='lat' dir='ltr'>ad</span> <span class='ocrx_word' id='word_1_424' title='bbox 980 1945 1223 1981; x_wconf 82' lang='lat' dir='ltr'>&#39;rriconchum</span> <span class='ocrx_word' id='word_1_425' title='bbox 1268 1947 1319 1980; x_wconf 79' lang='lat' dir='ltr'>ob</span> <span class='ocrx_word' id='word_1_426' title='bbox 1363 1947 1545 1994; x_wconf 86' lang='lat' dir='ltr'>pulverem</span> 
     </span>
     <span class='ocr_line' id='line_1_91' title="bbox 898 1993 1235 2040; baseline -0.009 -11"><span class='ocrx_word' id='word_1_427' title='bbox 898 1996 1043 2040; x_wconf 83' lang='lat' dir='ltr'>igneum</span> <span class='ocrx_word' id='word_1_428' title='bbox 1068 1993 1151 2037; x_wconf 86' lang='lat'><strong>245,</strong></span> <span class='ocrx_word' id='word_1_429' title='bbox 1180 1993 1235 2028; x_wconf 89' lang='lat'><strong>14.</strong></span> 
     </span>
    </p>
   </div>
   <div class='ocr_carea' id='block_1_21' title="bbox 851 2040 1545 2088">
    <p class='ocr_par' dir='ltr' id='par_1_23' title="bbox 851 2040 1545 2088">
     <span class='ocr_line' id='line_1_92' title="bbox 851 2040 1545 2088; baseline -0.003 -11"><span class='ocrx_word' id='word_1_430' title='bbox 851 2043 1051 2083; x_wconf 76' lang='lat' dir='ltr'>processio,</span> <span class='ocrx_word' id='word_1_431' title='bbox 1093 2053 1134 2075; x_wconf 89' lang='lat' dir='ltr'>ac</span> <span class='ocrx_word' id='word_1_432' title='bbox 1169 2053 1298 2088; x_wconf 83' lang='lat' dir='ltr'>pompa</span> <span class='ocrx_word' id='word_1_433' title='bbox 1335 2052 1413 2074; x_wconf 86' lang='lat' dir='ltr'>cum</span> <span class='ocrx_word' id='word_1_434' title='bbox 1439 2040 1545 2075; x_wconf 85' lang='lat' dir='ltr'>sacris</span> 
     </span>
    </p>
   </div>
   <div class='ocr_carea' id='block_1_22' title="bbox 902 2089 1411 2137">
    <p class='ocr_par' dir='ltr' id='par_1_24' title="bbox 902 2089 1411 2137">
     <span class='ocr_line' id='line_1_93' title="bbox 902 2089 1411 2137; baseline -0.008 -12"><span class='ocrx_word' id='word_1_435' title='bbox 902 2090 1067 2137; x_wconf 89' lang='lat' dir='ltr'>reliquiis</span> <span class='ocrx_word' id='word_1_436' title='bbox 1091 2089 1183 2131; x_wconf 59' lang='grc'><strong>352,</strong></span> <span class='ocrx_word' id='word_1_437' title='bbox 1198 2089 1230 2123; x_wconf 89' lang='grc'>9.</span> <span class='ocrx_word' id='word_1_438' title='bbox 1259 2089 1338 2129; x_wconf 85' lang='grc'><strong>353,</strong></span> <span class='ocrx_word' id='word_1_439' title='bbox 1354 2089 1411 2122; x_wconf 87' lang='grc'>21.</span> 
     </span>
    </p>
   </div>
   <div class='ocr_carea' id='block_1_23' title="bbox 851 2136 1546 2183">
    <p class='ocr_par' dir='ltr' id='par_1_25' title="bbox 851 2136 1546 2183">
     <span class='ocr_line' id='line_1_94' title="bbox 851 2136 1546 2183; baseline -0.006 -10"><span class='ocrx_word' id='word_1_440' title='bbox 851 2139 996 2174; x_wconf 85' lang='lat' dir='ltr'>Proclus</span> <span class='ocrx_word' id='word_1_441' title='bbox 1022 2137 1142 2181; x_wconf 81' lang='lat' dir='ltr'>cizyci</span> <span class='ocrx_word' id='word_1_442' title='bbox 1178 2138 1364 2183; x_wconf 84' lang='lat' dir='ltr'>episcopus</span> <span class='ocrx_word' id='word_1_443' title='bbox 1397 2136 1546 2170; x_wconf 86' lang='lat' dir='ltr'>ordina-</span> 
     </span>
    </p>
   </div>
   <div class='ocr_carea' id='block_1_24' title="bbox 898 2184 1544 2800">
    <p class='ocr_par' dir='ltr' id='par_1_26' title="bbox 898 2184 1544 2800">
     <span class='ocr_line' id='line_1_95' title="bbox 898 2184 1544 2231; baseline -0.006 -10"><span class='ocrx_word' id='word_1_444' title='bbox 898 2192 956 2222; x_wconf 85' lang='lat' dir='ltr'>tus</span> <span class='ocrx_word' id='word_1_445' title='bbox 980 2186 1047 2221; x_wconf 79' lang='lat' dir='ltr'>GP.</span> <span class='ocrx_word' id='word_1_446' title='bbox 1073 2186 1201 2219; x_wconf 89' lang='lat' dir='ltr'>docere</span> <span class='ocrx_word' id='word_1_447' title='bbox 1219 2184 1438 2231; x_wconf 86' lang='lat' dir='ltr'>permittitur</span> <span class='ocrx_word' id='word_1_448' title='bbox 1467 2184 1544 2223; x_wconf 84' lang='lat'>135.</span> 
     </span>
     <span class='ocr_line' id='line_1_96' title="bbox 898 2232 1544 2278; baseline -0.008 -9"><span class='ocrx_word' id='word_1_449' title='bbox 898 2235 931 2269; x_wconf 90' lang='grc'>5.</span> <span class='ocrx_word' id='word_1_450' title='bbox 971 2234 1132 2269; x_wconf 87' lang='lat' dir='ltr'>oratione</span> <span class='ocrx_word' id='word_1_451' title='bbox 1161 2234 1198 2266; x_wconf 93' lang='lat' dir='ltr'>in</span> <span class='ocrx_word' id='word_1_452' title='bbox 1224 2237 1379 2266; x_wconf 81' lang='lat' dir='ltr'>sanctam</span> <span class='ocrx_word' id='word_1_453' title='bbox 1408 2232 1544 2278; x_wconf 80' lang='lat' dir='ltr'>Deipa-</span> 
     </span>
     <span class='ocr_line' id='line_1_97' title="bbox 899 2279 1544 2317; baseline -0.008 0"><span class='ocrx_word' id='word_1_454' title='bbox 899 2294 972 2317; x_wconf 84' lang='lat' dir='ltr'>ram</span> <span class='ocrx_word' id='word_1_455' title='bbox 999 2282 1179 2316; x_wconf 80' lang='lat' dir='ltr'>classicum</span> <span class='ocrx_word' id='word_1_456' title='bbox 1204 2280 1242 2314; x_wconf 86' lang='lat' dir='ltr'>in</span> <span class='ocrx_word' id='word_1_457' title='bbox 1253 2279 1456 2314; x_wconf 84' lang='lat' dir='ltr'>Nestorium</span> <span class='ocrx_word' id='word_1_458' title='bbox 1481 2291 1544 2312; x_wconf 89' lang='lat' dir='ltr'>ca·—</span> 
     </span>
     <span class='ocr_line' id='line_1_98' title="bbox 898 2327 1544 2373; baseline -0.008 -8"><span class='ocrx_word' id='word_1_459' title='bbox 898 2331 955 2365; x_wconf 90' lang='lat' dir='ltr'>nit</span> <span class='ocrx_word' id='word_1_460' title='bbox 981 2329 1058 2371; x_wconf 81' lang='lat'><strong>136,</strong></span> <span class='ocrx_word' id='word_1_461' title='bbox 1085 2329 1137 2362; x_wconf 87' lang='lat'>10.</span> <span class='ocrx_word' id='word_1_462' title='bbox 1188 2328 1254 2361; x_wconf 76' lang='grc' dir='ltr'>ΟΡ.</span> <span class='ocrx_word' id='word_1_463' title='bbox 1279 2328 1468 2373; x_wconf 82' lang='lat' dir='ltr'>episcopus</span> <span class='ocrx_word' id='word_1_464' title='bbox 1490 2327 1544 2361; x_wconf 84' lang='lat' dir='ltr'>fa-</span> 
     </span>
     <span class='ocr_line' id='line_1_99' title="bbox 899 2375 1544 2421; baseline -0.006 -9"><span class='ocrx_word' id='word_1_465' title='bbox 899 2384 990 2421; x_wconf 86' lang='lat' dir='ltr'>ctus,</span> <span class='ocrx_word' id='word_1_466' title='bbox 1002 2377 1243 2421; x_wconf 88' lang='lat' dir='ltr'>Chrysostomi</span> <span class='ocrx_word' id='word_1_467' title='bbox 1253 2376 1441 2410; x_wconf 79' lang='lat' dir='ltr'>occasione</span> <span class='ocrx_word' id='word_1_468' title='bbox 1453 2375 1544 2408; x_wconf 89' lang='lat' dir='ltr'>scis-</span> 
     </span>
     <span class='ocr_line' id='line_1_100' title="bbox 899 2422 1543 2470; baseline -0.008 -9"><span class='ocrx_word' id='word_1_469' title='bbox 899 2439 981 2466; x_wconf 85' lang='lat' dir='ltr'>sos,</span> <span class='ocrx_word' id='word_1_470' title='bbox 1016 2426 1113 2459; x_wconf 90' lang='lat' dir='ltr'>illius</span> <span class='ocrx_word' id='word_1_471' title='bbox 1147 2424 1308 2470; x_wconf 84' lang='lat' dir='ltr'>reliquiis</span> <span class='ocrx_word' id='word_1_472' title='bbox 1341 2424 1380 2456; x_wconf 90' lang='lat' dir='ltr'>in</span> <span class='ocrx_word' id='word_1_473' title='bbox 1417 2422 1543 2456; x_wconf 88' lang='lat' dir='ltr'>urbem</span> 
     </span>
     <span class='ocr_line' id='line_1_101' title="bbox 898 2469 1541 2512; baseline -0.008 -4"><span class='ocrx_word' id='word_1_474' title='bbox 898 2473 1090 2512; x_wconf 81' lang='lat' dir='ltr'>translatis,</span> <span class='ocrx_word' id='word_1_475' title='bbox 1106 2473 1279 2506; x_wconf 87' lang='lat' dir='ltr'>ecclesiae</span> <span class='ocrx_word' id='word_1_476' title='bbox 1294 2472 1372 2505; x_wconf 86' lang='lat' dir='ltr'>unit</span> <span class='ocrx_word' id='word_1_477' title='bbox 1390 2469 1468 2511; x_wconf 88' lang='grc'><strong>143,</strong></span> <span class='ocrx_word' id='word_1_478' title='bbox 1486 2471 1541 2503; x_wconf 87' lang='lat'>11-</span> 
     </span>
     <span class='ocr_line' id='line_1_102' title="bbox 899 2518 1543 2567; baseline -0.008 -11"><span class='ocrx_word' id='word_1_479' title='bbox 899 2522 1067 2567; x_wconf 86' lang='lat' dir='ltr'>hymnum</span> <span class='ocrx_word' id='word_1_480' title='bbox 1108 2520 1289 2565; x_wconf 83' lang='lat' dir='ltr'>trisagium</span> <span class='ocrx_word' id='word_1_481' title='bbox 1323 2520 1360 2552; x_wconf 88' lang='lat' dir='ltr'>in</span> <span class='ocrx_word' id='word_1_482' title='bbox 1398 2518 1543 2552; x_wconf 89' lang='lat' dir='ltr'>sublimi</span> 
     </span>
     <span class='ocr_line' id='line_1_103' title="bbox 899 2566 1542 2604; baseline -0.006 -1"><span class='ocrx_word' id='word_1_483' title='bbox 899 2569 1060 2604; x_wconf 81' lang='lat' dir='ltr'>auditum</span> <span class='ocrx_word' id='word_1_484' title='bbox 1071 2568 1243 2602; x_wconf 82' lang='lat' dir='ltr'>ecclesiae</span> <span class='ocrx_word' id='word_1_485' title='bbox 1254 2566 1453 2601; x_wconf 78' lang='lat' dir='ltr'>canendum</span> <span class='ocrx_word' id='word_1_486' title='bbox 1467 2571 1542 2600; x_wconf 85' lang='lat' dir='ltr'>tra·</span> 
     </span>
     <span class='ocr_line' id='line_1_104' title="bbox 899 2614 1542 2660; baseline -0.009 -8"><span class='ocrx_word' id='word_1_487' title='bbox 899 2618 951 2653; x_wconf 87' lang='lat' dir='ltr'>dit</span> <span class='ocrx_word' id='word_1_488' title='bbox 978 2614 1055 2657; x_wconf 77' lang='grc'><strong>144,</strong></span> <span class='ocrx_word' id='word_1_489' title='bbox 1082 2615 1116 2650; x_wconf 89' lang='grc'>9.</span> <span class='ocrx_word' id='word_1_490' title='bbox 1145 2615 1191 2649; x_wconf 88' lang='lat' dir='ltr'>de</span> <span class='ocrx_word' id='word_1_491' title='bbox 1218 2614 1411 2650; x_wconf 84' lang='lat' dir='ltr'>Theodoro</span> <span class='ocrx_word' id='word_1_492' title='bbox 1435 2614 1542 2660; x_wconf 89' lang='lat' dir='ltr'>Mop-</span> 
     </span>
     <span class='ocr_line' id='line_1_105' title="bbox 898 2662 1541 2709; baseline -0.008 -10"><span class='ocrx_word' id='word_1_493' title='bbox 898 2666 1050 2700; x_wconf 88' lang='lat' dir='ltr'>suestiae</span> <span class='ocrx_word' id='word_1_494' title='bbox 1084 2664 1252 2709; x_wconf 89' lang='lat' dir='ltr'>episcopo</span> <span class='ocrx_word' id='word_1_495' title='bbox 1285 2662 1442 2696; x_wconf 86' lang='lat' dir='ltr'>haeresis</span> <span class='ocrx_word' id='word_1_496' title='bbox 1481 2673 1541 2694; x_wconf 86' lang='lat' dir='ltr'>ac-</span> 
     </span>
     <span class='ocr_line' id='line_1_106' title="bbox 898 2709 1541 2758; baseline -0.009 -11"><span class='ocrx_word' id='word_1_497' title='bbox 898 2719 1019 2748; x_wconf 82' lang='lat' dir='ltr'>cusato</span> <span class='ocrx_word' id='word_1_498' title='bbox 1035 2711 1185 2758; x_wconf 88' lang='lat' dir='ltr'>inquirit</span> <span class='ocrx_word' id='word_1_499' title='bbox 1199 2709 1278 2752; x_wconf 82' lang='lat'><strong>148,</strong></span> <span class='ocrx_word' id='word_1_500' title='bbox 1297 2711 1330 2745; x_wconf 84' lang='lat'>2.</span> <span class='ocrx_word' id='word_1_501' title='bbox 1357 2710 1452 2744; x_wconf 84' lang='lat' dir='ltr'>diem</span> <span class='ocrx_word' id='word_1_502' title='bbox 1481 2709 1541 2755; x_wconf 85' lang='lat' dir='ltr'>pie</span> 
     </span>
     <span class='ocr_line' id='line_1_107' title="bbox 899 2759 1139 2800; baseline -0.013 -6"><span class='ocrx_word' id='word_1_503' title='bbox 899 2761 976 2794; x_wconf 87' lang='lat' dir='ltr'>obit</span> <span class='ocrx_word' id='word_1_504' title='bbox 1002 2759 1080 2800; x_wconf 82' lang='lat'><strong>150,</strong></span> <span class='ocrx_word' id='word_1_505' title='bbox 1105 2759 1139 2793; x_wconf 91' lang='grc'>6.</span> 
     </span>
    </p>
   </div>
   <div class='ocr_carea' id='block_1_25' title="bbox 852 2804 1540 2846">
    <p class='ocr_par' dir='ltr' id='par_1_27' title="bbox 852 2804 1540 2846">
     <span class='ocr_line' id='line_1_108' title="bbox 852 2804 1540 2846; baseline -0.012 -2"><span class='ocrx_word' id='word_1_506' title='bbox 852 2810 995 2846; x_wconf 82' lang='lat' dir='ltr'>Proclus</span> <span class='ocrx_word' id='word_1_507' title='bbox 1036 2808 1222 2842; x_wconf 90' lang='lat' dir='ltr'>coniector</span> <span class='ocrx_word' id='word_1_508' title='bbox 1261 2804 1456 2846; x_wconf 58' lang='lat' dir='ltr'>Anniani,</span> <span class='ocrx_word' id='word_1_509' title='bbox 1503 2808 1540 2837; x_wconf 87' lang='lat' dir='ltr'>et</span> 
     </span>
    </p>
   </div>
  </div>
 </body>
</html>
