1728 3184
697 188 899 230 NOTAE.
1406 183 1502 235 497

43 314 173 349 num,
203 299 372 357 dequo
402 314 496 357 pag.
525 299 609 342 286
646 302 904 343 celebratum
943 302 1028 342 eius
1057 308 1148 344 acta
1176 304 1395 358 perspicue
1422 306 1506 347 do·-

41 364 141 399 cent
157 372 171 398 ε
198 359 243 398 in
268 358 432 399 nomine
454 357 617 399 domini
641 357 709 398 dei·
736 360 955 399 salvatoris
981 361 1103 400 nostri
1117 360 1210 400 Iesu
1238 360 1400 413 Clu-isti,
1429 364 1507 403 im-

31 415 150 470 perii
174 413 332 455 domim*
370 414 597 455 Constantis
621 428 731 455 anno
757 429 878 466 nono,
903 415 976 454 suh
1002 417 1123 455 tertio
1153 430 1282 456 nonas
1306 418 1506 471 Octobris,

41 469 264 510 indictione
291 479 456 511 octava.
529 471 731 525 quoniam
771 485 873 511 vero
906 470 1131 511 indictione
1174 471 1331 513 decima
1359 476 1507 530 quinta

42 526 348 566 Heracleonam
376 527 419 567 in
438 526 631 567 ordinem
659 527 877 567 redactum
910 532 1058 567 auctor
1075 526 1347 581 Theophanes
1376 538 1506 572 testa..

41 587 127 632 tur,
156 596 291 636 aequo
319 596 460 637 gressu
487 581 763 623 indictionum
782 598 1018 636 numerum,
1049 590 1092 623 et
1106 585 1337 625 Constantis
1370 586 1505 642 impe-

41 637 170 678 rantis
197 653 326 678 annos
344 638 589 693 procedere,
618 639 808 694 adeoque
840 639 912 695 qui
937 639 1006 679 hic
1023 645 1205 690 octavus,
1235 640 1506 684 indictionem

39 694 206 735 numeri
230 695 413 736 eiusdem
442 695 614 748 habeat,
657 710 819 736 necesse
838 702 947 746 ‘est,
977 710 1108 750 eaque
1139 696 1321 749 paritate
1348 699 1398 738 ab
1429 714 1506 739 au-

40 757 161 791 ctore
190 751 343 806 posita,
371 766 480 791 anno
514 753 677 806 integro
709 752 884 792 calculos
924 752 1008 792 cius
1042 768 1065 791 a
1094 751 1261 792 concilii
1291 762 1505 808 computo,

45 807 187 862 quoad
216 807 452 847 Constantis
481 815 658 848 aetatem
689 809 879 862 superari
915 807 1291 849 animadvertimus.
1349 810 1507 851 nodum

43 863 155 904 haud
184 862 290 904 adeo
315 863 467 916 solvit,
499 880 628 920 quam
666 871 778 905 secat
820 866 1021 905 Baronius
1065 865 1116 905 ad
1157 880 1310 905 annum
1351 866 1506 907 Christi

37 917 119 959 641
150 933 262 966 nuni.
293 919 313 959 1
346 919 502 961 dicens:
530 936 684 961 annum
706 921 946 962 indictionis
976 927 1170 961 octavum
1198 921 1240 960 in
1274 923 1507 963 Constantis

38 976 252 1016 ineuntem
286 991 445 1016 nonum
471 977 658 1018 incidere
675 992 688 1017 :
722 977 836 1033 quod
864 977 1057 1033 equidem
1075 985 1121 1018 ut
1148 992 1309 1029 verum,
1339 980 1396 1019 ita
1426 979 1507 1019 ‹lif-

36 1032 267 1073 ficultatem
294 1033 450 1083 eludit,
489 1034 662 1088 exponit
700 1035 885 1075 minime.
958 1049 1054 1074 nam
1085 1048 1178 1073 cum
1217 1035 1329 1074 circa
1358 1035 1508 1076 Iulium

36 1103 220 1140 mensem
249 1089 506 1130 Heracleona
538 1089 670 1144 pulso,
698 1097 910 1145 sceptrum
933 1092 1134 1131 Constans
1164 1090 1339 1145 adeptus
1366 1092 1432 1143 sit,
1460 1107 1509 1133 ex

38 1145 200 1185 Petavii
230 1145 393 1186 calculis
439 1146 480 1186 in
513 1147 796 1200 Nicephorum
842 1147 941 1187 edit,
979 1148 1081 1200 Reg.
1110 1160 1152 1200 p.
1182 1143 1237 1187 74
1267 1153 1382 1189 certe
1412 1155 1508 1189 ante

35 1200 64 1241 8
91 1202 190 1242 anni
230 1203 354 1243 linem
388 1202 622 1243 Constantis
655 1217 785 1242 nonus
826 1203 991 1244 initium
1021 1203 1142 1243 facile
1170 1202 1319 1244 ducit:
1348 1210 1393 1244 at
1421 1220 1506 1245 non

38 1258 72 1298 is
103 1263 176 1308 est,
206 1258 456 1312 Theophani
489 1275 634 1310 nonus,
659 1260 731 1300 scd
765 1265 950 1307 octavus,
975 1260 1048 1314 qui
1078 1259 1260 1299 concilio
1286 1260 1397 1300 circa
1430 1275 1509 1301 no-

36 1329 108 1354 nas
143 1313 383 1355 Octobriles
427 1321 522 1355 acto
560 1331 715 1355 annum
757 1332 778 1355 a
813 1315 1052 1370 Septembri
1091 1315 1262 1356 ductum
1301 1317 1507 1358 mensibus

35 1376 199 1410 tantum
226 1370 389 1411 duobus
426 1373 661 1412 antevertit.
719 1372 843 1412 salius
869 1371 920 1412 ad
935 1371 1199 1425 Theophanis
1230 1378 1411 1413 mentem
1439 1373 1507 1413 di-

41 1425 218 1467 cendum
247 1441 375 1468 annos
405 1427 700 1468 indictionibus
737 1429 918 1482 signatos
947 1429 1224 1468 indictionum
1252 1428 1507 1484 quandoque

36 1497 280 1534 numerum,
323 1483 449 1524 alium
489 1484 586 1525 licet
629 1491 825 1536 teneant,
868 1485 1020 1525 subire.
1094 1499 1179 1539 quo
1209 1485 1279 1535 fit,
1313 1491 1359 1524 ut
1389 1485 1505 1524 Con-

34 1545 145 1579 stans
173 1540 250 1580 sub
281 1540 519 1581 indictionis
559 1540 742 1581 decimae
786 1541 957 1595 quintae
1001 1540 1222 1595 imperium
1258 1541 1504 1594 auspicatus,

39 1610 87 1635 ac
117 1602 336 1649 praeterea
362 1603 577 1652 sequentes
603 1603 702 1637 octo
735 1612 968 1646 numerans,
1003 1603 1048 1636 ut
1079 1595 1326 1638 indictiones
1355 1611 1506 1638 novem

37 1651 237 1706 delibans,
269 1667 397 1694 annos
432 1667 601 1708 quoque
624 1669 773 1694 novem
803 1653 980 1708 attigisse
1010 1653 1188 1707 scriptus
1217 1653 1281 1691 sit.

149 1719 244 1771 526,
279 1720 343 1762 18.
409 1719 577 1773 γέγονεν
614 1719 659 1761 ἐν
682 1717 827 1776 Ῥώμῃ
856 1718 1050 1774 σύνοδος]
1084 1720 1134 1760 de
1164 1717 1279 1760 cuiu‘s
1310 1726 1506 1774 tempore

36 1777 91 1818 ad
122 1791 219 1833 pag.
252 1777 334 1818 288
362 1783 501 1817 notae.
1158 1780 1166 1791 ³

145 1843 241 1898 527,
273 1844 336 1884 15.
395 1845 503 1885 KH.
534 1843 757 1891 ἐπίσκοπος
797 1843 979 1897 Πέτρος]
1025 1843 1143 1882 Pauli
1187 1857 1337 1883 nomen
1377 1857 1503 1897 repo-

34 1899 217 1941 nendum
240 1900 394 1942 docent
437 1901 580 1941 variae
630 1901 839 1940 lectiones.
910 1899 960 1939 de
986 1899 1153 1954 Pyrrho
1190 1900 1277 1940 sedi
1309 1901 1502 1940 restituto

35 1960 219 2000 Anastas.
251 1957 520 1997 collectanea.
549 1958 648 1997 deus
673 1958 804 1997 statim
827 1958 929 1996 iusto
959 1957 1108 1996 iudicio
1136 1970 1205 1996 suo
1235 1957 1390 1996 delevit
1416 1971 1503 1996 eum

31 2013 83 2053 de
109 2013 212 2054 libro
240 2015 475 2053 viventium.

146 2079 260 2121 Ibid.
279 2078 343 2121 19.
402 2076 603 2121 κόλοσσον
621 2075 770 2120 Ῥόδου
800 2075 911 2131 μετὰ
947 2077 1038 2136 ,ατξ
1067 2075 1164 2134 ἔτη]
1195 2094 1241 2121 ex
1271 2079 1333 2120 his
1365 2094 1502 2134 quan-

32 2135 89 2177 do
121 2138 301 2178 colossus
330 2136 515 2178 Rhodius
555 2137 683 2177 fuerit
725 2142 911 2185 erectus,
944 2135 1104 2190 collige.
1163 2150 1272 2176 anno
1304 2152 1325 2175 a
1356 2135 1500 2176 inundi

32 2193 210 2234 conditu
236 2192 360 2243 5145,
391 2199 435 2234 et
461 2208 483 2232 a
515 2192 670 2234 Christi
701 2198 799 2232 ortu
814 2191 910 2242 645,
941 2206 1006 2232 aes
1036 2207 1121 2248 quo
1152 2193 1380 2232 conflatum
1409 2197 1501 2232 erat

31 2249 172 2304 pretio
206 2249 451 2290 distractum
470 2250 562 2300 fuit,
592 2250 706 2290 annis
734 2254 830 2303 post
846 2248 1022 2289 eundem
1053 2255 1239 2289 erectum
1268 2249 1379 2288 mille
1406 2253 1499 2287 tre-

32 2306 163 2346 centis
191 2311 233 2347 et
262 2307 491 2361 sexaginta:
524 2312 686 2346 erectus
718 2311 777 2345 est
798 2306 941 2360 itaque
964 2319 1073 2345 anno
1104 2321 1125 2344 a
1155 2305 1299 2344 mundi
1326 2304 1499 2344 conditu

29 2357 156 2413 4785,
186 2377 273 2418 quo
303 2378 350 2403 ex
381 2362 554 2416 Georgii
576 2363 759 2418 Syncclli
792 2362 923 2411 (cuius
956 2362 1239 2411 continuator,
1270 2360 1497 2413 Theopha-

31 2422 116 2470 nes)
144 2425 346 2474 computo
375 2418 569 2459 Ezechias
601 2418 718 2471 regni
749 2418 994 2458 numerabat
1024 2418 1274 2457 vicesimum.
1331 2431 1497 2455 rursum

28 2488 168 2517 vero:
199 2491 328 2516 annus
358 2475 570 2516 Abraham
589 2474 697 2515 2015
723 2474 877 2514 Christi
908 2474 1100 2514 natalitiis
1134 2473 1243 2526 apud
1272 2473 1497 2512 Eusebium

28 2537 334 2573 consecratur:
378 2532 437 2571 his
458 2533 467 2538 '
485 2531 591 2572 adde
621 2537 717 2585 post
762 2537 903 2571 ortum
935 2545 1064 2570 annos
1092 2527 1187 2581 645,
1218 2533 1415 2568 occurret
1443 2528 1495 2567 ab

28 2587 271 2628 Abrahamo
303 2589 344 2628 in
373 2589 506 2628 lucem
523 2589 719 2642 profecto
750 2601 879 2627 annus
898 2585 1021 2637 2660,
1052 2585 1246 2625 detractis
1277 2598 1371 2623 mox
1390 2582 1496 2623 1360

26 2650 219 2699 superest
251 2643 357 2685 1300
386 2660 567 2685 summa:
599 2658 707 2699 quae
731 2644 841 2698 apud
871 2643 1095 2683 Eusebium
1127 2641 1239 2680 inter
1271 2641 1495 2679 Abrahami

30 2714 162 2742 annos
191 2700 317 2742 habet
343 2700 545 2742 Ezechiae
574 2701 765 2755 quintum
790 2714 837 2739 ac
866 2699 1104 2739 vicesimum
1133 2697 1209 2736 sibi
1238 2696 1494 2736 adiunctum.

29 2756 152 2797 aliter
179 2758 357 2798 iterum:
405 2771 513 2797 anno
552 2764 647 2811 post
687 2756 899 2796 Christum
930 2753 1010 2794 645
1060 2753 1206 2793 colossi
1246 2753 1400 2792 Rhodii
1431 2767 1496 2791 aes

28 2814 167 2853 vaenit
197 2812 304 2858 1360
334 2814 449 2854 annis
487 2820 712 2868 postquam
753 2820 914 2853 erectus
954 2817 1031 2851 est:
1071 2810 1185 2849 annis
1229 2809 1371 2863 itaque
1401 2815 1495 2848 ante

143 2897 382 2946 Thtophanes
409 2900 454 2932 11.
1170 2892 1216 2925 32
