1728 3184
656 185 857 229 NOTAE.
990 205 1009 229 .·
1402 180 1497 232 481

149 296 248 351 454,
291 301 356 344 10.
414 294 627 352 λαυρᾶῐα]
669 305 852 355 optatus.
885 301 1090 354 law-atis,
1116 311 1157 343 et
1181 302 1377 352 iconibus,
1405 315 1508 359 quae

44 356 253 397 mittamur
289 357 350 397 ad
369 357 575 408 civitates,
604 358 675 397 vel
698 358 900 411 regiones,
930 358 1050 398 obvii
1078 359 1228 399 adeunt
1248 359 1393 414 populi
1418 371 1509 398 cum

41 415 167 453 cercis
205 421 246 452 et
276 414 459 453 incensis.
530 414 761 468 Gregorius
794 413 981 469 dialogus
1020 415 1136 468 epist.
1170 419 1189 457 1
1238 415 1290 454 ad
1326 416 1511 455 Leonem

47 470 251 519 lsanrum,
278 465 333 508 τὰ
365 465 559 521 &averita
586 482 665 509 σου
695 469 981 520 κατεδέξαντο.
1051 471 1244 525 imagines
1274 476 1364 510 tuas
1390 483 1512 510 exce-

41 532 212 579 perunt.
244 524 432 566 laur-atae
452 524 548 566 ideo
569 525 764 582 imagines
786 525 1015 580 quodimp.
1042 527 1162 566 lauro
1193 526 1434 567 redimitum
1462 540 1511 565 ac

35 580 376 635 -triumphantem
398 587 761 637 representarent:
792 583 844 622 de
863 582 1012 637 quibus
1031 584 1153 636 plura
1167 583 1373 622 Baronius
1402 596 1511 622 anno

44 635 129 678 603
157 652 271 677 num.
308 641 329 681 1
372 645 416 678 et
442 653 557 693 seqq.
587 638 788 688 Lacerda‚
815 638 1047 691 Mem-sius,
1082 645 1123 679 et
1151 639 1243 688 alii,
1269 638 1513 678 Pancirolus

42 692 220 735 maxime
266 694 305 734 in
334 694 457 734 notit.
503 695 602 749 imp.
634 709 724 749 cap.
753 695 818 735 24.
887 709 966 735 cur
997 694 1125 734 Prisci
1156 695 1375 748 imaginem
1406 695 1515 734 Pra-

42 749 121 790 sini
145 749 386 804 extulerint,
417 751 550 791 refert
566 751 828 806 Nicephorus
849 751 927 793 CP.
949 750 1193 805 patriarcba
1213 751 1289 791 sub
1317 750 1516 792 historiae

43 805 223 847 initium.

153 875 251 930 455,
281 877 321 919 9.
381 875 404 918 ὅ
434 877 483 919 δὲ
522 876 726 932 τύραννος
761 876 1103 928 Κωνσταντίναν]
1148 878 1302 920 horum
1332 879 1518 920 omnium

43 935 477 990 nomina‘mortisque
516 936 767 990 supplicium
805 936 936 976 refert
978 935 1209 976 chronicon
1239 936 1435 978 Alexand.
1465 935 1519 975 ad

42 1006 197 1032 annum
227 991 397 1032 'Phocae
423 993 611 1033 tertium.

150 1065 260 1106 Ibid.
292 1068 357 1110 17.
415 1064 461 1106 ἐν
488 1065 547 1120 τῷ
574 1062 719 1121 μοῦλῳ
760 1063 1005 1117 Εὔρωπαόυ]
1039 1064 1272 1106 chronicon
1299 1063 1518 1106 Alexandr.

45 1120 106 1169 εἷς
135 1118 210 1162 τόν
234 1122 379 1172 μοῦνον
409 1117 481 1161 τόν
513 1120 770 1173 Εὕτροπίου.
848 1135 1036 1175 repono,
1067 1120 1127 1168 εἷς
1166 1119 1238 1161 τὸν
1264 1121 1408 1171 μῶλον
1434 1121 1520 1161 Ev'-

40 1178 233 1230 τροπιόυ.
294 1184 355 1218 est
400 1183 540 1217 autem
577 1177 741 1228 μῶλος,
774 1177 840 1216 vel
868 1176 1054 1228 μοῦλος,
1101 1178 1174 1232 qui
1204 1177 1313 1217 Italis
1339 1178 1374 1216 il
1400 1178 1519 1230 molo,

42 1234 169 1275 Gallis
193 1235 234 1274 Ie
262 1236 384 1285 mole,
409 1244 551 1289 porcus
571 1248 706 1288 agger,
735 1233 807 1289 qui
828 1234 971 1287 portui
996 1234 1194 1273 nimirum
1223 1233 1342 1273 nimis
1371 1239 1520 1286 aperto

45 1290 319 1331 retundendis
351 1291 462 1330 ultra
499 1290 719 1339 fluctibus,
744 1295 786 1329 ct
822 1292 1092 1344 protegendis
1126 1291 1229 1329 citra
1260 1290 1374 1329 illum
1404 1289 1523 1328 navi-

40 1347 118 1388 bus
151 1346 367 1387 obiicitur.
423 1352 470 1387 ut
492 1344 739 1401 Εὕτροπιόυ
776 1345 994 1400 legendum
1020 1361 1067 1386 ex
1096 1346 1215 1386 dictis
1247 1346 1301 1385 ad
1328 1360 1422 1401 pag.
1441 1341 1522 1385 243

43 1418 254 1444 conllcles·

154 1475 253 1526 456,
282 1474 329 1528 3.,
375 1472 573 1530 Ἰωάννην
597 1475 792 1525 Τζίτζαν]
821 1490 869 1516 ex
901 1475 978 1515 isto
1011 1475 1116 1516 duos
1145 1474 1364 1528 componit
1394 1473 1525 1515 chro-

42 1532 169 1574 nicon
198 1532 398 1574 Alexand.
429 1547 524 1572 cum
555 1533 680 1572 Barb.
715 1532 810 1573 cod.
841 1529 1036 1585 Ἰωάννην
1063 1531 1137 1572 καί
1169 1530 1338 1581 Τζίταν.

156 1611 263 1652 thid.
286 1610 327 1652 4.
383 1610 670 1667 Ἀβδιουμᾶν]
701 1611 811 1652 idem
840 1610 1069 1651 correctius
1102 1605 1331 1655 Θεοδόσιος
1356 1603 1379 1647 ὅ
1407 1609 1520 1649 §Jov-

43 1667 261 1719 βαδιουβᾶ
287 1668 367 1708 τοῦ
396 1665 633 1720 μαγίστρου
676 1668 924 1708 Theodosius
961 1667 1152 1721 magistri
1184 1665 1434 1706 subadiuva:
1468 1665 1520 1704 de

45 1725 163 1767 euius
191 1739 367 1766 munere
398 1739 446 1764 ex
459 1724 691 1764 Pancirolli
725 1731 815 1765 not.
845 1725 944 1778 imp.
974 1737 1066 1778 cap.
1081 1720 1131 1763 16
1160 1722 1518 1762 ratiocinandum.

158 1808 263 1849 Ibid.
337 1804 583 1861 Σκόβαρον]
638 1807 786 1848 chron.
831 1806 1025 1848 Alexand.
1067 1803 1274 1857 ’Λνδρὲας
1320 1801 1344 1845 o‘
1384 1804 1522 1846 ἰλλού-

45 1877 202 1918 στριος,
232 1862 256 1904 ὅ
284 1862 457 1918 ἐπίκλην
482 1865 561 1905 τοῦ
571 1864 805 1917 Σκομβροῦ.
835 1864 1023 1904 Andreas
1051 1863 1233 1913 illustris,
1262 1870 1522 1915 cognomento

45 1920 243 1961 Scombn‘.
301 1921 554 1961 scombrum
602 1920 788 1962 reddidit
828 1935 926 1961 cum
968 1919 1212 1960 Anastasio:
1246 1918 1450 1959 chronico
1479 1923 1523 1959 et

49 1978 265 2018 Anastasio
295 1978 409 2018 favet
436 1978 564 2018 Barb.
595 1977 725 2018 codex
755 1978 867 2020 inter
896 1976 1032 2017 varias
1061 1975 1275 2018 lectiones.

161 2050 271 2090 Ibid.
302 2050 340 2090 5.
399 2047 725 2104 χαρτοφύλακα]
751 2051 1026 2099 scriniarium,
1054 2049 1276 2097 titulorum,
1305 2057 1343 2088 et
1363 2049 1521 2087 charta-

45 2121 134 2147 rum
165 2106 364 2147 custodem
407 2108 608 2148 existimo.
677 2107 928 2148 Hormisdae
972 2119 1108 2160 porro
1138 2104 1342 2158 palatium
1374 2104 1520 2144 domus

48 2163 128 2202 fuit
156 2164 273 2216 prius
302 2163 558 2203 Iustiniano:
590 2162 641 2203 de
665 2178 748 2219 qua
781 2163 1017 2219 Procopius
1057 2167 1167 2201 orat.
1199 2161 1220 2199 1
1256 2160 1309 2201 de
1337 2160 1421 2201 eius
1452 2174 1521 2200 ae-

48 2218 195 2259 dificiis
225 2219 299 2260 ubi
327 2219 379 2260 de
409 2221 658 2273 Augustaeo.

161 2291 268 2332 Ibz’d.
291 2290 331 2332 9.
390 2287 413 2330 ὅ
444 2291 638 2341 Πρίσκος
666 2287 727 2344 μή
769 2287 1012 2347 ὑποφέρων]
1052 2290 1310 2345 Nicephorus
1339 2288 1521 2342 patriar-

50 2347 128 2387 cba
169 2348 223 2389 ad
262 2362 417 2388 annum
446 2346 527 2387 610
568 2348 804 2387 executioni
842 2348 1038 2389 mandata
1078 2349 1286 2396 referens,
1319 2359 1425 2400 quae
1450 2343 1521 2384 hie

50 2404 93 2444 in
122 2405 342 2444 consilium
372 2403 564 2444 adducta.
644 2404 695 2444 de
726 2404 894 2445 Africae
933 2419 1070 2459 porro
1111 2402 1340 2445 rebellione
1369 2401 1520 2441 chron.

51 2460 249 2502 Alexand.
278 2460 332 2501 ad
365 2475 520 2500 anuum
547 2460 716 2500 Phocac
746 2460 785 2501 7.

36 2583 38 2585 ‚
162 2533 259 2584 457,
291 2533 331 2574 5.
387 2529 463 2573 καὶ
489 2528 529 2574 οἱ
557 2532 637 2583 μὲν
653 2532 830 2587 Πέρσαι
850 2529 946 2589 ἔξω]
976 2532 1194 2574 historiam
1224 2531 1276 2571 ab
1310 2529 1391 2569 hac
1425 2543 1520 2570 sen..

54 2589 198 2631 tentia
215 2589 477 2646 Nicephorus
506 2591 763 2644 auspicatur.

47 2707 50 2710 ,
161 2662 272 2704 Ibid-
331 2656 657 2716 α’ποσφὰζουσιν
690 2660 1001 2718 Ἀναστάσιον]
1042 2660 1273 2702 chronicon
1304 2657 1521 2701 Alexandr.

23 2717 105 2769 „ad
134 2733 289 2759 annum
316 2719 487 2759 Phocae
506 2717 547 2759 ὃ.

161 2793 268 2834 Ibid.
293 2791 358 2833 19.
415 2791 490 2831 zai
520 2787 559 2831 οἱ
591 2788 807 2847 Πράσινοι
838 2788 1019 2844 ὕβρισαν
1039 2786 1178 2845 αὐτόν]
1210 2789 1283 2843 qui
1313 2788 1521 2843 arripien-

197 2874 437 2922 Theophanes
458 2877 509 2911 11.
1208 2871 1253 2905 31
