1768 3268
252 198 321 243 88-
454 198 737 243 ANASTASII
782 194 1044 239 HlSTORlA
1081 193 1499 238 ECCLESIASTICA

255 319 464 358 Romanus
494 314 761 370 pontificium
790 313 910 368 gerit.
982 311 1215 354 Vitalianus
1247 315 1398 362 autem,
1430 323 1555 364 quem
1584 322 1726 363 popu—

254 375 314 414 lus
344 373 643 426 imperatorem
684 372 967 426 expetiverat,
1011 374 1181 423 accepta
1210 374 1302 408 tota
1339 366 1520 406 Thracia
1553 366 1725 420 Scythia

254 437 295 469 et
324 424 468 485 Mysia,
495 428 703 484 vulgares
722 427 875 467 hahens
901 441 1039 466 secum
1057 432 1099 466 et
1125 423 1436 465 multitudinem
1455 423 1724 473 Hunnorum,

253 487 364 540 cepit
402 484 647 525 Anchialum
690 491 733 525 et
765 483 1072 539 Odyssopolim.
1141 479 1463 535 comprehendit
1499 485 1640 520 autem
1681 485 1725 520 et

251 538 455 598 Cy'rillum
497 541 743 597 magistrum
782 540 964 580 militum
1001 539 1219 589 Thraciae,
1249 544 1291 578 et
1322 537 1518 590 pervenit
1545 536 1724 591 praedas

250 598 437 654 gerendo
481 613 612 654 usque
654 597 927 654 Byzantium,
967 610 1143 651 parcens
1174 608 1275 635 vero
1306 592 1466 633 civitati
1495 592 1607 648 apud
1638 594 1722 633 So..

251 655 458 696 sthenium
486 662 620 695 castra
658 660 836 695 metatus
869 659 940 694 est.
1000 651 1231 692 Anastasius
1261 656 1399 690 autem
1427 647 1724 704 desperatione

251 718 542 752 consternatus
586 711 718 751 mittit
746 725 793 751 ex
820 715 968 751 senatu
997 708 1197 764 quosdam
1218 737 1229 755 ‚
1264 720 1415 761 rogans
1445 721 1541 746 eum
1568 706 1723 761 pacisci

251 774 295 809 et
326 769 468 808 iurare
497 783 578 807 una
611 782 706 808 cum
735 773 893 817 senatu,
925 764 1039 821 quod
1069 766 1121 806 ab
1152 763 1273 805 exilio
1296 763 1515 818 episcopos
1543 777 1722 804 revoca..

255 831 321 865 ret
360 825 471 879 apud
513 824 748 864 Heracliam
789 823 992 863 Thracae.
1047 836 1183 877 porro
1220 820 1452 862 Vitalianus
1482 819 1646 861 addidit
1677 826 1724 860 ut

253 887 296 922 et
322 881 533 935 principes
573 881 894 935 uniuscuiusque
943 879 1107 920 scholae
1153 878 1343 918 iurarent
1386 876 1523 927 istud;
1565 876 1636 917 sed
1681 883 1723 918 et

253 938 517 978 Macedonius
547 943 588 977 et
606 937 837 986 Flavianus,
868 936 938 991 qui
963 936 1157 991 nequiter
1181 934 1289 989 pulsi
1319 934 1498 985 fuerant,
1527 947 1622 974 suos
1657 948 1724 974 re-

253 995 444 1048 ciperent
472 993 662 1045 thronos,
691 993 883 1033 similiter
926 999 968 1034 et
998 992 1150 1047 reliqui
1186 1005 1327 1031 omnes
1359 989 1561 1045 episcopi,
1591 997 1634 1032 et
1664 990 1724 1030 ita

252 1050 538 1091 celebraretur
566 1049 759 1106 synodus,
787 1051 977 1089 Romano
1007 1055 1049 1089 et
1091 1048 1251 1088 cunctis
1281 1047 1484 1102 episcopis
1518 1048 1724 1088 conveni-

252 1107 428 1158 entibus,
457 1113 500 1147 et
527 1107 737 1147 communi
771 1106 926 1146 iudicio
960 1105 1249 1160 probarentur
1280 1119 1388 1159 qiiae
1419 1103 1615 1145 adversus
1648 1119 1724 1145 or..

251 1163 455 1204 thodoxos
483 1169 579 1203 sunt
607 1171 891 1218 praesumpta.
950 1162 1094 1216 itaque
1134 1175 1230 1201 cum
1265 1160 1367 1201 haec
1397 1160 1631 1215 imperator
1659 1176 1725 1202 se-

251 1226 370 1260 natus
399 1227 441 1261 et
471 1220 622 1274 reliqui
656 1219 866 1273 principes
894 1219 1128 1273 populique
1168 1217 1372 1258 iurassent
1402 1224 1444 1259 et
1475 1218 1723 1259 confirmas-

63 1293 98 1327 p.
118 1279 188 1318 248
214 1282 338 1317 ssent
369 1276 425 1316 ita
455 1276 702 1328 fiendum*)‚
730 1276 839 1315 facta
871 1281 932 1315 est
959 1290 1052 1330 pax,
1080 1280 1122 1315 et
1151 1273 1202 1314 ad
1227 1273 1407 1328 propria
1438 1274 1578 1315 rediit.
1610 1275 1723 1316 Hor-

248 1332 376 1373 misda
411 1347 512 1372 vero
557 1333 764 1372 Romanus
792 1331 1009 1386 episcopus
1028 1362 1041 1382 ,
1073 1330 1269 1371 molestiis
1302 1331 1498 1386 fatigatus
1523 1347 1546 1371 a
1576 1331 1723 1372 Theo-

248 1388 396 1428 dorico
429 1387 638 1429 Vitaliano
669 1389 845 1440 favente,
877 1387 1120 1428 Ennodium
1153 1387 1400 1442 episcopum
1429 1387 1541 1429 misit
1571 1393 1614 1428 et
1643 1389 1723 1431 Vi..

248 1445 444 1485 talianum
479 1444 821 1486 archidiaconum
847 1445 899 1485 ad
927 1443 1135 1500 synodum
1164 1444 1464 1485 celebrandum
1495 1444 1609 1500 apud
1635 1446 1724 1486 He-

251 1501 432 1541 racliam.
487 1516 639 1543 venere
671 1509 810 1542 autem
836 1507 878 1542 et
895 1501 1083 1556 episcopi
1115 1515 1162 1542 ex
1194 1501 1364 1541 diversis
1395 1501 1494 1542 locis
1523 1502 1613 1543 fere
1642 1502 1724 1542 du-

250 1559 374 1609 centi,
406 1557 477 1612 qui
508 1557 612 1598 illusi
643 1559 694 1599 ab
727 1558 872 1614 iniquo
904 1558 1163 1613 imperatore
1193 1572 1241 1597 ac
1259 1558 1487 1599 Timotheo
1521 1559 1723 1614 episcopo

251 1614 713 1668 Constantinopolitano
745 1629 949 1656 recessere
971 1615 1218 1656 inefficaces.
1274 1614 1425 1670 impius
1444 1615 1616 1671 quidem
1645 1612 1724 1656 im-

250 1677 424 1724 perator
467 1678 589 1725 pacta
627 1672 932 1727 transgrediens
974 1671 1081 1711 clam
1121 1672 1331 1713 intimavit
1369 1673 1561 1713 Romano
1590 1688 1726 1728 papae

251 1742 303 1766 ne
334 1727 518 1767 veniret:
549 1727 718 1768 miserat
747 1729 1077 1769 enimVitaliano
1093 1743 1269 1779 sacram,
1300 1744 1387 1784 quo
1417 1725 1726 1771 transmitteret

250 1798 341 1823 eam
370 1784 567 1836 Romam,
612 1792 658 1824 ut
688 1800 798 1841 papa
827 1786 1173 1840 proficisceretur
1202 1784 1256 1824 ad
1282 1785 1581 1827 celebrandam
1609 1787 1723 1842 apud

250 1839 484 1880 Heracliam
517 1841 737 1896 synodum.
798 1842 928 1882 omnis
951 1850 1091 1883 autem
1118 1842 1302 1897 populus
1330 1849 1458 1899 atque
1486 1849 1648 1884 senatus
1681 1844 1723 1884 in

250 1896 485 1949 praesentia
523 1897 795 1939 maledicebat
836 1899 1050 1940 Anastasio
1089 1904 1291 1954 tanquam
1336 1900 1527 1955 periuro.
1585 1915 1723 1956 porro

249 1953 479 1994 Vitalianus
499 1953 731 2010 indignatus
752 1954 944 1996 adversus
963 1956 1224 1997 Anastasium
1241 1956 1297 1996 oh
1317 1957 1557 2012 periurium
1589 1958 1723 1998 multa

250 2009 358 2049 mala
398 2010 642 2050 exercitibus
680 2012 880 2052 Anastasii
909 2019 951 2054 et
993 2013 1183 2068 reliquae
1222 2013 1284 2054 rei
1317 2014 1511 2068 publicae
1543 2014 1723 2055 demon-

249 2065 425 2116 stravit,
469 2067 682 2119 occidens,
715 2068 901 2123 rapienS‚
946 2069 1068 2110 armis
1111 2083 1291 2122 exuenS,
1336 2075 1379 2112 et
1406 2078 1624 2126 postremo
1672 2070 1725 2111 ad

252 2121 450 2219 iniuJiam
490 2123 574 2164 eius
622 2138 963 2183 unumquemque
1023 2126 1199 2168 militem
1252 2141 1340 2168 uno
1381 2142 1507 2171 aereo
1549 2143 1723 2169 nummo

248 2192 326 2220 ven
362 2192 446 2219 ens,

65 2265 100 2300 p,
121 2253 192 2293 249
214 2256 238 2292 3
364 2250 510 2292 Mundi
528 2267 636 2293 anno
653 2251 776 2306 6008,
806 2254 971 2297 divinae
993 2257 1292 2299 incarnationis
1314 2272 1425 2299 anno
1446 2256 1543 2308 508,
1566 2257 1725 2309 Hunni,

252 2306 325 2362 qui
356 2308 555 2349 dicuntur
584 2310 746 2363 Saber,
790 2317 1052 2355 transeuntes
1089 2315 1255 2370 Caspias
1287 2321 1448 2370 portas,
1480 2316 1724 2356 Armeniam

250 2370 293 2404 et
325 2363 653 2419 Cappadociam,
687 2368 889 2408 Galatiam
920 2377 961 2410 et
990 2371 1175 2412 Pontum
1213 2372 1463 2427 depopulati
1501 2379 1624 2423 sunt,
1663 2371 1723 2412 ita

250 2425 299 2460 ut
331 2421 581 2461 Euchaitam
610 2437 782 2478 quoque
811 2426 1103 2478 pervaderent.
1172 2429 1283 2470 unde
1322 2435 1365 2469 et
1390 2429 1550 2484 fugiens
1577 2430 1723 2470 Mace-

250 2476 412 2529 donius,
441 2479 753 2533 propemodum
783 2482 1124 2536 perichtaturus,
1157 2487 1336 2525 salvatus
1375 2493 1436 2527 est
1462 2485 1575 2540 apud
1607 2487 1722 2525 Gan-

250 2547 356 2587 gras.
415 2549 500 2590 quo
539 2543 761 2590 comperto
805 2539 1034 2580 Anastasius
1079 2557 1220 2582 amare
1259 2542 1343 2582 illic
1382 2558 1478 2583 eum
1517 2541 1722 2582 custodiri

191 2638 194 2640 q
250 2592 487 2645 praecepit,
519 2592 715 2644 mittens,
759 2599 806 2634 ut
833 2595 964 2646 aiunt,
991 2595 1063 2652 qui
1091 2612 1186 2638 eum
1218 2599 1444 2640 occideret.
1502 2599 1722 2640 defunctus

299 2721 330 2768 '¹)
358 2721 527 2771 fiendum]
552 2724 776 2760 Flodoardus
803 2725 887 2761 hist.
907 2729 1004 2762 Rem.
1028 2732 1046 2765 1
1076 2732 1140 2767 13:
1167 2731 1401 2780 fiendumque
1422 2744 1459 2767 se
1474 2731 1721 2767 Christianum

344 2770 511 2851 {pvisset-
575 2773 659 2807 vide
700 2774 867 2810 Vossium
904 2775 951 2810 de
988 2775 1084 2812 vitiis
1124 2781 1299 2816 sermonis
1332 2784 1356 2818 4
1384 2784 1432 2819 30
1469 2781 1561 2815 cirea
1597 2780 1717 2815 finem.

376 2829 452 2851 ABR.
