1768 3268
254 198 346 249 ‘124
446 205 728 248 ANAs'rAsn
773 205 1032 248 msTofflA
1073 198 1492 248 ECCLEsms'ricA

237 324 329 378 *psis
361 324 467 362 facta
498 326 579 370 est;
610 335 789 376 cumque
817 321 927 375 apud
951 320 1184 375 Rheginum
1205 325 1318 369 esset,
1341 331 1578 372 pauperum
1609 319 1715 358 mul-

251 378 445 420 titudines
482 378 668 432 pecuniis
713 378 922 419 animavit.
979 393 1074 417 cum
1105 382 1243 417 autem
1279 380 1474 415 venatum
1508 382 1715 429 pergeret,

249 451 312 476 sus
341 434 534 476 silvestris
572 434 692 474 valde
730 434 895 489 grandis
932 434 1132 488 impetum
1175 437 1324 473 contra
1357 431 1574 472 Caesarem
1603 432 1716 472 fecit.

249 505 377 546 equus
407 505 507 532 vero
540 491 595 530 ob
630 497 841 532 terrorem
883 491 1072 531 miraculi
1111 487 1260 542 eiicere
1303 489 1523 529 Caesarem
1549 489 1717 529 niteba-

239 556 337 591 tur.
410 546 563 588 diutius
604 562 704 602 ergo
746 548 1021 587 tumultuatus
1061 547 1276 586 Caesarem
1322 545 1478 586 iactare
1513 545 1714 600 nequivit.

251 605 393 659 itaque
420 619 486 645 sus
516 619 539 644 a
572 605 733 644 nemine
762 603 968 657 accipiens
1002 604 1130 643 letum
1158 602 1360 643 abscessit.
1393 601 1434 641 in
1467 601 1715 642 Perinthum

250 666 470 715 praeterea
498 660 663 715 navigio
697 660 776 701 iter
804 660 972 709 faciens,
1007 660 1137 700 ventis
1167 658 1480 700 vehementibus
1502 664 1546 699 et
1574 658 1715 712 pluvia

251 719 357 757 sacta
391 717 606 771 nautisque
633 716 947 770 desperantibus
975 715 1127 770 scapha
1169 714 1436 770 imperatoris
1467 716 1717 768 asportaba-

250 779 334 824 tur,
370 773 426 814 ita
454 779 501 813 ut
531 773 745 828 inopinate
775 773 906 812 salvus
937 773 990 813 ad
1022 772 1176 823 locum,
1205 772 1277 827 qui
1306 771 1463 812 dicitur
1490 772 1715 823 Daonium,

250 830 315 869 vix
346 830 519 870 veniret.
589 835 711 869 nocte
750 844 851 870 vero
890 829 960 869 illa
1001 828 1244 869 muliercula
1289 829 1483 883 pariebat
1524 834 1567 868 ct
1593 843 1717 874 voces

251 886 498 926 miserabiles
527 886 764 934 emittebat;
795 900 974 941 cumque
994 900 1115 926 mane
1136 886 1292 926 factum
1311 885 1468 934 fuisset,
1502 884 1613 925 misit
1637 886 1717 925 im..

250 948 425 996 perator
467 942 608 983 videre
645 940 746 997 quid
784 949 887 983 esset
930 942 1045 998 quod
1090 942 1312 983 acciderat.
1381 948 1424 983 et
1465 942 1718 983 invenerunt

249 1013 430 1052 puerum
459 1005 615 1053 natum,
645 998 867 1039 oculorum
898 1004 940 1039 et
968 999 1267 1054 palpebrarum
1296 1005 1518 1050 exsortem,
1547 1013 1718 1039 manus-

250 1069 332 1110 que
360 1070 407 1096 ac
442 1055 612 1096 brachia
648 1068 732 1094 non
760 1054 1005 1100 habentemz
1049 1071 1073 1096 a
1119 1055 1260 1096 lumbo
1295 1060 1435 1096 autem
1477 1062 1570 1096 erat
1600 1055 1638 1096 ei
1668 1062 1718 1096 ut

248 1111 378 1152 cauda
408 1112 527 1166 piscis
559 1111 808 1152 naturaliter
834 1111 1019 1152 haerens.
1093 1127 1178 1167 quo
1211 1112 1297 1153 viso
1324 1112 1561 1167 imperator
1587 1126 1716 1166 prae-

116 1166 361 1222 p-414cepit
392 1174 438 1207 ut
466 1167 743 1210 occideretur.
823 1167 901 1208 hac
941 1168 1121 1224 denique
1162 1168 1231 1210 die
1269 1169 1538 1223 imperatoris
1569 1184 1716 1224 equus,

248 1224 319 1279 qui
347 1238 474 1266 aureo
505 1224 785 1265 circumdatus
830 1231 920 1265 erat
962 1232 1144 1277 ornatu,
1174 1231 1350 1280 repente
1379 1226 1521 1267 scissus
1550 1232 1611 1267 est
1639 1240 1717 1266 ca·-

245 1280 353 1321 dens.
390 1288 551 1322 atvero
574 1281 806 1335 imperator
826 1281 888 1322 his
911 1282 1103 1323 omnibus
1138 1288 1364 1338 auguratus
1381 1287 1417 1330 ἢ
1450 1283 1579 1323 tristis
1608 1288 1716 1327 erat.

244 1343 409 1391 postera
432 1351 600 1392 quoque
632 1337 698 1378 die
727 1337 807 1377 viri
834 1343 918 1378 tres
950 1339 1134 1380 Sclavini
1155 1354 1323 1395 genere,
1358 1339 1416 1379 nil
1437 1339 1596 1395 aliquid
1629 1340 1718 1380 fer-

245 1408 362 1434 reum
399 1393 650 1444 baiulantes,
693 1409 715 1433 a
745 1394 943 1436 Romanis
990 1396 1150 1437 detenti
1179 1402 1300 1448 sunt,
1343 1395 1522 1437 citharas
1552 1401 1718 1436 tantum

239 1449 434 1490 serentes.
505 1450 736 1505 imperator
782 1458 923 1492 autem
967 1452 1259 1508 interrogabat
1301 1459 1388 1494 tam
1431 1453 1544 1494 unde
1587 1459 1720 1494 essent

243 1521 367 1561 quam
400 1507 569 1548 ubinam
599 1507 803 1548 habitatio
847 1523 999 1549 corum
1043 1510 1251 1551 existeret.
1325 1510 1399 1566 qui
1436 1524 1587 1564 genere
1618 1510 1716 1564 qui-

242 1562 335 1602 dem
366 1564 480 1604 aiunt
510 1578 551 1603 se
579 1579 662 1605 esse
688 1564 929 1617 Sclavinos‚
971 1566 1082 1607 circa
1125 1567 1251 1608 finem
1295 1582 1399 1608 vero
1433 1565 1716 1607 Occidentalis

242 1617 432 1660 habitare
462 1620 632 1661 Oceani.
696 1621 925 1676 chaganum
956 1630 1097 1664 autem
1134 1623 1186 1664 ad
1215 1638 1257 1664 se
1286 1623 1540 1680 legationem
1562 1624 1715 1664 misisse

241 1682 283 1715 ct
312 1691 483 1716 munera
510 1677 768 1732 principibus
796 1680 927 1733 gentis
959 1695 1056 1721 suae
1084 1679 1309 1721 auxiliandi
1338 1681 1415 1721 sibi
1445 1687 1596 1721 contra
1626 1681 1716 1721 Ro..

239 1746 398 1772 manos.
459 1734 687 1774 taxiarchas
718 1741 856 1775 autem
882 1750 976 1777 suos
1007 1737 1201 1779 direxisse
1231 1737 1440 1778 rationem
1469 1737 1714 1779 reddituros

240 1787 450 1843 chagano,
493 1791 591 1845 quia
632 1806 713 1831 non
755 1800 932 1846 possunt
974 1801 1158 1849 propter
1202 1794 1509 1849 longitudinem
1553 1794 1714 1835 itineris

236 1845 408 1886 mittere
437 1846 497 1886 illi
526 1847 739 1888 auxilium:
789 1849 933 1891 decem
962 1851 1074 1892 enim
1112 1857 1153 1892 et
1186 1857 1283 1892 octo
1315 1866 1473 1892 menses
1503 1866 1714 1893 assevera-

239 1901 342 1941 bant
374 1902 414 1940 in
455 1902 604 1944 itinere
642 1919 682 1944 se
712 1905 879 1957 fecisse,
923 1913 965 1948 et
1012 1908 1069 1948 ita
1099 1909 1309 1949 Romanos
1356 1907 1517 1949 adiisse.
1575 1922 1715 1962 porro

240 1956 420 1998 citharas
450 1959 562 2000 ferre
592 1965 789 2016 tanquam
822 1977 905 2004 non
937 1964 1122 2006 videntes
1153 1980 1407 2021 quemquam
1432 1979 1609 2006 suorum
1641 1980 1715 2005 ar-

241 2015 314 2053 mis
347 2014 549 2067 indutum,
579 2018 750 2072 regione
778 2033 846 2058 sua
878 2020 979 2075 quid
1009 2022 1170 2062 ferrum
1201 2023 1254 2062 sit
1284 2022 1518 2078 ignorante.
1577 2023 1716 2076 impe-

241 2077 362 2110 rator
404 2079 543 2113 autem
590 2080 672 2114 tam
721 2080 896 2116 aetatem
935 2077 1143 2126 admirans
1187 2094 1315 2135 quam
1358 2080 1486 2120 moles
1517 2078 1716 2133 corporis

240 2141 388 2166 corum
422 2128 670 2181 collatitiam,
699 2129 773 2170 hos
806 2132 1040 2174 Heracliam
1073 2135 1198 2175 misit.
1280 2151 1376 2176 cum
1408 2143 1547 2176 autem
1578 2135 1717 2176 venis-

238 2189 298 2246 set
329 2184 380 2223 ad
407 2186 645 2237 maritima,
686 2194 726 2227 et
758 2187 963 2231 didicisset
993 2192 1109 2247 quod
1141 2192 1265 2247 legati
1294 2193 1520 2234 Persarum
1550 2193 1716 2247 Byzan-

240 2244 345 2280 tium
374 2246 505 2296 atque
536 2243 800 2285 Francorum
826 2247 1044 2298 venissent,
1078 2249 1131 2289 ad
1159 2249 1316 2305 regalia
1347 2249 1565 2293 remeavit.

107 2324 225 2371 psus)
353 2324 529 2366 Decimo
563 2326 727 2381 imperii
742 2330 934 2372 Mauricii
967 2348 1076 2374 anno
1113 2334 1319 2391 chaganus
1363 2334 1597 2390 quaerebat
1643 2348 1719 2373 au-

241 2387 404 2444 gmenta
450 2388 674 2437 pactorum
713 2386 918 2440 accipere.
979 2390 1212 2444 imperator
1240 2407 1342 2432 vero
1370 2406 1583 2432 sermones
1612 2390 1720 2430 bar-

243 2436 331 2475 bari
364 2451 446 2478 non
479 2440 653 2493 recepit,
680 2446 721 2481 ct
749 2442 907 2483 idcirco
939 2442 1143 2501 chaganus
1175 2449 1329 2488 iterum
1358 2448 1516 2489 bellum
1544 2447 1644 2502 agit,
1673 2451 1716 2486 et

240 2491 424 2535 devastat
456 2495 739 2550 Singidoncm‚
773 2506 813 2539 et
842 2508 977 2541 castra
1009 2510 1157 2544 contra
1188 2506 1391 2546 Sirmium
1422 2510 1581 2545 movet.
1633 2504 1717 2543 im·-

238 2556 413 2613 perator
443 2558 581 2592 autem
612 2561 853 2607 praetorem
886 2558 1085 2613 Europae
1127 2562 1317 2602 Priscum
1347 2568 1479 2605 creat.
1538 2567 1582 2601 at
1611 2573 1715 2599 vero

236 2604 398 2647 Priscus
428 2607 667 2648 Salvianum
706 2612 1028 2665 subpraetorem
1067 2617 1223 2658 factum
1255 2631 1539 2673 praecurrere
1569 2616 1717 2662 iussim

234 2667 276 2702 et
307 2670 456 2704 contra
490 2665 694 2707 barbaros
724 2669 999 2722 procedentes
1047 2672 1202 2714 bellum
1251 2676 1424 2726 ineunt,
1466 2679 1509 2716 et
1536 2674 1714 2714 vincunt

284 2825 314 2867 '¹)
343 2826 551 2870 auguriatus
578 2828 658 2863 cod.
685 2829 843 2864 Gruteri.
