1794 3250
275 182 372 228 292
765 187 821 228 IN
859 183 1232 227 THEOPHANEM

271 321 378 355 sem,
427 317 478 344 ne
520 303 740 371 impietatis
789 320 1037 357 amesseae,
1083 304 1316 346 Christiane
1355 304 1519 351 lector,
1550 303 1741 344 verebar.

271 363 500 401 vei-bolum
541 362 669 427 igitur
699 362 910 430 ipsorum,
955 359 1206 416 Θεοφάνους
1232 357 1490 412 ἁμαρτω)οῦ
1519 359 1629 410 vice,
1661 361 1746 399 τοῦ

268 420 313 457 ἐν
345 415 479 470 ἁγίοις
509 416 670 469 πατρὸς
697 418 819 471 ἡμῶν
848 418 1183 459 substituendum
1213 424 1326 457 ratus
1355 431 1461 456 sum.
1521 429 1579 456 ms
1608 417 1741 457 codex

269 488 316 514 ex
351 488 435 528 quo
477 474 666 528 reliqua,
711 475 822 514 nulla
860 475 1096 515 mutatione
1126 474 1324 523 inducti,
1355 473 1574 526 desumpsi,
1602 486 1675 527 reg
1679 472 1740 513 ius

268 536 340 582 est,
371 544 495 569 manu
519 530 647 594 ,fideli'
678 530 873 586 antiqua,
916 537 958 571 et
985 531 1166 585 przobita
1198 545 1294 571 exal
1297 537 1385 569 itus
1404 559 1416 580 ,
1447 534 1488 569 et
1517 529 1569 568 ad
1589 529 1739 569 Leonis

269 585 544 642 grammatici,
579 586 970 651 quiTheophanem
1002 588 1204 642 sequitur,
1237 595 1282 627 ut
1308 585 1584 639 Theophanes
1599 586 1738 625 Geor.

267 645 379 698 gium
410 643 647 698 Syncellum
686 644 856 697 excipit,
898 643 1255 697 compaiationem
1298 643 1504 696 inspectus
1537 656 1582 681 ex
1610 645 1740 681 Ama-

267 699 428 739 nuensis
458 699 727 750 testimonio,
759 706 856 740 ante
885 715 1012 740 annos
1040 706 1251 740 sexcentos
1298 706 1338 738 et
1367 698 1541 752 amplius
1574 696 1735 737 descri-

264 761 358 810 ptus
377 755 630 808 agnoscitur.
665 756 807 796 asserti
836 756 956 798 huius
976 771 1023 796 ar
1026 763 1206 811 gument·
1208 773 1221 796 ι
1243 756 1495 811 protulimus
1521 753 1573 794 ad
1594 755 1736 794 Geor..

265 812 320 867 gii
351 811 531 867 Syncelli
560 812 878 866 praefationem.

396 877 448 929 3,
491 880 528 919 2.
604 877 883 932 Θεοφάνους]
928 893 1012 919 non
1065 893 1169 920 unus
1208 877 1483 933 Theophanes
1534 876 1735 918 historiae

264 935 477 975 Romanae
506 936 571 975 vel
599 936 848 991 Byzantinae
881 935 1088 990 scriptor,
1119 941 1191 975 aut
1225 935 1350 975 etiam
1375 934 1601 989 praesentis
1630 947 1736 987 ope-

262 992 316 1031 ris
350 992 515 1032 auctori
556 1005 760 1057 coaevust,
807 991 872 1032 vel
901 1006 1069 1046 suppar.
1142 991 1446 1046 antiquissimus
1476 997 1537 1031 est
1565 989 1733 1044 Mityle..

260 1062 384 1087 naeus
414 1048 606 1102 Pompeii
645 1049 701 1088 M.
735 1048 775 1087 in
806 1047 961 1089 bellicis
1001 1048 1334 1102 expeditionibus
1365 1047 1491 1097 miles,
1522 1051 1565 1086 et
1593 1053 1734 1100 gesto..

260 1119 356 1143 rum
385 1105 496 1144 testis
527 1118 575 1144 ac
603 1119 758 1158 praeco
778 1134 789 1155 ,
831 1120 854 1143 a
896 1103 1043 1145 Vossio
1075 1105 1126 1144 de
1157 1103 1365 1143 histmicis
1406 1103 1576 1143 Graecis
1605 1102 1676 1144 lib.
1711 1103 1731 1142 1

258 1174 347 1214 cap.
380 1160 432 1200 23
477 1167 743 1201 memoratus.
813 1160 1015 1200 secundus
1064 1166 1219 1214 poeta,
1256 1160 1371 1200 cuius
1401 1173 1558 1214 paucos
1591 1173 1733 1199 versus

258 1216 499 1271 anthologia
533 1216 699 1257 exhibet
729 1216 796 1256 lib.
827 1216 853 1257 3
880 1222 978 1257 sect.
1010 1215 1048 1256 3.
1118 1217 1225 1258 ilter
1253 1217 1475 1272 Byzantius
1503 1214 1732 1270 Theopha-

257 1287 326 1313 nes
363 1273 507 1314 Iustini
535 1273 706 1314 secundi
745 1273 901 1313 bellum
939 1272 1181 1324 Persicum,
1210 1275 1501 1328 Romanasque
1530 1286 1611 1325 res,
1641 1285 1732 1323 suo,

259 1329 301 1369 id
332 1335 406 1381 est,
437 1330 581 1370 Iustini
610 1335 824 1384 tempore,
855 1330 955 1368 olim
982 1329 1099 1381 visas,
1130 1330 1244 1370 libris
1276 1329 1445 1378 decem,
1479 1343 1584 1384 quos
1612 1328 1731 1368 Pho-

255 1386 335 1426 tius
367 1386 576 1440 perlectos
617 1392 847 1436 memorit,
892 1386 1056 1442 scriptis
1100 1386 1372 1441 consignavit.
1443 1391 1615 1440 qualtus
1661 1384 1731 1425 hic

255 1449 406 1482 auctor
435 1448 589 1495 noster,
623 1443 749 1482 etiam
763 1443 984 1498 Byzantius
999 1443 1252 1498 Byzantinae
1283 1441 1480 1483 historiae
1510 1457 1533 1482 a
1561 1441 1732 1482 Diocle-

256 1499 369 1539 tiano
401 1499 454 1539 ad
486 1476 731 1539 Michaelem
775 1499 1003 1552 Nicepholi
1041 1513 1243 1553 generum
1273 1499 1487 1553 scriptor,
1522 1497 1730 1552 Georgius

249 1555 433 1605 nomine,
463 1555 713 1610 cognomine
731 1555 1019 1609 TheophaneS,
1051 1555 1167 1610 quod
1198 1556 1371 1610 Georgii
1400 1554 1582 1610 Syncelli
1610 1553 1730 1594 fami-

251 1611 363 1651 liaris
394 1611 590 1662 extiterit,
619 1619 660 1651 et
692 1611 776 1651 eius
795 1612 1163 1676 chronographiae
1188 1613 1474 1663 continuator,
1504 1625 1729 1666 perperam

248 1667 410 1717 vossio,
442 1643 614 1722 aliisqiie
646 1683 730 1707 non
760 1667 939 1708 indoctis
970 1668 1081 1718 viris,
1114 1669 1184 1711 lib.
1199 1669 1224 1708 2
1255 1683 1347 1722 cap.
1370 1665 1424 1708 24
1453 1673 1727 1722 nuncupatus.

248 1723 350 1764 alius
383 1724 536 1763 iterum
568 1725 649 1763 hoc
682 1731 827 1764 nostro
851 1723 1124 1778 sheophanes
1158 1724 1300 1765 iunior
1329 1724 1530 1764 Nicaenus
1562 1724 1730 1778 episco-

248 1794 326 1834 pus
352 1779 571 1820 Theodori
607 1781 754 1829 frater,
790 1787 832 1820 et
862 1795 958 1819 cum
987 1795 1037 1820 eo
1067 1787 1308 1821 sanctorum
1335 1780 1559 1834 imaginum
1591 1780 1727 1820 cultus

250 1835 420 1886 defensi,
451 1836 500 1875 ab
534 1837 660 1890 impio
693 1835 929 1889 Theophilo
961 1851 1055 1876 reus
1083 1837 1387 1890 pronunciatus
1407 1868 1417 1886 ‚
1444 1836 1624 1892 κεντηπῑί
1652 1837 1730 1887 με’·
1764 1865 1765 1868 =

249 1894 347 1932 λανι
379 1893 598 1942 litteratus,
634 1893 785 1946 ingenii
815 1892 997 1947 fideique
1026 1899 1297 1933 monumenta
1328 1892 1499 1948 reliquit
1529 1892 1729 1933 laudatis—

249 1948 367 1999 sima,
399 1964 421 1988 a
450 1949 672 1988 Possevino
719 1950 934 1988 recensita.
1010 1949 1267 1990 coaetaneus
1300 1950 1406 1989 alter
1435 1948 1727 2002 Theophanes,

249 2011 290 2045 et
332 2005 637 2044 monachorum
677 2004 813 2054 (haud
844 2005 1184 2057 nominatorum)
1230 2006 1498 2060 praepositus
1542 2005 1618 2045 sub
1646 2005 1727 2045 Mi-

249 2061 391 2101 chaele
420 2061 643 2114 Theophili
676 2061 762 2100 filio
781 2090 792 2110 ,
824 2062 940 2101 cuius
982 2076 1086 2115 opus
1116 2062 1156 2102 in
1198 2062 1425 2116 Nicephori
1454 2061 1726 2116 patriarchae

250 2118 433 2168 exilium,
467 2123 509 2157 et
529 2117 803 2172 reliquiarum
833 2118 917 2158 eius
939 2118 1255 2159 translationem
1272 2116 1726 2171 refertMetaphrastes,

251 2179 293 2213 et
315 2188 362 2214 ex
390 2189 440 2215 eo
461 2174 607 2214 surius
637 2173 779 2213 martii
811 2173 877 2213 die
906 2173 1215 2218 decimotertio.
1272 2174 1470 2229 septimus
1499 2173 1726 2228 Theopha-

249 2245 319 2270 nes
351 2229 535 2271 eiusdem
565 2245 658 2269 cum
688 2230 836 2270 Basilio
860 2231 1087 2270 Macedone
1109 2230 1320 2272 Michaelis
1350 2245 1586 2271 successore
1617 2236 1728 2270 tem—

249 2287 378 2340 poris,
400 2288 619 2327 Cerameus
641 2291 714 2336 est,
735 2286 809 2326 jue
830 2288 1206 2327 'tauromenitanus
1236 2287 1424 2341 praesul:
1457 2287 1509 2327 de
1539 2300 1623 2341 quo
1654 2301 1727 2326 ac..

250 2349 409 2395 curate,
438 2343 510 2397 qui
530 2357 658 2397 opera
689 2343 774 2382 eius
795 2344 834 2381 in
858 2343 1070 2395 publicum
1089 2345 1309 2399 evulgavit,
1331 2343 1576 2384 Franciscus
1598 2343 1727 2382 Scor-

249 2414 330 2441 suS.
386 2400 513 2439 alium
556 2413 697 2438 luisus
742 2399 894 2438 amicus
927 2407 968 2438 et
1003 2400 1236 2439 litteraium
1269 2415 1406 2440 amans
1436 2402 1523 2440 Leo
1554 2399 1726 2439 Allatius

247 2455 434 2510 suggerit
473 2455 664 2495 familiari
710 2455 883 2508 epistoh
922 2470 967 2494 ex
998 2456 1159 2496 Ioinnis
1203 2458 1417 2498 cuiusdam
1455 2470 1629 2510 magnae
1658 2455 1724 2495 dei

248 2511 444 2552 ecclesiae
474 2511 640 2551 diaconi
670 2518 712 2551 et
744 2511 925 2551 rhetoris
954 2513 1112 2565 seiiplo
1147 2512 1207 2560 εἰς
1235 2510 1306 2553 τὸν
1337 2513 1431 2565 βίον
1455 2488 1618 2580 Ἰωσήφ
1646 2511 1725 2551 τοῦ

248 2563 539 2632 ὑμνογροὶφου.
615 2568 700 2607 eius
728 2567 857 2607 verba
898 2566 1016 2607 haec.
1062 2566 1274 2621 Θεοφάνει
1312 2570 1392 2618 μὲν
1434 2561 1508 2608 οὖν
1535 2581 1615 2608 τινι
1645 2566 1723 2606 τοῦ

247 2619 369 2674 ἱεροῦ
398 2623 707 2692 πρεσβυτερίου
749 2623 987 2677 ἠξιωμένοι,
1016 2638 1084 2662 και
1122 2623 1177 2679 τῷ
1205 2624 1414 2690 καταλέγῃ)
1445 2622 1722 2691 ἠριθμημένῳ

247 2678 328 2719 τῶν
346 2693 556 2743 μοναχων
585 2675 607 2718 ὅ
637 2676 728 2731 βίος
759 2678 885 2718 roffae
914 2680 991 2718 τοῦ
1019 2680 1233 2746 μακαρίου
1256 2679 1498 2729 πεηόιηται.
1557 2692 1608 2718 ου
1638 2675 1724 2730 μὴν

249 2732 358 2774 αλλὰ
391 2733 640 2786 ηαρέδραμε
674 2735 823 2776 τοῦτον
842 2732 987 2787 πολλά
1018 2730 1081 2776 ὅτι
1110 2734 1212 2775 κατὰ
1243 2734 1434 2788 σπουὸην
1457 2734 1599 2802 ἐκείνῳ
1620 2749 1722 2773 συν-

248 2786 471 2846 εξυφάνθη
513 2787 558 2832 τὸ
592 2788 785 2846 πόνημα·
860 2790 1008 2844 ἀμέλει
1047 2805 1116 2833 και
1159 2787 1220 2841 οἷς
1248 2790 1400 2840 ἐκεῖνος
1431 2788 1506 2834 τοῦ
1532 2774 1723 2843 μα’καρος
