<?xml version="1.0" encoding="UTF-8"?>
<!DOCTYPE html PUBLIC "-//W3C//DTD XHTML 1.0 Transitional//EN"
    "http://www.w3.org/TR/xhtml1/DTD/xhtml1-transitional.dtd">
<html xmlns="http://www.w3.org/1999/xhtml" xml:lang="en" lang="en">
 <head>
  <title>
</title>
<meta http-equiv="Content-Type" content="text/html;charset=utf-8" />
  <meta name='ocr-system' content='tesseract 3.04.00' />
  <meta name='ocr-capabilities' content='ocr_page ocr_carea ocr_par ocr_line ocrx_word'/>
</head>
<body>
  <div class='ocr_page' id='page_1' title='image "./corpusscriptorum47niebuoft_0466.png"; bbox 0 0 1728 3184; ppageno 0'>
   <div class='ocr_carea' id='block_1_1' title="bbox 228 170 1188 226">
    <p class='ocr_par' dir='ltr' id='par_1_1' title="bbox 228 170 1188 226">
     <span class='ocr_line' id='line_1_1' title="bbox 228 170 1188 226; baseline 0.001 -6"><span class='ocrx_word' id='word_1_1' title='bbox 228 170 326 226; x_wconf 75' lang='lat'><strong>450</strong></span> <span class='ocrx_word' id='word_1_2' title='bbox 717 182 773 223; x_wconf 80' lang='grc' dir='ltr'><strong>ιΝ</strong></span> <span class='ocrx_word' id='word_1_3' title='bbox 814 180 1188 224; x_wconf 70' lang='grc' dir='ltr'>ΤΗΕΟΡΗΑΝΕΜ</span> 
     </span>
    </p>
   </div>
   <div class='ocr_carea' id='block_1_2' title="bbox 224 292 1714 691">
    <p class='ocr_par' dir='ltr' id='par_1_2' title="bbox 224 292 1714 690">
     <span class='ocr_line' id='line_1_2' title="bbox 341 292 1714 350; baseline 0 -15"><span class='ocrx_word' id='word_1_4' title='bbox 341 293 438 346; x_wconf 82' lang='grc'><strong>367,</strong></span> <span class='ocrx_word' id='word_1_5' title='bbox 453 292 493 334; x_wconf 80' lang='grc' dir='ltr'><strong>ὃ.</strong></span> <span class='ocrx_word' id='word_1_6' title='bbox 549 294 767 348; x_wconf 74' lang='grc' dir='ltr'><strong>Βερωΐαν,</strong></span> <span class='ocrx_word' id='word_1_7' title='bbox 785 311 854 336; x_wconf 83' lang='grc' dir='ltr'><strong>και</strong></span> <span class='ocrx_word' id='word_1_8' title='bbox 873 297 1079 350; x_wconf 71' lang='grc' dir='ltr'><em>Βρίγκας]</em></span> <span class='ocrx_word' id='word_1_9' title='bbox 1106 297 1321 337; x_wconf 86' lang='lat' dir='ltr'><strong>Cedrenus</strong></span> <span class='ocrx_word' id='word_1_10' title='bbox 1344 302 1556 337; x_wconf 64' lang='lat' dir='ltr'><strong>errantem</strong></span> <span class='ocrx_word' id='word_1_11' title='bbox 1569 297 1714 337; x_wconf 67' lang='lat' dir='ltr'><strong>Theo„</strong></span> 
     </span>
     <span class='ocr_line' id='line_1_3' title="bbox 227 349 1714 408; baseline 0.001 -18.021"><span class='ocrx_word' id='word_1_12' title='bbox 227 349 409 406; x_wconf 85' lang='lat' dir='ltr'><strong>phanem</strong></span> <span class='ocrx_word' id='word_1_13' title='bbox 441 350 623 391; x_wconf 79' lang='lat' dir='ltr'><strong>imitatus</strong></span> <span class='ocrx_word' id='word_1_14' title='bbox 650 352 828 406; x_wconf 83' lang='grc' dir='ltr'>Βιριάν,</span> <span class='ocrx_word' id='word_1_15' title='bbox 861 368 930 393; x_wconf 83' lang='grc' dir='ltr'><strong>και</strong></span> <span class='ocrx_word' id='word_1_16' title='bbox 950 354 1231 404; x_wconf 71' lang='lat' dir='ltr'><strong>B91&#39;yxag.ex</strong></span> <span class='ocrx_word' id='word_1_17' title='bbox 1259 367 1345 406; x_wconf 85' lang='lat' dir='ltr'><strong>quo</strong></span> <span class='ocrx_word' id='word_1_18' title='bbox 1376 353 1546 393; x_wconf 83' lang='lat' dir='ltr'><strong>Brincas</strong></span> <span class='ocrx_word' id='word_1_19' title='bbox 1577 369 1714 408; x_wconf 88' lang='lat' dir='ltr'><strong>quan..</strong></span> 
     </span>
     <span class='ocr_line' id='line_1_4' title="bbox 227 407 1714 464; baseline 0.002 -17"><span class='ocrx_word' id='word_1_20' title='bbox 227 408 324 447; x_wconf 88' lang='lat' dir='ltr'><strong>dam</strong></span> <span class='ocrx_word' id='word_1_21' title='bbox 356 407 500 448; x_wconf 85' lang='lat' dir='ltr'><strong>ltaliae</strong></span> <span class='ocrx_word' id='word_1_22' title='bbox 540 408 751 448; x_wconf 85' lang='lat' dir='ltr'><strong>civitatem</strong></span> <span class='ocrx_word' id='word_1_23' title='bbox 786 409 887 449; x_wconf 86' lang='lat' dir='ltr'><strong>falso</strong></span> <span class='ocrx_word' id='word_1_24' title='bbox 933 410 1136 449; x_wconf 79' lang='lat' dir='ltr'><strong>aestimat.</strong></span> <span class='ocrx_word' id='word_1_25' title='bbox 1176 409 1413 449; x_wconf 83' lang='lat' dir='ltr'><strong>Anastasius</strong></span> <span class='ocrx_word' id='word_1_26' title='bbox 1453 409 1714 464; x_wconf 81' lang='lat' dir='ltr'>Theophane</span> 
     </span>
     <span class='ocr_line' id='line_1_5' title="bbox 227 464 1712 530; baseline 0.003 -27"><span class='ocrx_word' id='word_1_27' title='bbox 227 465 481 516; x_wconf 85' lang='lat' dir='ltr'><strong>correctior,</strong></span> <span class='ocrx_word' id='word_1_28' title='bbox 513 464 754 515; x_wconf 83' lang='lat' dir='ltr'>Veronam,</span> <span class='ocrx_word' id='word_1_29' title='bbox 779 473 819 506; x_wconf 82' lang='lat' dir='ltr'><strong>et</strong></span> <span class='ocrx_word' id='word_1_30' title='bbox 851 466 1032 505; x_wconf 69' lang='lat' dir='ltr'><strong>Enixi-im</strong></span> <span class='ocrx_word' id='word_1_31' title='bbox 1074 466 1273 530; x_wconf 74' lang='lat' dir='ltr'><strong>ieposuit.</strong></span> <span class='ocrx_word' id='word_1_32' title='bbox 1343 466 1548 507; x_wconf 88' lang='lat' dir='ltr'><strong>victoriae</strong></span> <span class='ocrx_word' id='word_1_33' title='bbox 1575 481 1712 520; x_wconf 88' lang='lat' dir='ltr'><strong>porro</strong></span> 
     </span>
     <span class='ocr_line' id='line_1_6' title="bbox 225 522 1713 577; baseline 0.002 -17"><span class='ocrx_word' id='word_1_34' title='bbox 225 522 425 561; x_wconf 89' lang='lat' dir='ltr'><strong>nuncium</strong></span> <span class='ocrx_word' id='word_1_35' title='bbox 453 535 590 561; x_wconf 90' lang='lat' dir='ltr'><strong>mense</strong></span> <span class='ocrx_word' id='word_1_36' title='bbox 620 523 848 562; x_wconf 84' lang='lat' dir='ltr'><strong>Novembri</strong></span> <span class='ocrx_word' id='word_1_37' title='bbox 896 523 1067 562; x_wconf 86' lang='lat' dir='ltr'><strong>allatum</strong></span> <span class='ocrx_word' id='word_1_38' title='bbox 1110 522 1319 572; x_wconf 67' lang='lat' dir='ltr'><strong>conficies,</strong></span> <span class='ocrx_word' id='word_1_39' title='bbox 1350 537 1398 563; x_wconf 90' lang='lat' dir='ltr'><strong>ac</strong></span> <span class='ocrx_word' id='word_1_40' title='bbox 1428 538 1567 577; x_wconf 83' lang='lat' dir='ltr'><strong>nuper</strong></span> <span class='ocrx_word' id='word_1_41' title='bbox 1595 523 1713 564; x_wconf 84' lang='lat' dir='ltr'><strong>obie-</strong></span> 
     </span>
     <span class='ocr_line' id='line_1_7' title="bbox 225 577 1712 634; baseline 0.001 -16"><span class='ocrx_word' id='word_1_42' title='bbox 225 585 336 618; x_wconf 82' lang='lat' dir='ltr'>ctam</span> <span class='ocrx_word' id='word_1_43' title='bbox 366 577 544 632; x_wconf 83' lang='lat' dir='ltr'><strong>replebis</strong></span> <span class='ocrx_word' id='word_1_44' title='bbox 574 577 789 628; x_wconf 80' lang='lat' dir='ltr'><strong>lacunam,</strong></span> <span class='ocrx_word' id='word_1_45' title='bbox 834 579 948 632; x_wconf 88' lang='lat' dir='ltr'><strong>quod</strong></span> <span class='ocrx_word' id='word_1_46' title='bbox 981 578 1157 619; x_wconf 86' lang='lat' dir='ltr'><strong>eundem</strong></span> <span class='ocrx_word' id='word_1_47' title='bbox 1189 594 1370 619; x_wconf 84' lang='lat' dir='ltr'><strong>mensem</strong></span> <span class='ocrx_word' id='word_1_48' title='bbox 1403 579 1483 618; x_wconf 85' lang='lat' dir='ltr'><strong>iam</strong></span> <span class='ocrx_word' id='word_1_49' title='bbox 1521 581 1712 634; x_wconf 88' lang='lat' dir='ltr'><strong>superius</strong></span> 
     </span>
     <span class='ocr_line' id='line_1_8' title="bbox 224 634 1711 691; baseline 0.001 -16"><span class='ocrx_word' id='word_1_50' title='bbox 224 641 377 676; x_wconf 79' lang='lat' dir='ltr'><strong>auctor</strong></span> <span class='ocrx_word' id='word_1_51' title='bbox 411 634 618 685; x_wconf 81' lang='lat' dir='ltr'><strong>citaverit,</strong></span> <span class='ocrx_word' id='word_1_52' title='bbox 649 636 928 675; x_wconf 82' lang='lat' dir='ltr'><strong>Decembrem</strong></span> <span class='ocrx_word' id='word_1_53' title='bbox 957 636 1085 690; x_wconf 87' lang='lat' dir='ltr'><strong>paulo</strong></span> <span class='ocrx_word' id='word_1_54' title='bbox 1117 636 1290 676; x_wconf 77' lang='lat' dir='ltr'><strong>infciius</strong></span> <span class='ocrx_word' id='word_1_55' title='bbox 1323 635 1612 691; x_wconf 78' lang='lat' dir='ltr'><strong>designaturus</strong></span> <span class='ocrx_word' id='word_1_56' title='bbox 1643 637 1711 677; x_wconf 89' lang='lat' dir='ltr'><strong>sit.</strong></span> 
     </span>
    </p>
   </div>
   <div class='ocr_carea' id='block_1_3' title="bbox 216 704 1712 1227">
    <p class='ocr_par' dir='ltr' id='par_1_3' title="bbox 216 704 1711 1102">
     <span class='ocr_line' id='line_1_9' title="bbox 335 704 1710 763; baseline 0.001 -15"><span class='ocrx_word' id='word_1_57' title='bbox 335 707 549 749; x_wconf 84' lang='lat' dir='ltr'><strong>Ibid.11.</strong></span> <span class='ocrx_word' id='word_1_58' title='bbox 608 704 691 747; x_wconf 75' lang='grc' dir='ltr'><strong>ἀπὸ</strong></span> <span class='ocrx_word' id='word_1_59' title='bbox 738 708 994 763; x_wconf 81' lang='grc' dir='ltr'>Μελιστων,</span> <span class='ocrx_word' id='word_1_60' title='bbox 1037 705 1386 761; x_wconf 75' lang='grc' dir='ltr'><em>α’ργυροπράτης]</em></span> <span class='ocrx_word' id='word_1_61' title='bbox 1429 708 1502 748; x_wconf 86' lang='lat' dir='ltr'><strong>hos</strong></span> <span class='ocrx_word' id='word_1_62' title='bbox 1541 710 1710 750; x_wconf 88' lang='lat' dir='ltr'><strong>aestima</strong></span> 
     </span>
     <span class='ocr_line' id='line_1_10' title="bbox 221 765 1712 821; baseline 0.001 -16"><span class='ocrx_word' id='word_1_63' title='bbox 221 765 487 819; x_wconf 83' lang='lat' dir='ltr'><strong>Trapezitas,</strong></span> <span class='ocrx_word' id='word_1_64' title='bbox 532 769 575 804; x_wconf 83' lang='lat' dir='ltr'><strong>et</strong></span> <span class='ocrx_word' id='word_1_65' title='bbox 614 765 942 815; x_wconf 83' lang='lat' dir='ltr'><strong>nummularios,</strong></span> <span class='ocrx_word' id='word_1_66' title='bbox 984 766 1045 804; x_wconf 81' lang='lat' dir='ltr'><strong>rei</strong></span> <span class='ocrx_word' id='word_1_67' title='bbox 1068 775 1265 821; x_wconf 78' lang='lat' dir='ltr'><strong>prlvczlae</strong></span> <span class='ocrx_word' id='word_1_68' title='bbox 1306 766 1528 817; x_wconf 57' lang='lat' dir='ltr'><strong>mazia-tros,</strong></span> <span class='ocrx_word' id='word_1_69' title='bbox 1553 766 1617 806; x_wconf 87' lang='lat' dir='ltr'><strong>vel</strong></span> <span class='ocrx_word' id='word_1_70' title='bbox 1648 767 1712 806; x_wconf 82' lang='lat' dir='ltr'><strong>rei</strong></span> 
     </span>
     <span class='ocr_line' id='line_1_11' title="bbox 219 821 1711 877; baseline 0.001 -16"><span class='ocrx_word' id='word_1_71' title='bbox 219 822 469 861; x_wconf 68' lang='lat' dir='ltr'><strong>monetariae</strong></span> <span class='ocrx_word' id='word_1_72' title='bbox 503 823 775 877; x_wconf 80' lang='lat' dir='ltr'><strong>praepositos.</strong></span> <span class='ocrx_word' id='word_1_73' title='bbox 848 821 1093 861; x_wconf 82' lang='lat' dir='ltr'><strong>Iustinianus</strong></span> <span class='ocrx_word' id='word_1_74' title='bbox 1137 822 1247 861; x_wconf 90' lang='lat' dir='ltr'><strong>enim</strong></span> <span class='ocrx_word' id='word_1_75' title='bbox 1279 821 1537 876; x_wconf 84' lang='lat' dir='ltr'><strong>inexplebilis</strong></span> <span class='ocrx_word' id='word_1_76' title='bbox 1570 822 1711 862; x_wconf 85' lang='lat' dir='ltr'><strong>avari-</strong></span> 
     </span>
     <span class='ocr_line' id='line_1_12' title="bbox 221 877 1710 931; baseline 0 -13"><span class='ocrx_word' id='word_1_77' title='bbox 221 879 305 918; x_wconf 86' lang='lat' dir='ltr'><strong>tiae</strong></span> <span class='ocrx_word' id='word_1_78' title='bbox 337 878 491 917; x_wconf 85' lang='lat' dir='ltr'><strong>morbo</strong></span> <span class='ocrx_word' id='word_1_79' title='bbox 534 877 729 917; x_wconf 87' lang='lat' dir='ltr'><strong>laborans</strong></span> <span class='ocrx_word' id='word_1_80' title='bbox 783 878 902 917; x_wconf 84' lang='lat' dir='ltr'><strong>facile</strong></span> <span class='ocrx_word' id='word_1_81' title='bbox 941 877 1084 931; x_wconf 86' lang='lat' dir='ltr'><strong>potuit</strong></span> <span class='ocrx_word' id='word_1_82' title='bbox 1127 879 1337 918; x_wconf 84' lang='lat' dir='ltr'><strong>aerarium</strong></span> <span class='ocrx_word' id='word_1_83' title='bbox 1375 877 1710 920; x_wconf 81' lang='lat' dir='ltr'><strong>administrantes</strong></span> 
     </span>
     <span class='ocr_line' id='line_1_13' title="bbox 221 931 1704 999; baseline 0.001 -26"><span class='ocrx_word' id='word_1_84' title='bbox 221 935 264 974; x_wconf 90' lang='lat' dir='ltr'><strong>in</strong></span> <span class='ocrx_word' id='word_1_85' title='bbox 295 950 337 980; x_wconf 71' lang='lat' dir='ltr'><strong>se</strong></span> <span class='ocrx_word' id='word_1_86' title='bbox 367 935 604 974; x_wconf 86' lang='lat' dir='ltr'><strong>concitare:</strong></span> <span class='ocrx_word' id='word_1_87' title='bbox 639 934 690 974; x_wconf 88' lang='lat' dir='ltr'><strong>de</strong></span> <span class='ocrx_word' id='word_1_88' title='bbox 722 949 808 989; x_wconf 91' lang='lat' dir='ltr'><strong>quo</strong></span> <span class='ocrx_word' id='word_1_89' title='bbox 825 934 1030 987; x_wconf 82' lang='lat' dir='ltr'><strong>Euagrius</strong></span> <span class='ocrx_word' id='word_1_90' title='bbox 1063 934 1130 974; x_wconf 85' lang='lat' dir='ltr'><strong>lib.</strong></span> <span class='ocrx_word' id='word_1_91' title='bbox 1148 931 1176 974; x_wconf 79' lang='lat'>4</span> <span class='ocrx_word' id='word_1_92' title='bbox 1201 950 1291 999; x_wconf 84' lang='lat' dir='ltr'><strong>cap.</strong></span> <span class='ocrx_word' id='word_1_93' title='bbox 1319 934 1385 977; x_wconf 74' lang='lat'><strong>29.</strong></span> <span class='ocrx_word' id='word_1_94' title='bbox 1417 935 1590 975; x_wconf 85' lang='lat' dir='ltr'><strong>historia</strong></span> <span class='ocrx_word' id='word_1_95' title='bbox 1623 937 1704 975; x_wconf 84' lang='lat' dir='ltr'><strong>mi-</strong></span> 
     </span>
     <span class='ocr_line' id='line_1_14' title="bbox 219 986 1710 1057; baseline 0.001 -26"><span class='ocrx_word' id='word_1_96' title='bbox 219 991 343 1031; x_wconf 87' lang='lat' dir='ltr'><strong>scella</strong></span> <span class='ocrx_word' id='word_1_97' title='bbox 373 991 536 1057; x_wconf 76' lang='lat' dir='ltr'><strong>argenti</strong></span> <span class='ocrx_word' id='word_1_98' title='bbox 568 990 807 1031; x_wconf 87' lang='lat' dir='ltr'><strong>venditores</strong></span> <span class='ocrx_word' id='word_1_99' title='bbox 847 991 1019 1045; x_wconf 85' lang='lat' dir='ltr'><strong>exponit</strong></span> <span class='ocrx_word' id='word_1_100' title='bbox 1054 986 1126 1030; x_wconf 83' lang='grc' dir='ltr'><strong>τὸν</strong></span> <span class='ocrx_word' id='word_1_101' title='bbox 1154 988 1238 1030; x_wconf 75' lang='grc' dir='ltr'><strong>ἀπὸ</strong></span> <span class='ocrx_word' id='word_1_102' title='bbox 1270 992 1526 1046; x_wconf 59' lang='lat' dir='ltr'><strong>Metaurum,</strong></span> <span class='ocrx_word' id='word_1_103' title='bbox 1556 998 1600 1033; x_wconf 90' lang='lat' dir='ltr'><strong>et</strong></span> <span class='ocrx_word' id='word_1_104' title='bbox 1627 991 1710 1047; x_wconf 84' lang='lat' dir='ltr'><strong><em>a&#39;9-</em></strong></span> 
     </span>
     <span class='ocr_line' id='line_1_15' title="bbox 216 1061 504 1102; baseline -0.004 -15"><span class='ocrx_word' id='word_1_105' title='bbox 216 1061 504 1102; x_wconf 77' lang='grc' dir='ltr'><em>γυροπρατην.</em></span> 
     </span>
    </p>

    <p class='ocr_par' dir='ltr' id='par_1_4' title="bbox 217 1110 1707 1227">
     <span class='ocr_line' id='line_1_16' title="bbox 331 1110 1707 1170; baseline -0.002 -12"><span class='ocrx_word' id='word_1_106' title='bbox 331 1115 442 1155; x_wconf 82' lang='lat' dir='ltr'><strong>Ibi-d</strong></span> <span class='ocrx_word' id='word_1_107' title='bbox 459 1114 522 1158; x_wconf 79' lang='lat'><strong>14.</strong></span> <span class='ocrx_word' id='word_1_108' title='bbox 559 1110 640 1167; x_wconf 74' lang='grc' dir='ltr'><strong>πρὸ</strong></span> <span class='ocrx_word' id='word_1_109' title='bbox 672 1114 750 1154; x_wconf 80' lang='grc' dir='ltr'><strong>τοῦ</strong></span> <span class='ocrx_word' id='word_1_110' title='bbox 770 1113 1003 1168; x_wconf 80' lang='grc' dir='ltr'>μησεῦσαι]</span> <span class='ocrx_word' id='word_1_111' title='bbox 1021 1111 1255 1169; x_wconf 75' lang='grc' dir='ltr'>μησεύσειν</span> <span class='ocrx_word' id='word_1_112' title='bbox 1282 1110 1329 1155; x_wconf 83' lang='grc' dir='ltr'><strong>τὸ</strong></span> <span class='ocrx_word' id='word_1_113' title='bbox 1345 1113 1580 1169; x_wconf 74' lang='grc' dir='ltr'><em>ἀποδημεῖν</em></span> <span class='ocrx_word' id='word_1_114' title='bbox 1595 1115 1707 1170; x_wconf 83' lang='lat' dir='ltr'><strong>glos-</strong></span> 
     </span>
     <span class='ocr_line' id='line_1_17' title="bbox 217 1171 1706 1227; baseline 0.001 -16"><span class='ocrx_word' id='word_1_115' title='bbox 217 1186 285 1212; x_wconf 81' lang='lat' dir='ltr'><strong>sae</strong></span> <span class='ocrx_word' id='word_1_116' title='bbox 304 1172 696 1222; x_wconf 81' lang='lat' dir='ltr'><strong>Graecobarbarae,</strong></span> <span class='ocrx_word' id='word_1_117' title='bbox 725 1171 914 1219; x_wconf 79' lang='lat' dir='ltr'><strong>portius,</strong></span> <span class='ocrx_word' id='word_1_118' title='bbox 948 1176 990 1211; x_wconf 89' lang='lat' dir='ltr'><strong>et</strong></span> <span class='ocrx_word' id='word_1_119' title='bbox 1010 1172 1226 1212; x_wconf 79' lang='lat' dir='ltr'><strong>recentior</strong></span> <span class='ocrx_word' id='word_1_120' title='bbox 1258 1187 1351 1212; x_wconf 88' lang='lat' dir='ltr'><strong>usus</strong></span> <span class='ocrx_word' id='word_1_121' title='bbox 1383 1171 1706 1227; x_wconf 83' lang='lat' dir='ltr'><strong>interpretatur.</strong></span> 
     </span>
    </p>
   </div>
   <div class='ocr_carea' id='block_1_4' title="bbox 213 1236 1708 1463">
    <p class='ocr_par' dir='ltr' id='par_1_5' title="bbox 213 1236 1708 1463">
     <span class='ocr_line' id='line_1_18' title="bbox 331 1236 1707 1293; baseline -0.001 -15"><span class='ocrx_word' id='word_1_122' title='bbox 331 1238 443 1280; x_wconf 89' lang='lat' dir='ltr'><strong>Ibid.</strong></span> <span class='ocrx_word' id='word_1_123' title='bbox 481 1237 546 1279; x_wconf 84' lang='grc'><strong>16.</strong></span> <span class='ocrx_word' id='word_1_124' title='bbox 603 1236 936 1293; x_wconf 78' lang='grc' dir='ltr'>Σιλεντιαρίκιν]</span> <span class='ocrx_word' id='word_1_125' title='bbox 967 1238 1024 1278; x_wconf 78' lang='lat' dir='ltr'><strong>ita</strong></span> <span class='ocrx_word' id='word_1_126' title='bbox 1052 1239 1310 1280; x_wconf 84' lang='lat' dir='ltr'><strong>recentiores</strong></span> <span class='ocrx_word' id='word_1_127' title='bbox 1343 1239 1491 1279; x_wconf 86' lang='lat' dir='ltr'><strong>dicunt</strong></span> <span class='ocrx_word' id='word_1_128' title='bbox 1519 1239 1707 1291; x_wconf 79' lang='grc' dir='ltr'><strong>κυνῆγιν,</strong></span> 
     </span>
     <span class='ocr_line' id='line_1_19' title="bbox 215 1294 1708 1350; baseline 0 -16"><span class='ocrx_word' id='word_1_129' title='bbox 215 1294 375 1349; x_wconf 63' lang='lat' dir='ltr'><strong>natm,</strong></span> <span class='ocrx_word' id='word_1_130' title='bbox 404 1296 634 1350; x_wconf 81' lang='grc' dir='ltr'>τραπέζιν·</span> <span class='ocrx_word' id='word_1_131' title='bbox 703 1296 794 1336; x_wconf 87' lang='lat' dir='ltr'><strong>vice</strong></span> <span class='ocrx_word' id='word_1_132' title='bbox 825 1294 1043 1349; x_wconf 76' lang='grc' dir='ltr'><em>κυνήγιον,</em></span> <span class='ocrx_word' id='word_1_133' title='bbox 1073 1297 1258 1347; x_wconf 72' lang='grc' dir='ltr'><strong>παιδίον,</strong></span> <span class='ocrx_word' id='word_1_134' title='bbox 1286 1295 1526 1347; x_wconf 81' lang='grc' dir='ltr'>τραπέζιον.</span> <span class='ocrx_word' id='word_1_135' title='bbox 1559 1296 1708 1335; x_wconf 75' lang='grc' dir='ltr'>Σιλεν-</span> 
     </span>
     <span class='ocr_line' id='line_1_20' title="bbox 213 1351 1703 1407; baseline 0 -17"><span class='ocrx_word' id='word_1_136' title='bbox 213 1351 423 1403; x_wconf 77' lang='grc' dir='ltr'>τιαρίκιον</span> <span class='ocrx_word' id='word_1_137' title='bbox 468 1352 601 1406; x_wconf 83' lang='lat' dir='ltr'><strong>igitur</strong></span> <span class='ocrx_word' id='word_1_138' title='bbox 630 1352 831 1407; x_wconf 80' lang='lat' dir='ltr'><strong>intelliges</strong></span> <span class='ocrx_word' id='word_1_139' title='bbox 860 1351 1199 1393; x_wconf 87' lang='lat' dir='ltr'><strong>Silentiariorum</strong></span> <span class='ocrx_word' id='word_1_140' title='bbox 1230 1353 1523 1393; x_wconf 86' lang='lat' dir='ltr'><strong>excubitorum</strong></span> <span class='ocrx_word' id='word_1_141' title='bbox 1551 1357 1599 1392; x_wconf 89' lang='lat' dir='ltr'><strong>st</strong></span> <span class='ocrx_word' id='word_1_142' title='bbox 1592 1351 1703 1391; x_wconf 73' lang='lat' dir='ltr'><strong>itio-</strong></span> 
     </span>
     <span class='ocr_line' id='line_1_21' title="bbox 214 1383 1706 1463; baseline 0.001 -16"><span class='ocrx_word' id='word_1_143' title='bbox 214 1422 311 1447; x_wconf 85' lang='lat' dir='ltr'><strong>nem</strong></span> <span class='ocrx_word' id='word_1_144' title='bbox 341 1407 382 1447; x_wconf 87' lang='lat' dir='ltr'><strong>in</strong></span> <span class='ocrx_word' id='word_1_145' title='bbox 413 1408 586 1462; x_wconf 83' lang='lat' dir='ltr'><strong>palatio.</strong></span> <span class='ocrx_word' id='word_1_146' title='bbox 627 1383 914 1463; x_wconf 75' lang='grc' dir='ltr'><em>Ἀρχάγγελον</em></span> <span class='ocrx_word' id='word_1_147' title='bbox 942 1414 1081 1450; x_wconf 88' lang='lat' dir='ltr'><strong>autem</strong></span> <span class='ocrx_word' id='word_1_148' title='bbox 1115 1415 1157 1450; x_wconf 91' lang='lat' dir='ltr'><strong>et</strong></span> <span class='ocrx_word' id='word_1_149' title='bbox 1176 1402 1326 1463; x_wconf 71' lang='grc' dir='ltr'><em>’Ἀρμα</em></span> <span class='ocrx_word' id='word_1_150' title='bbox 1354 1410 1446 1450; x_wconf 85' lang='lat' dir='ltr'><strong>loca</strong></span> <span class='ocrx_word' id='word_1_151' title='bbox 1479 1409 1540 1450; x_wconf 87' lang='lat' dir='ltr'><strong>his</strong></span> <span class='ocrx_word' id='word_1_152' title='bbox 1569 1408 1706 1449; x_wconf 88' lang='lat' dir='ltr'><strong>nomi-</strong></span> 
     </span>
    </p>
   </div>
   <div class='ocr_carea' id='block_1_5' title="bbox 212 1464 576 1520">
    <p class='ocr_par' dir='ltr' id='par_1_6' title="bbox 212 1464 576 1520">
     <span class='ocr_line' id='line_1_22' title="bbox 212 1464 576 1520; baseline 0.006 -17"><span class='ocrx_word' id='word_1_153' title='bbox 212 1464 335 1505; x_wconf 87' lang='lat' dir='ltr'><strong>nibus</strong></span> <span class='ocrx_word' id='word_1_154' title='bbox 367 1465 576 1520; x_wconf 81' lang='lat' dir='ltr'><strong>insignita.</strong></span> 
     </span>
    </p>
   </div>
   <div class='ocr_carea' id='block_1_6' title="bbox 207 1536 1705 2850">
    <p class='ocr_par' dir='ltr' id='par_1_7' title="bbox 209 1536 1705 1805">
     <span class='ocr_line' id='line_1_23' title="bbox 325 1536 1705 1594; baseline -0.001 -16"><span class='ocrx_word' id='word_1_155' title='bbox 325 1536 422 1589; x_wconf 83' lang='grc'><strong>368,</strong></span> <span class='ocrx_word' id='word_1_156' title='bbox 453 1538 496 1579; x_wconf 84' lang='grc'><strong>3.</strong></span> <span class='ocrx_word' id='word_1_157' title='bbox 530 1537 746 1594; x_wconf 76' lang='grc' dir='ltr'><em>λογοθὲτῃ]</em></span> <span class='ocrx_word' id='word_1_158' title='bbox 780 1543 828 1577; x_wconf 87' lang='lat' dir='ltr'><strong>ut</strong></span> <span class='ocrx_word' id='word_1_159' title='bbox 855 1538 924 1578; x_wconf 87' lang='lat' dir='ltr'><strong>hic</strong></span> <span class='ocrx_word' id='word_1_160' title='bbox 955 1539 1143 1592; x_wconf 89' lang='lat' dir='ltr'><strong>primum</strong></span> <span class='ocrx_word' id='word_1_161' title='bbox 1172 1537 1395 1591; x_wconf 82' lang='lat' dir='ltr'><strong>scribitur,</strong></span> <span class='ocrx_word' id='word_1_162' title='bbox 1429 1538 1486 1578; x_wconf 88' lang='lat' dir='ltr'><strong>ita</strong></span> <span class='ocrx_word' id='word_1_163' title='bbox 1516 1537 1705 1592; x_wconf 84' lang='lat' dir='ltr'><strong>primum</strong></span> 
     </span>
     <span class='ocr_line' id='line_1_24' title="bbox 211 1594 1699 1650; baseline 0.001 -17"><span class='ocrx_word' id='word_1_164' title='bbox 211 1608 332 1633; x_wconf 88' lang='lat' dir='ltr'><strong>usum</strong></span> <span class='ocrx_word' id='word_1_165' title='bbox 366 1595 572 1649; x_wconf 87' lang='lat' dir='ltr'><strong>accepisse</strong></span> <span class='ocrx_word' id='word_1_166' title='bbox 599 1594 770 1635; x_wconf 89' lang='lat' dir='ltr'><strong>videtur</strong></span> <span class='ocrx_word' id='word_1_167' title='bbox 789 1595 921 1635; x_wconf 84' lang='lat' dir='ltr'><strong>dictio</strong></span> <span class='ocrx_word' id='word_1_168' title='bbox 944 1595 1185 1649; x_wconf 74' lang='grc' dir='ltr'><em>λογοθὲτης,</em></span> <span class='ocrx_word' id='word_1_169' title='bbox 1207 1597 1393 1635; x_wconf 82' lang='lat' dir='ltr'><strong>comitem</strong></span> <span class='ocrx_word' id='word_1_170' title='bbox 1422 1596 1484 1634; x_wconf 81' lang='lat' dir='ltr'><strong>rei</strong></span> <span class='ocrx_word' id='word_1_171' title='bbox 1504 1596 1699 1650; x_wconf 76' lang='lat' dir='ltr'><strong>privatae</strong></span> 
     </span>
     <span class='ocr_line' id='line_1_25' title="bbox 211 1651 1701 1706; baseline 0.001 -17"><span class='ocrx_word' id='word_1_172' title='bbox 211 1651 426 1705; x_wconf 87' lang='lat' dir='ltr'><strong>quondam</strong></span> <span class='ocrx_word' id='word_1_173' title='bbox 457 1652 700 1706; x_wconf 78' lang='lat' dir='ltr'><strong>significanS,</strong></span> <span class='ocrx_word' id='word_1_174' title='bbox 751 1652 869 1706; x_wconf 89' lang='lat' dir='ltr'><strong>quod</strong></span> <span class='ocrx_word' id='word_1_175' title='bbox 912 1652 1237 1692; x_wconf 85' lang='lat' dir='ltr'><strong>auctoritatibus</strong></span> <span class='ocrx_word' id='word_1_176' title='bbox 1279 1651 1320 1691; x_wconf 90' lang='lat' dir='ltr'><strong>in</strong></span> <span class='ocrx_word' id='word_1_177' title='bbox 1354 1652 1701 1691; x_wconf 81' lang='lat' dir='ltr'><strong>annotationibus</strong></span> 
     </span>
     <span class='ocr_line' id='line_1_26' title="bbox 209 1707 1700 1763; baseline 0.002 -18"><span class='ocrx_word' id='word_1_178' title='bbox 209 1707 262 1747; x_wconf 79' lang='lat' dir='ltr'><strong>ad</strong></span> <span class='ocrx_word' id='word_1_179' title='bbox 293 1707 532 1749; x_wconf 88' lang='lat' dir='ltr'><strong>Cedrenum</strong></span> <span class='ocrx_word' id='word_1_180' title='bbox 575 1709 655 1749; x_wconf 83' lang='lat' dir='ltr'><strong>iam</strong></span> <span class='ocrx_word' id='word_1_181' title='bbox 702 1708 920 1759; x_wconf 84' lang='lat' dir='ltr'><strong>adductis,</strong></span> <span class='ocrx_word' id='word_1_182' title='bbox 960 1713 1002 1749; x_wconf 90' lang='lat' dir='ltr'><strong>et</strong></span> <span class='ocrx_word' id='word_1_183' title='bbox 1041 1723 1119 1763; x_wconf 87' lang='lat' dir='ltr'><strong>per</strong></span> <span class='ocrx_word' id='word_1_184' title='bbox 1158 1709 1241 1749; x_wconf 91' lang='lat' dir='ltr'><strong>hoc</strong></span> <span class='ocrx_word' id='word_1_185' title='bbox 1289 1721 1394 1762; x_wconf 86' lang='lat' dir='ltr'><strong>opus</strong></span> <span class='ocrx_word' id='word_1_186' title='bbox 1438 1708 1589 1763; x_wconf 87' lang='lat' dir='ltr'><strong>sparsis</strong></span> <span class='ocrx_word' id='word_1_187' title='bbox 1621 1708 1700 1748; x_wconf 85' lang='lat' dir='ltr'><strong>dc-</strong></span> 
     </span>
     <span class='ocr_line' id='line_1_27' title="bbox 211 1765 414 1805; baseline 0.01 -2"><span class='ocrx_word' id='word_1_188' title='bbox 211 1765 414 1805; x_wconf 71' lang='lat' dir='ltr'><strong>claretur.</strong></span> 
     </span>
    </p>

    <p class='ocr_par' dir='ltr' id='par_1_8' title="bbox 208 1831 1702 2440">
     <span class='ocr_line' id='line_1_28' title="bbox 323 1831 1698 1887; baseline -0.001 -15"><span class='ocrx_word' id='word_1_189' title='bbox 323 1831 532 1873; x_wconf 80' lang='lat' dir='ltr'><strong>Ibid.19.</strong></span> <span class='ocrx_word' id='word_1_190' title='bbox 592 1831 816 1884; x_wconf 81' lang='grc' dir='ltr'>σιλὲντιον]</span> <span class='ocrx_word' id='word_1_191' title='bbox 847 1837 1080 1873; x_wconf 87' lang='lat' dir='ltr'><strong>conventus</strong></span> <span class='ocrx_word' id='word_1_192' title='bbox 1125 1832 1166 1872; x_wconf 89' lang='lat' dir='ltr'><strong>in</strong></span> <span class='ocrx_word' id='word_1_193' title='bbox 1201 1846 1286 1887; x_wconf 91' lang='lat' dir='ltr'><strong>quo</strong></span> <span class='ocrx_word' id='word_1_194' title='bbox 1318 1831 1556 1884; x_wconf 84' lang='lat' dir='ltr'><strong>imperator</strong></span> <span class='ocrx_word' id='word_1_195' title='bbox 1588 1838 1698 1881; x_wconf 80' lang='lat' dir='ltr'><strong>orat,</strong></span> 
     </span>
     <span class='ocr_line' id='line_1_29' title="bbox 210 1887 1701 1944; baseline 0.001 -16"><span class='ocrx_word' id='word_1_196' title='bbox 210 1893 253 1928; x_wconf 87' lang='lat' dir='ltr'><strong>et</strong></span> <span class='ocrx_word' id='word_1_197' title='bbox 282 1887 334 1928; x_wconf 84' lang='lat' dir='ltr'><strong>de</strong></span> <span class='ocrx_word' id='word_1_198' title='bbox 358 1889 571 1944; x_wconf 73' lang='lat' dir='ltr'><strong>religionis</strong></span> <span class='ocrx_word' id='word_1_199' title='bbox 605 1888 800 1939; x_wconf 82' lang='lat' dir='ltr'><strong>maxime,</strong></span> <span class='ocrx_word' id='word_1_200' title='bbox 832 1895 874 1928; x_wconf 89' lang='lat' dir='ltr'><strong>et</strong></span> <span class='ocrx_word' id='word_1_201' title='bbox 908 1887 959 1929; x_wconf 87' lang='lat' dir='ltr'><strong>de</strong></span> <span class='ocrx_word' id='word_1_202' title='bbox 988 1889 1246 1943; x_wconf 85' lang='lat' dir='ltr'><strong>reipublicae</strong></span> <span class='ocrx_word' id='word_1_203' title='bbox 1279 1894 1496 1929; x_wconf 88' lang='lat' dir='ltr'><strong>momento</strong></span> <span class='ocrx_word' id='word_1_204' title='bbox 1529 1895 1701 1929; x_wconf 84' lang='lat' dir='ltr'><strong>tractat.</strong></span> 
     </span>
     <span class='ocr_line' id='line_1_30' title="bbox 209 1938 1700 1999; baseline -0.001 -15"><span class='ocrx_word' id='word_1_205' title='bbox 209 1945 372 1986; x_wconf 82' lang='lat' dir='ltr'><strong>Nicetas</strong></span> <span class='ocrx_word' id='word_1_206' title='bbox 404 1947 446 1985; x_wconf 86' lang='lat' dir='ltr'><strong>in</strong></span> <span class='ocrx_word' id='word_1_207' title='bbox 477 1945 668 1985; x_wconf 85' lang='lat' dir='ltr'><strong>Manuele</strong></span> <span class='ocrx_word' id='word_1_208' title='bbox 698 1944 929 1985; x_wconf 76' lang='lat' dir='ltr'><strong>Cotnneno.</strong></span> <span class='ocrx_word' id='word_1_209' title='bbox 1000 1945 1342 1999; x_wconf 78' lang='grc' dir='ltr'><em>κατηχητηριόυς</em></span> <span class='ocrx_word' id='word_1_210' title='bbox 1375 1938 1500 1984; x_wconf 68' lang='lat' dir='ltr'><strong>eodm&amp;</strong></span> <span class='ocrx_word' id='word_1_211' title='bbox 1532 1942 1700 1997; x_wconf 82' lang='grc' dir='ltr'><em>λόγους,</em></span> 
     </span>
     <span class='ocr_line' id='line_1_31' title="bbox 210 1998 1697 2070; baseline 0.001 -30"><span class='ocrx_word' id='word_1_212' title='bbox 210 1998 284 2048; x_wconf 80' lang='grc' dir='ltr'><strong>οὺς</strong></span> <span class='ocrx_word' id='word_1_213' title='bbox 316 2016 423 2056; x_wconf 78' lang='grc' dir='ltr'>φασι</span> <span class='ocrx_word' id='word_1_214' title='bbox 454 2002 667 2043; x_wconf 82' lang='grc' dir='ltr'>σιλέντια·</span> <span class='ocrx_word' id='word_1_215' title='bbox 725 2016 935 2051; x_wconf 82' lang='lat' dir='ltr'><strong>sermones,</strong></span> <span class='ocrx_word' id='word_1_216' title='bbox 964 2002 1114 2057; x_wconf 80' lang='lat' dir='ltr'><strong>quibus</strong></span> <span class='ocrx_word' id='word_1_217' title='bbox 1144 2004 1373 2052; x_wconf 78' lang='lat' dir='ltr'><strong>llzstrueret,</strong></span> <span class='ocrx_word' id='word_1_218' title='bbox 1406 2002 1697 2070; x_wconf 80' lang='lat' dir='ltr'><strong>depromebat:</strong></span> 
     </span>
     <span class='ocr_line' id='line_1_32' title="bbox 208 2055 1702 2123; baseline -0.001 -25"><span class='ocrx_word' id='word_1_219' title='bbox 208 2073 305 2123; x_wconf 78' lang='lat' dir='ltr'><strong>quos</strong></span> <span class='ocrx_word' id='word_1_220' title='bbox 333 2068 485 2099; x_wconf 79' lang='lat' dir='ltr'><strong>vocant</strong></span> <span class='ocrx_word' id='word_1_221' title='bbox 512 2059 689 2098; x_wconf 79' lang='lat' dir='ltr'><strong>silentia.</strong></span> <span class='ocrx_word' id='word_1_222' title='bbox 720 2059 902 2097; x_wconf 85' lang='lat' dir='ltr'><strong>Zonaras</strong></span> <span class='ocrx_word' id='word_1_223' title='bbox 935 2058 975 2096; x_wconf 92' lang='lat' dir='ltr'><strong>in</strong></span> <span class='ocrx_word' id='word_1_224' title='bbox 1009 2060 1150 2098; x_wconf 89' lang='lat' dir='ltr'><strong>Leone</strong></span> <span class='ocrx_word' id='word_1_225' title='bbox 1180 2057 1451 2112; x_wconf 86' lang='lat' dir='ltr'><strong>philosopho.</strong></span> <span class='ocrx_word' id='word_1_226' title='bbox 1488 2055 1566 2096; x_wconf 74' lang='lat' dir='ltr'><strong>ov&#39;n</strong></span> <span class='ocrx_word' id='word_1_227' title='bbox 1597 2057 1702 2097; x_wconf 80' lang='grc' dir='ltr'><strong><em>ἐδυ-</em></strong></span> 
     </span>
     <span class='ocr_line' id='line_1_33' title="bbox 208 2110 1700 2181; baseline 0.001 -29"><span class='ocrx_word' id='word_1_228' title='bbox 208 2110 320 2180; x_wconf 35' lang='grc' dir='ltr'>ιη’-θη</span> <span class='ocrx_word' id='word_1_229' title='bbox 350 2114 637 2181; x_wconf 71' lang='grc' dir='ltr'>διαλεχθῆναι</span> <span class='ocrx_word' id='word_1_230' title='bbox 667 2114 717 2169; x_wconf 80' lang='grc' dir='ltr'><strong>τῇ</strong></span> <span class='ocrx_word' id='word_1_231' title='bbox 743 2110 961 2169; x_wconf 76' lang='grc' dir='ltr'><strong>συγκλήτῳ</strong></span> <span class='ocrx_word' id='word_1_232' title='bbox 985 2113 1086 2166; x_wconf 77' lang='grc' dir='ltr'><strong>περί</strong></span> <span class='ocrx_word' id='word_1_233' title='bbox 1101 2114 1294 2168; x_wconf 76' lang='grc' dir='ltr'><em>νηστείας</em></span> <span class='ocrx_word' id='word_1_234' title='bbox 1312 2113 1388 2167; x_wconf 71' lang='grc' dir='ltr'><strong>τὴν</strong></span> <span class='ocrx_word' id='word_1_235' title='bbox 1413 2110 1581 2168; x_wconf 74' lang='grc' dir='ltr'><em>συνήθη</em></span> <span class='ocrx_word' id='word_1_236' title='bbox 1604 2110 1700 2153; x_wconf 79' lang='grc' dir='ltr'>διά-</span> 
     </span>
     <span class='ocr_line' id='line_1_34' title="bbox 211 2166 1699 2224; baseline 0.001 -17"><span class='ocrx_word' id='word_1_237' title='bbox 211 2172 334 2223; x_wconf 61' lang='grc' dir='ltr'>λέξιν,</span> <span class='ocrx_word' id='word_1_238' title='bbox 367 2166 392 2224; x_wconf 82' lang='grc' dir='ltr'><em>ἦ</em></span> <span class='ocrx_word' id='word_1_239' title='bbox 424 2174 617 2210; x_wconf 78' lang='grc' dir='ltr'>καλεῖται</span> <span class='ocrx_word' id='word_1_240' title='bbox 647 2170 886 2211; x_wconf 63' lang='grc' dir='ltr'>σιὶέντιον·</span> <span class='ocrx_word' id='word_1_241' title='bbox 953 2180 1182 2211; x_wconf 72' lang='lat' dir='ltr'><strong>consuetam</strong></span> <span class='ocrx_word' id='word_1_242' title='bbox 1229 2172 1449 2212; x_wconf 83' lang='lat' dir='ltr'><strong>orationem</strong></span> <span class='ocrx_word' id='word_1_243' title='bbox 1481 2170 1548 2211; x_wconf 84' lang='lat' dir='ltr'><strong>ad</strong></span> <span class='ocrx_word' id='word_1_244' title='bbox 1573 2185 1699 2210; x_wconf 80' lang='lat' dir='ltr'><strong>sena..</strong></span> 
     </span>
     <span class='ocr_line' id='line_1_35' title="bbox 209 2228 1696 2283; baseline 0 -17"><span class='ocrx_word' id='word_1_245' title='bbox 209 2235 292 2266; x_wconf 77' lang='lat' dir='ltr'><strong>tum</strong></span> <span class='ocrx_word' id='word_1_246' title='bbox 324 2229 374 2267; x_wconf 85' lang='lat' dir='ltr'><strong>de</strong></span> <span class='ocrx_word' id='word_1_247' title='bbox 405 2228 553 2267; x_wconf 78' lang='lat' dir='ltr'><strong>ieiunio</strong></span> <span class='ocrx_word' id='word_1_248' title='bbox 593 2242 674 2268; x_wconf 81' lang='lat' dir='ltr'><strong>non</strong></span> <span class='ocrx_word' id='word_1_249' title='bbox 705 2228 842 2283; x_wconf 73' lang='lat' dir='ltr'><strong>potuit</strong></span> <span class='ocrx_word' id='word_1_250' title='bbox 865 2242 922 2281; x_wconf 80' lang='lat' dir='ltr'><strong>pt</strong></span> <span class='ocrx_word' id='word_1_251' title='bbox 922 2229 1074 2279; x_wconf 59' lang='lat' dir='ltr'><strong>ffxrt‘e,</strong></span> <span class='ocrx_word' id='word_1_252' title='bbox 1106 2242 1196 2267; x_wconf 82' lang='lat' dir='ltr'><strong>eam</strong></span> <span class='ocrx_word' id='word_1_253' title='bbox 1228 2228 1367 2268; x_wconf 75' lang='lat' dir='ltr'><strong>diczmt</strong></span> <span class='ocrx_word' id='word_1_254' title='bbox 1394 2229 1611 2267; x_wconf 77' lang='lat' dir='ltr'><strong>silentium.</strong></span> <span class='ocrx_word' id='word_1_255' title='bbox 1649 2242 1696 2267; x_wconf 85' lang='lat' dir='ltr'><strong>ex</strong></span> 
     </span>
     <span class='ocr_line' id='line_1_36' title="bbox 209 2283 1699 2338; baseline 0.001 -16"><span class='ocrx_word' id='word_1_256' title='bbox 209 2283 271 2323; x_wconf 77' lang='lat' dir='ltr'><strong>liis</strong></span> <span class='ocrx_word' id='word_1_257' title='bbox 299 2285 621 2324; x_wconf 71' lang='lat' dir='ltr'><strong>dissertationem</strong></span> <span class='ocrx_word' id='word_1_258' title='bbox 668 2284 809 2338; x_wconf 83' lang='lat' dir='ltr'><strong>potius</strong></span> <span class='ocrx_word' id='word_1_259' title='bbox 856 2299 981 2337; x_wconf 76' lang='lat' dir='ltr'><strong>quain</strong></span> <span class='ocrx_word' id='word_1_260' title='bbox 1019 2290 1274 2324; x_wconf 88' lang='lat' dir='ltr'><strong>conventum</strong></span> <span class='ocrx_word' id='word_1_261' title='bbox 1303 2285 1505 2325; x_wconf 67' lang='lat' dir='ltr'><strong>,silentium</strong></span> <span class='ocrx_word' id='word_1_262' title='bbox 1537 2285 1699 2324; x_wconf 84' lang='lat' dir='ltr'><strong>referre</strong></span> 
     </span>
     <span class='ocr_line' id='line_1_37' title="bbox 210 2340 1696 2396; baseline 0.001 -17"><span class='ocrx_word' id='word_1_263' title='bbox 210 2344 363 2381; x_wconf 81' lang='lat' dir='ltr'><strong>cernis.</strong></span> <span class='ocrx_word' id='word_1_264' title='bbox 423 2343 563 2381; x_wconf 76' lang='lat' dir='ltr'><strong>forsan</strong></span> <span class='ocrx_word' id='word_1_265' title='bbox 599 2340 698 2396; x_wconf 84' lang='lat' dir='ltr'><strong>quia</strong></span> <span class='ocrx_word' id='word_1_266' title='bbox 727 2341 816 2381; x_wconf 86' lang='lat' dir='ltr'><strong>sine</strong></span> <span class='ocrx_word' id='word_1_267' title='bbox 857 2340 1037 2395; x_wconf 85' lang='lat' dir='ltr'><strong>strepitu</strong></span> <span class='ocrx_word' id='word_1_268' title='bbox 1067 2342 1253 2382; x_wconf 86' lang='lat' dir='ltr'><strong>modeste</strong></span> <span class='ocrx_word' id='word_1_269' title='bbox 1284 2355 1332 2381; x_wconf 81' lang='lat' dir='ltr'><strong>nc</strong></span> <span class='ocrx_word' id='word_1_270' title='bbox 1373 2340 1490 2382; x_wconf 82' lang='lat' dir='ltr'><strong>velut</strong></span> <span class='ocrx_word' id='word_1_271' title='bbox 1528 2340 1696 2381; x_wconf 88' lang='lat' dir='ltr'><strong>silentio</strong></span> 
     </span>
     <span class='ocr_line' id='line_1_38' title="bbox 208 2398 344 2440; baseline 0.029 -4"><span class='ocrx_word' id='word_1_272' title='bbox 208 2398 344 2440; x_wconf 78' lang='lat' dir='ltr'><strong>tieret.</strong></span> 
     </span>
    </p>

    <p class='ocr_par' dir='ltr' id='par_1_9' title="bbox 207 2450 1696 2850">
     <span class='ocr_line' id='line_1_39' title="bbox 320 2450 1696 2508; baseline -0.002 -15"><span class='ocrx_word' id='word_1_273' title='bbox 320 2451 417 2506; x_wconf 79' lang='lat'><strong>369,</strong></span> <span class='ocrx_word' id='word_1_274' title='bbox 448 2452 486 2494; x_wconf 88' lang='lat'><strong>6.</strong></span> <span class='ocrx_word' id='word_1_275' title='bbox 544 2451 719 2507; x_wconf 78' lang='grc' dir='ltr'><em>γέγοναν</em></span> <span class='ocrx_word' id='word_1_276' title='bbox 749 2450 942 2506; x_wconf 76' lang='grc' dir='ltr'>ἐγκαίνια</span> <span class='ocrx_word' id='word_1_277' title='bbox 962 2450 1009 2493; x_wconf 85' lang='grc' dir='ltr'><strong>τὸ</strong></span> <span class='ocrx_word' id='word_1_278' title='bbox 1038 2451 1254 2508; x_wconf 73' lang='grc' dir='ltr'><em>δεύτερον]</em></span> <span class='ocrx_word' id='word_1_279' title='bbox 1287 2459 1478 2494; x_wconf 83' lang='lat' dir='ltr'><strong>extructa</strong></span> <span class='ocrx_word' id='word_1_280' title='bbox 1508 2459 1606 2507; x_wconf 89' lang='lat' dir='ltr'><strong>post</strong></span> <span class='ocrx_word' id='word_1_281' title='bbox 1629 2468 1696 2494; x_wconf 88' lang='lat' dir='ltr'><strong>se-</strong></span> 
     </span>
     <span class='ocr_line' id='line_1_40' title="bbox 209 2509 1694 2564; baseline 0 -14"><span class='ocrx_word' id='word_1_282' title='bbox 209 2509 415 2550; x_wconf 86' lang='lat' dir='ltr'><strong>ditionem</strong></span> <span class='ocrx_word' id='word_1_283' title='bbox 445 2510 521 2551; x_wconf 81' lang='grc' dir='ltr'><strong>τοῦ</strong></span> <span class='ocrx_word' id='word_1_284' title='bbox 563 2509 678 2552; x_wconf 79' lang='grc' dir='ltr'><strong><em>Νίκα</em></strong></span> <span class='ocrx_word' id='word_1_285' title='bbox 722 2510 764 2548; x_wconf 88' lang='lat' dir='ltr'><strong>S.</strong></span> <span class='ocrx_word' id='word_1_286' title='bbox 806 2509 990 2563; x_wconf 83' lang='lat' dir='ltr'><strong>Sophiae</strong></span> <span class='ocrx_word' id='word_1_287' title='bbox 1032 2511 1157 2561; x_wconf 84' lang='lat' dir='ltr'><strong>aede,</strong></span> <span class='ocrx_word' id='word_1_288' title='bbox 1188 2511 1325 2564; x_wconf 85' lang='lat' dir='ltr'><strong>prima</strong></span> <span class='ocrx_word' id='word_1_289' title='bbox 1354 2511 1430 2550; x_wconf 88' lang='lat' dir='ltr'><strong>sub</strong></span> <span class='ocrx_word' id='word_1_290' title='bbox 1467 2510 1694 2550; x_wconf 84' lang='lat' dir='ltr'><strong>Iustiniano</strong></span> 
     </span>
     <span class='ocr_line' id='line_1_41' title="bbox 207 2565 1695 2622; baseline 0.001 -17"><span class='ocrx_word' id='word_1_291' title='bbox 207 2568 316 2606; x_wconf 81' lang='lat' dir='ltr'><strong>sacta</strong></span> <span class='ocrx_word' id='word_1_292' title='bbox 348 2573 410 2607; x_wconf 85' lang='lat' dir='ltr'><strong>est</strong></span> <span class='ocrx_word' id='word_1_293' title='bbox 441 2568 527 2608; x_wconf 84' lang='lat' dir='ltr'><strong>eius</strong></span> <span class='ocrx_word' id='word_1_294' title='bbox 558 2566 797 2607; x_wconf 84' lang='lat' dir='ltr'><strong>dedicatio:</strong></span> <span class='ocrx_word' id='word_1_295' title='bbox 831 2565 881 2606; x_wconf 85' lang='lat' dir='ltr'><strong>de</strong></span> <span class='ocrx_word' id='word_1_296' title='bbox 913 2567 1086 2622; x_wconf 83' lang='lat' dir='ltr'><strong>antiqua</strong></span> <span class='ocrx_word' id='word_1_297' title='bbox 1119 2567 1278 2622; x_wconf 82' lang='lat' dir='ltr'><strong>quippe</strong></span> <span class='ocrx_word' id='word_1_298' title='bbox 1305 2567 1380 2607; x_wconf 88' lang='lat' dir='ltr'><strong>sub</strong></span> <span class='ocrx_word' id='word_1_299' title='bbox 1415 2567 1695 2608; x_wconf 80' lang='lat' dir='ltr'><strong>Constantino</strong></span> 
     </span>
     <span class='ocr_line' id='line_1_42' title="bbox 207 2622 1694 2678; baseline 0.001 -17"><span class='ocrx_word' id='word_1_300' title='bbox 207 2623 343 2665; x_wconf 84' lang='lat' dir='ltr'><strong>nullus</strong></span> <span class='ocrx_word' id='word_1_301' title='bbox 385 2624 454 2664; x_wconf 83' lang='lat' dir='ltr'><strong>hic</strong></span> <span class='ocrx_word' id='word_1_302' title='bbox 482 2638 634 2664; x_wconf 87' lang='lat' dir='ltr'><strong>sermo.</strong></span> <span class='ocrx_word' id='word_1_303' title='bbox 711 2622 826 2662; x_wconf 84' lang='lat' dir='ltr'><strong>trulli</strong></span> <span class='ocrx_word' id='word_1_304' title='bbox 874 2638 975 2663; x_wconf 84' lang='lat' dir='ltr'><strong>vcro</strong></span> <span class='ocrx_word' id='word_1_305' title='bbox 1005 2630 1101 2664; x_wconf 85' lang='lat' dir='ltr'><strong>ante</strong></span> <span class='ocrx_word' id='word_1_306' title='bbox 1144 2639 1274 2664; x_wconf 88' lang='lat' dir='ltr'><strong>annos</strong></span> <span class='ocrx_word' id='word_1_307' title='bbox 1306 2623 1495 2678; x_wconf 84' lang='lat' dir='ltr'><strong>quinque</strong></span> <span class='ocrx_word' id='word_1_308' title='bbox 1524 2623 1694 2677; x_wconf 87' lang='lat' dir='ltr'><strong>collapsi</strong></span> 
     </span>
     <span class='ocr_line' id='line_1_43' title="bbox 210 2680 1695 2735; baseline 0.001 -16"><span class='ocrx_word' id='word_1_309' title='bbox 210 2681 333 2720; x_wconf 83' lang='lat' dir='ltr'><strong>ruina</strong></span> <span class='ocrx_word' id='word_1_310' title='bbox 364 2696 459 2721; x_wconf 78' lang='lat' dir='ltr'><strong>cuin</strong></span> <span class='ocrx_word' id='word_1_311' title='bbox 493 2680 624 2721; x_wconf 80' lang='lat' dir='ltr'><strong>altare</strong></span> <span class='ocrx_word' id='word_1_312' title='bbox 669 2680 934 2720; x_wconf 75' lang='lat' dir='ltr'><strong>confmctuzn</strong></span> <span class='ocrx_word' id='word_1_313' title='bbox 978 2680 1146 2732; x_wconf 74' lang='lat' dir='ltr'><strong>luisset,</strong></span> <span class='ocrx_word' id='word_1_314' title='bbox 1187 2695 1237 2721; x_wconf 88' lang='lat' dir='ltr'><strong>eo</strong></span> <span class='ocrx_word' id='word_1_315' title='bbox 1268 2686 1467 2735; x_wconf 85' lang='lat' dir='ltr'><strong>reparato</strong></span> <span class='ocrx_word' id='word_1_316' title='bbox 1497 2680 1695 2720; x_wconf 84' lang='lat' dir='ltr'><strong>encaenia</strong></span> 
     </span>
     <span class='ocr_line' id='line_1_44' title="bbox 209 2737 1693 2791; baseline -0.001 -15"><span class='ocrx_word' id='word_1_317' title='bbox 209 2752 382 2791; x_wconf 79' lang='lat' dir='ltr'><strong>quoque</strong></span> <span class='ocrx_word' id='word_1_318' title='bbox 410 2752 551 2778; x_wconf 82' lang='lat' dir='ltr'><strong>sacrae</strong></span> <span class='ocrx_word' id='word_1_319' title='bbox 582 2737 694 2777; x_wconf 86' lang='lat' dir='ltr'><strong>aedis</strong></span> <span class='ocrx_word' id='word_1_320' title='bbox 725 2743 935 2791; x_wconf 51' lang='lat' dir='ltr'><strong>reparata</strong></span> <span class='ocrx_word' id='word_1_321' title='bbox 994 2751 1202 2789; x_wconf 81' lang='grc' dir='ltr'>παννυχις</span> <span class='ocrx_word' id='word_1_322' title='bbox 1223 2737 1290 2777; x_wconf 87' lang='lat' dir='ltr'><strong>hic</strong></span> <span class='ocrx_word' id='word_1_323' title='bbox 1320 2744 1553 2778; x_wconf 73' lang='lat' dir='ltr'><strong>memmata</strong></span> <span class='ocrx_word' id='word_1_324' title='bbox 1583 2738 1693 2790; x_wconf 77' lang='lat' dir='ltr'><strong>vigi..</strong></span> 
     </span>
     <span class='ocr_line' id='line_1_45' title="bbox 207 2790 1693 2850; baseline 0.002 -19"><span class='ocrx_word' id='word_1_325' title='bbox 207 2794 285 2834; x_wconf 80' lang='grc' dir='ltr'>ἰιιι3</span> <span class='ocrx_word' id='word_1_326' title='bbox 316 2793 569 2835; x_wconf 80' lang='lat' dir='ltr'><strong>dedicationi</strong></span> <span class='ocrx_word' id='word_1_327' title='bbox 600 2794 791 2849; x_wconf 80' lang='lat' dir='ltr'><strong>praevias</strong></span> <span class='ocrx_word' id='word_1_328' title='bbox 823 2793 865 2833; x_wconf 86' lang='lat' dir='ltr'><strong>in</strong></span> <span class='ocrx_word' id='word_1_329' title='bbox 896 2792 1066 2834; x_wconf 77' lang='lat' dir='ltr'><strong>ecclesia</strong></span> <span class='ocrx_word' id='word_1_330' title='bbox 1097 2808 1240 2835; x_wconf 74' lang='lat' dir='ltr'><strong>coram</strong></span> <span class='ocrx_word' id='word_1_331' title='bbox 1271 2794 1344 2836; x_wconf 87' lang='lat' dir='ltr'><strong>SS.</strong></span> <span class='ocrx_word' id='word_1_332' title='bbox 1376 2790 1562 2850; x_wconf 84' lang='lat' dir='ltr'><strong>reliquiis</strong></span> <span class='ocrx_word' id='word_1_333' title='bbox 1592 2808 1693 2848; x_wconf 75' lang='lat' dir='ltr'><strong>pei·</strong></span> 
     </span>
    </p>
   </div>
  </div>
 </body>
</html>
