1794 3250
252 201 349 264 266
456 209 741 264 ΔΝΑΞΤΑὸΙΙ
783 209 1003 250 HlSTORl
1014 211 1047 250 A
1096 209 1511 252 ECCLESlASTlCA

257 322 326 362 das
361 323 575 378 Augustas,
620 323 724 364 feria
756 330 924 379 quarta,
963 324 1071 365 hora
1104 324 1256 379 prima,
1287 324 1496 364 Bardanes
1531 323 1731 376 patricius

255 385 297 419 et
326 385 502 433 praetor
521 379 816 432 Orientalium,
848 382 920 437 qui
951 383 1267 437 cognominatus
1297 388 1357 422 est
1377 382 1554 431 TurcuS,
1584 380 1730 434 appel-

109 450 154 484 Ρ.
174 436 358 476 7441atus
391 442 452 477 est
479 436 716 491 imperator
756 438 807 478 ab
839 438 1030 479 omnibus
1070 439 1180 478 ultra
1211 438 1296 479 sitis
1328 437 1598 478 thematibus.
1659 438 1731 492 qui

253 492 430 536 multum
459 494 618 535 renisus
648 500 696 534 ut
740 494 938 535 evaderet
967 495 1058 535 illos
1101 495 1272 535 minime
1305 495 1451 545 valuit,
1487 500 1529 534 et
1560 493 1732 533 descen.-

254 549 352 589 dens
383 564 513 606 usque
543 550 595 590 ad
627 551 950 606 Chrysopolim,
989 565 1084 591 cum
1128 552 1345 591 circuisset
1387 551 1529 591 diebus
1561 557 1659 590 octo
1691 556 1734 590 et

253 607 421 647 minime
451 607 592 648 fuisset
619 614 826 662 receptu5‚
859 609 987 649 rediit
1014 623 1147 663 usque
1175 609 1226 648 ad
1259 610 1477 662 Malagma.
1541 606 1614 661 qui
1643 621 1734 646 me..

252 668 368 703 tuens
398 662 535 715 deum,
569 669 611 704 et
639 665 872 719 recogitans
905 680 956 706 ne
985 666 1098 705 forte
1127 680 1204 720 per
1236 679 1278 705 se
1307 663 1507 704 mactatio
1528 663 1732 702 Christia-

253 733 406 759 norum
445 720 702 771 efficeretur,
734 721 844 771 misit
875 721 927 761 ad
961 722 1273 776 Nicephorum,
1312 729 1354 763 et
1392 727 1567 774 accepto
1602 719 1734 759 verbo

254 776 293 815 in
319 777 483 831 scriptis
513 778 716 832 propriae
756 793 902 818 manus
931 778 1029 830 eius,
1074 778 1115 818 in
1151 793 1236 833 quo
1269 785 1311 818 et
1342 777 1535 818 'sarasius
1565 776 1737 816 sanctis-

251 833 375 873 simus
403 833 644 887 patriarcha
691 840 733 875 et
769 848 911 875 omnes
941 835 1110 889 patricii
1157 835 1507 890 subscripserunt,
1540 832 1656 888 quod
1683 832 1737 872 il-

253 890 378 930 laesus
410 897 451 931 et
480 889 682 931 indemnis
712 906 807 931 cum
841 892 1033 931 omnibus
1066 892 1138 947 qui
1170 905 1310 932 secum
1350 898 1471 932 erant
1502 891 1615 930 soret
1646 904 1736 929 ser-

253 947 437 996 vandus,
477 954 591 988 sexto
644 947 733 987 idus
767 948 1049 1002 Septembrias
1096 948 1232 988 media
1269 954 1394 988 nocte
1438 947 1542 986 clam
1577 946 1735 1001 fugiens

252 1002 463 1043 descondit
485 1004 537 1044 ad
556 1004 674 1044 Cium
693 1003 916 1059 Bithyniae
935 1005 972 1044 in
994 1005 1295 1045 monasterium
1317 1003 1510 1045 Heraclii.
1528 1009 1568 1043 et
1592 1003 1739 1042 inven-

251 1065 297 1099 to
331 1059 567 1111 chelandio,
602 1060 717 1116 quod
746 1061 795 1100 ab
834 1061 1094 1115 imperatore
1122 1075 1249 1115 super
1281 1061 1362 1101 hoc
1393 1062 1532 1100 fuerat
1558 1059 1738 1108 missum,

253 1123 396 1156 tonsus
438 1123 499 1157 est
534 1124 576 1157 et
606 1117 775 1158 indutus
817 1117 923 1157 stola
967 1118 1240 1165 monachica3
1302 1124 1344 1157 et
1388 1117 1591 1171 ingressus
1637 1114 1738 1154 illud

253 1173 355 1213 abiit
383 1173 423 1213 in
455 1174 653 1227 insulam,
679 1189 787 1228 quae
821 1174 1043 1214 dicebatur
1079 1174 1231 1228 prima,
1264 1172 1304 1213 in
1335 1188 1417 1228 qua
1446 1173 1739 1213 aedificaverat

254 1230 579 1281 monasterium,
629 1231 822 1284 opinatus
852 1230 968 1285 quod
1002 1232 1161 1271 veritus
1194 1232 1306 1271 foret
1336 1230 1533 1271 terribile
1561 1229 1739 1269 verbum

255 1286 370 1341 quod
399 1287 574 1327 dederat
601 1287 679 1328 sibi
712 1287 1041 1341 contemptibilis
1070 1288 1349 1342 Nieephorus,
1385 1292 1428 1327 et
1456 1287 1497 1326 in
1531 1286 1645 1325 nullo
1674 1300 1739 1325 es-

254 1349 315 1383 set
337 1343 575 1384 laedendus.
637 1349 678 1383 at
707 1344 776 1384 ille
807 1344 947 1398 primo
981 1344 1150 1399 quidem
1180 1343 1363 1385 denudat
1394 1343 1510 1383 illum
1543 1343 1736 1382 substan-

255 1400 312 1440 tia
345 1400 461 1452 eius,
487 1405 528 1441 et
558 1400 778 1441 occasione
807 1407 980 1455 accepta
1017 1415 1160 1441 omnes
1193 1401 1425 1441 thematum
1454 1399 1668 1454 principes
1700 1403 1742 1438 et

255 1456 539 1505 habitatores;
569 1457 772 1512 quosdam
802 1463 942 1498 autem
963 1463 1005 1498 et
1036 1456 1087 1498 de
1115 1458 1229 1512 regia
1261 1457 1368 1498 urbe
1398 1457 1638 1512 captivavit,
1670 1469 1741 1495 ex-

129 1516 245 1565 p.745
260 1513 437 1553 ercitum
468 1519 607 1554 autem
637 1528 739 1569 roga
766 1514 986 1568 privatum
1019 1514 1216 1555 deseruit.
1292 1529 1441 1554 verum
1477 1513 1567 1567 quis
1600 1525 1740 1552 sermo

261 1584 461 1610 enarrare
502 1569 708 1625 condigne
754 1570 929 1611 sufficiet
960 1585 1120 1625 opera,
1164 1586 1272 1626 quae
1314 1571 1457 1611 diebus
1498 1569 1576 1609 illis
1610 1569 1661 1608 ab
1692 1583 1741 1608 eo

260 1632 359 1666 sunt
392 1632 502 1681 gesta
546 1642 626 1681 per
665 1626 965 1682 indulgentiam
1001 1627 1067 1668 dei
1107 1635 1291 1682 propter
1322 1626 1536 1667 commissa
1570 1625 1743 1666 nostra?

261 1697 373 1723 nona
403 1683 470 1723 die
499 1684 675 1738 Augusti
714 1683 862 1724 mensis
903 1684 1150 1726 undecimae
1181 1684 1422 1724 indictionis
1456 1682 1651 1723 defuncta
1684 1687 1746 1722 est

262 1739 511 1795 imperatrix
538 1740 719 1781 Heirene
751 1741 790 1780 in
822 1741 943 1782 exilio
977 1741 1132 1782 insulae
1162 1741 1297 1791 Lesbi,
1334 1747 1376 1781 et
1407 1739 1654 1779 translatum
1685 1744 1746 1778 est

263 1811 418 1850 corpus
448 1797 533 1837 eius
565 1796 607 1836 in
637 1796 811 1837 insulam
839 1797 1055 1852 principis,
1102 1798 1144 1838 in
1173 1797 1477 1838 monasterium
1508 1795 1625 1852 quod
1658 1795 1747 1850 ipsa

263 1855 509 1894 construxit.

376 1920 526 1962 Mundi
556 1935 666 1961 anno
689 1917 815 1971 6246,
846 1920 1011 1962 divinae
1039 1920 1338 1961 incarnationis
1370 1933 1479 1960 anno
1513 1916 1609 1971 746,
1635 1931 1745 1958 anno

265 1977 432 2033 imperii
461 1977 523 2018 sui
554 1978 737 2018 secundo
769 1977 1030 2032 Nicephorus
1063 1978 1287 2018 coronavit
1316 1975 1585 2022 stauracium
1615 1975 1747 2015 filium

264 2048 384 2075 suum
414 2048 495 2088 per
533 2034 751 2074 Tarasium
802 2035 1101 2075 sanctissimum
1153 2033 1442 2088 patriarcham
1479 2033 1519 2072 in
1569 2032 1748 2072 ambone

266 2091 436 2131 maioris
466 2090 660 2132 ecclesiae
699 2091 741 2130 in
777 2093 1100 2146 imperatorem,
1131 2105 1227 2130 cum
1255 2096 1358 2130 esset
1387 2089 1543 2130 inutilis
1573 2088 1625 2128 ad
1652 2095 1749 2128 tan-

267 2153 354 2188 tam
379 2147 514 2188 modis
558 2148 748 2188 omnihus
791 2147 1060 2203 dignitatem,
1094 2154 1180 2188 tam
1217 2147 1373 2188 scilicet
1412 2153 1579 2201 aspectu
1622 2160 1749 2200 quam

268 2205 428 2245 robore
457 2205 572 2244 simul
618 2211 659 2245 et
688 2219 818 2244 sensu.
893 2212 1081 2245 ceterum
1114 2204 1391 2259 Nicephorus,
1427 2203 1499 2258 qui
1532 2217 1750 2257 nunquam

268 2276 441 2316 usquam
470 2261 693 2302 veritatem
725 2262 931 2312 servavit,
963 2263 1249 2316 Lycaonenses
1279 2260 1495 2316 quosdam,
1529 2260 1612 2298 imo
1647 2272 1748 2297 vero

269 2316 607 2373 Lycanthropos‚
637 2317 868 2358 concordes
888 2323 930 2357 ct
959 2324 1260 2358 consentaneos
1300 2317 1353 2357 ad
1383 2318 1542 2357 Proten
1575 2315 1751 2355 insulam

270 2375 450 2426 mittens,
482 2374 598 2414 iussit
624 2389 692 2415 eos
719 2380 848 2414 noctu
873 2374 981 2414 hanc
1005 2374 1228 2415 ascendere
1252 2381 1294 2414 ct
1322 2374 1601 2428 praedictum,
1633 2370 1749 2426 quasi

270 2447 311 2471 sc
343 2431 565 2486 ignorante
584 2462 595 2483 ,
637 2430 860 2470 luminibus
901 2431 1071 2484 privare
1097 2431 1364 2482 Bardanum‚
1396 2437 1437 2471 et
1467 2437 1562 2484 post
1591 2429 1751 2468 facinus

273 2488 324 2528 ad
357 2488 571 2529 ecclesiam
609 2487 765 2543 fugere.
836 2502 919 2542 quo
959 2488 1071 2528 facto
1115 2495 1198 2528 tam
1232 2487 1474 2541 patriarcha
1505 2493 1547 2526 et
1588 2491 1751 2525 senatus

274 2560 400 2599 quam
429 2558 570 2586 omnes
603 2543 728 2585 deum
756 2544 947 2584 timentes
977 2544 1134 2585 acriter
1174 2545 1415 2584 doluerunt.
1475 2549 1537 2582 ast
1567 2542 1751 2594 impera-

276 2608 347 2641 tor
376 2602 646 2656 nequissimus
681 2601 940 2654 Nicephorus
969 2615 1065 2640 cum
1096 2601 1337 2640 iuramentis
1372 2614 1515 2640 omnes
1545 2599 1753 2652 primores

275 2659 560 2713 Lycaonenses
592 2657 828 2707 simulatus,
859 2657 1103 2711 exquirebat
1142 2658 1182 2696 in
1216 2671 1298 2707 eos,
1333 2664 1379 2696 ut
1408 2655 1653 2709 putabatur,
1685 2653 1753 2692 ul-

145 2715 424 2767 p.746turuS,
453 2716 593 2755 omnia
649 2714 878 2755 secundum
921 2714 1243 2754 ostentationem
1289 2720 1331 2753 et
1371 2712 1473 2752 nihil
1526 2709 1754 2752 secundum

280 2770 404 2811 deum
436 2772 590 2827 iugiter
619 2786 752 2826 agenS.
819 2777 913 2811 erat
960 2770 1070 2810 enim
1104 2770 1159 2810 illi
1196 2771 1426 2824 praecipue
1454 2783 1550 2809 cum
1583 2766 1754 2821 reliquis

280 2828 711 2882 praevaricationibus
739 2834 782 2869 et
801 2826 1090 2868 huiuscemodi
1110 2841 1282 2882 quoque
1305 2827 1456 2867 mentis
1486 2824 1653 2874 idioma,
1675 2837 1755 2877 per
