1768 3268
544 199 613 246 Ex
654 199 1006 247 THEOPHANB.
1443 193 1508 242 89

29 326 173 362 autem
199 314 316 375 apud
338 316 536 375 ⁴'Gangras
581 319 743 375 positus
782 324 844 362 est
883 317 926 358 in
955 317 1115 373 templo
1146 319 1278 360 sancti
1308 318 1509 375 martyris

30 375 222 418 Callinici
260 376 384 418 iuxta
418 376 616 433 reliquias
646 377 760 428 eius,
801 375 952 416 multas
984 375 1177 416 sanitates
1206 376 1406 428 efficiens3
1434 374 1509 430 qui

30 446 128 474 cum
145 433 340 474 exanimis
362 433 532 485 iaceret,
550 448 678 474 manu
703 435 843 474 fertur
871 447 914 473 se
932 431 1144 487 signaculo
1165 432 1300 473 crucis
1319 433 1508 488 signasse.

28 489 280 532 Theodorus
323 496 463 532 autem
506 490 679 546 quidam
725 505 773 531 ex
820 488 882 529 his
913 490 986 545 qui
1026 503 1122 529 cum
1156 503 1207 529 eo
1237 494 1371 539 erant,
1403 487 1510 529 vidit

31 562 127 588 eum
157 547 200 586 in
229 546 380 588 somnis
411 545 490 588 sibi
516 546 725 588 dicentem
753 545 938 600 “excipe‚
968 551 1011 586 et
1038 546 1179 587 abiens
1219 545 1310 601 lege
1334 547 1510 584 Anasta-

33 604 110 654 sio,
128 601 182 645 vet
209 602 292 656 dic,
324 617 402 660 ego
433 603 604 659 quidem
632 602 737 644 vado
761 603 815 643 ad
841 608 986 657 patres
1013 616 1141 653 meos,
1171 616 1357 658 quorum
1387 600 1511 642 fidem

29 656 217 711 servavi,
237 672 324 700 non
346 661 515 702 cessabo
546 667 689 702 autem
716 660 948 701 increscens
977 659 1165 711 domino,
1186 672 1405 714 usquequo
1434 672 1510 698 ve...

31 716 120 757 nias
149 723 194 757 et
221 716 264 756 in
295 716 496 757 iudicium
524 716 853 773 ingrediamur.'’
911 716 1062 756 eodem
1091 729 1204 756 anno
1235 715 1513 756 Alexandriae

30 770 159 814 multi*
182 773 262 813 viri
293 779 336 814 et
361 773 557 815 mulieres
590 780 632 815 et
656 774 782 828 pueri
826 773 1034 814 atrociter
1074 787 1097 812 a
1126 771 1401 812 daemonibus
1431 772 1512 811 ob..

30 829 127 870 sessi
157 836 332 885 repente
362 827 590 871 latrabant.
621 830 664 870 in
692 830 845 870 somnis
878 837 1018 870 autem
1052 829 1225 885 quidam
1244 828 1351 868 vidit
1381 829 1648 884 quen-p·250

33 885 129 927 dam
156 885 366 928 dicentem
406 886 508 942 quia
550 893 735 942 propter
770 886 1135 927 anathematismos
1164 885 1313 941 synodi
1341 885 1514 939 patiun-

35 950 111 985 tur
144 942 233 984 ista.
290 955 428 997 porro
455 943 651 984 monachi
680 943 841 984 heremi
870 943 959 984 zelo
982 943 1127 984 divino
1157 943 1275 994 moti,
1309 947 1516 998 quattuor

34 999 363 1040 contestationes
393 1006 707 1055 componentes,
742 998 842 1040 duas
879 999 1050 1056 quidem
1078 1014 1125 1040 ex
1156 1000 1216 1039 his
1250 999 1399 1040 misere
1431 998 1515 1038 im-

31 1056 239 1111 peratori,
272 1071 399 1097 unam
431 1071 535 1097 vero
583 1056 846 1112 principibus
877 1056 1058 1112 regionis
1085 1061 1128 1096 et
1157 1071 1280 1096 unam
1315 1056 1514 1110 episcopo

30 1114 419 1169 Hierosolymitano
451 1115 612 1164 loanni,
642 1119 921 1168 protestantes
945 1124 1089 1168 'neque
1107 1118 1294 1153 sanctam
1319 1127 1362 1153 se
1391 1112 1517 1151 Chal-

33 1170 310 1211 cedonensem
348 1170 556 1225 synodum
594 1170 964 1225 praevaricaturos
1010 1184 1148 1225 neque
1193 1169 1325 1224 impio
1356 1169 1516 1210 Severo

36 1225 437 1277 communicaturos,
479 1226 581 1282 quin
609 1234 652 1268 et
678 1241 721 1267 se
758 1232 1004 1281 promptam
1032 1226 1192 1268 habere
1221 1232 1419 1277 mortem,
1448 1226 1516 1265 in-

35 1282 258 1324 cendentes
288 1288 332 1323 et
358 1289 502 1323 sancta
535 1283 643 1324 loca.
676 1298 773 1324 sane
787 1283 1141 1324 Thessalonicensi
1168 1283 1368 1338 episcopo
1397 1296 1517 1322 com-

33 1339 276 1380 municante
308 1339 364 1380 ob
395 1346 552 1381 metum
595 1340 863 1394 imperatoris
894 1340 1120 1380 Timotheo
1153 1339 1517 1393 Constantinopo-

33 1396 166 1443 litano
197 1395 428 1450 episcop0,
468 1395 749 1451 quadraginta
794 1397 982 1451 episcopi
1028 1395 1184 1453 Illyrici
1226 1404 1269 1438 et
1313 1395 1518 1437 Graeciae

35 1452 330 1499 convenientes
374 1452 416 1492 in
463 1467 591 1494 unum
617 1467 698 1507 per
739 1454 1043 1508 professionem
1082 1453 1125 1492 in
1155 1453 1320 1508 scriptis
1350 1453 1517 1503 factam,

34 1517 84 1550 ut
112 1525 137 1550 a
176 1509 360 1564 proprio
402 1510 737 1563 metropolitano
788 1509 1009 1551 discessere
1050 1509 1102 1550 ab
1145 1524 1221 1558 eo3
1267 1515 1310 1551 et
1338 1510 1517 1550 Romam

32 1565 246 1608 mittentes
285 1566 478 1606 Romano
523 1566 840 1607 communicare
880 1565 923 1606 in
963 1566 1130 1621 scriptis
1180 1566 1357 1620 professi
1401 1572 1515 1606 sunt.

33 1623 280 1677 episcopum
309 1627 449 1663 autem
481 1622 1154 1664 ThessalonicensemTheodorus
1181 1623 1406 1664 historicus
1436 1638 1514 1677 pa-

33 1678 268 1721 triarcham
297 1679 489 1720 nominat
519 1679 892 1732 irrationabiliter,
921 1680 1103 1722 nesciens
1133 1694 1216 1735 qua
1245 1694 1327 1735 pro
1357 1694 1495 1720 causa.

145 1751 355 1793 Vicesimo
394 1752 563 1808 imperii
604 1752 805 1794 Anastasii
851 1768 961 1794 anno
1010 1754 1168 1794 Ioanne
1196 1753 1397 1794 Nicaeote
1421 1752 1515 1793 Ale·

32 1807 239 1850 xandrino
277 1809 465 1850 antistite
506 1809 723 1851 haeretico
767 1815 967 1861 mortuo,
994 1810 1225 1851 Dioscorus
1254 1810 1411 1864 iunior,
1438 1809 1564 1862 Ti-p.
1585 1815 1654 1850 251

35 1865 194 1907 mothei
227 1865 375 1906 Heluri
418 1867 717 1917 consobrinus,
747 1866 957 1921 praelatus
997 1873 1059 1907 est
1089 1867 1309 1922 episcopus
1339 1866 1517 1907 Alexan·

33 1922 166 1964 driae.
223 1936 320 1963 cum
349 1929 489 1963 autem
506 1924 684 1965 venisset
696 1924 956 1979 Byzantium,
984 1938 1067 1978 pro
1088 1923 1374 1964 Alexandrinis
1403 1923 1517 1977 apud

33 1978 338 2034 imperatorem
381 1979 685 2022 intercessurus
721 1986 904 2035 propter
934 1981 1189 2021 occisionem
1217 1980 1292 2021 filii
1323 1979 1518 2035 Calliopii

33 2035 285 2090 Augustalis,
313 2035 366 2078 ab
400 2036 649 2078 orthodoxis
673 2037 843 2092 publice
863 2037 1062 2078 conviciis
1093 2038 1386 2093 appetebatur,
1418 2051 1515 2077 cum

35 2090 308 2147 procederet,
338 2093 665 2135 existimantibus
704 2109 801 2135 eum
829 2100 979 2134 contra
1010 2100 1125 2134 recta
1156 2094 1352 2150 dogmata
1384 2093 1513 2134 adve-

34 2149 154 2189 nisse.
211 2162 314 2203 ergo
343 2164 438 2190 cum
480 2150 537 2191 ob
577 2150 853 2192 homicidium
878 2150 1186 2202 intercessisset,
1213 2165 1310 2191 cum
1338 2150 1511 2191 festina-

32 2205 148 2247 tione
174 2203 371 2247 discessit.
404 2220 524 2248 causa
542 2222 646 2248 vero
666 2207 802 2248 caedis
820 2206 897 2247 ista
924 2207 1017 2248 fuit.
1049 2223 1144 2248 cum
1158 2208 1390 2249 Dioscorus
1418 2221 1512 2246 ma-

34 2276 110 2303 nus
139 2261 447 2316 impositionem
490 2264 736 2319 accepisset,
767 2278 976 2305 recessere
1011 2264 1295 2306 multitudines
1327 2264 1514 2305 rustico-

33 2331 142 2369 rum,
171 2317 354 2361 dicentes
385 2319 484 2376 quia
518 2320 595 2361 nisi
623 2319 852 2363 secundum
884 2321 1000 2376 quod
1026 2327 1270 2362 sanctorum
1290 2321 1512 2362 continent

33 2375 327 2429 apostolorum
360 2391 538 2418 canones
564 2378 651 2429 fiat,
683 2392 770 2417 non
800 2378 1029 2432 recipietur
1046 2379 1285 2433 episcopus:
1314 2378 1512 2433 princeps

34 2431 144 2472 enim
163 2431 525 2474 inthronizaverat
549 2448 657 2474 eum.
702 2435 932 2474 Dioscorus
950 2441 1090 2475 autem
1110 2435 1226 2476 venit
1256 2434 1308 2475 ad
1335 2435 1378 2474 S.
1391 2435 1510 2473 Mar-

33 2501 142 2540 cum,
169 2493 213 2529 et
242 2489 456 2531 venientes
489 2490 633 2531 clerici
664 2490 893 2532 induerunt
925 2506 1021 2532 eum
1051 2492 1250 2543 secundo,
1281 2497 1325 2531 et
1355 2490 1512 2531 iterum

32 2554 399 2588 consecraverunt.
456 2552 500 2587 et
531 2548 588 2588 ita
618 2548 784 2588 veniens
815 2547 867 2588 ad
909 2549 951 2591 S.
984 2550 1182 2589 loannem
1212 2547 1391 2603 perfecit
1418 2546 1509 2586 col-

33 2600 197 2642 lectam.
267 2618 365 2644 cum
406 2609 546 2644 autem
587 2610 692 2645 esset
735 2604 819 2644 illic
849 2604 1109 2646 Theodosius
1162 2605 1267 2645 lilius
1316 2602 1512 2658 Calliopii

31 2657 263 2714 Augustalis
294 2665 337 2701 et
363 2660 537 2700 Aeacius
565 2662 760 2718 magister
785 2661 979 2714 militum,
1006 2663 1156 2702 turbae
1185 2661 1382 2702 turbatae
1410 2675 1512 2701 coe-

30 2726 136 2768 pere
172 2716 332 2757 iniuriis
375 2716 540 2758 afficere
573 2718 883 2773 Augustalium,
932 2734 982 2759 eo
1022 2718 1137 2773 quod
1184 2717 1376 2758 laudaret
1427 2717 1511 2756 im-

31 2777 275 2823 peratorem
315 2774 589 2814 Anastasium.
658 2789 755 2816 cum
783 2789 887 2815 vero
928 2775 1110 2830 iurgium
1148 2779 1311 2814 motum
1342 2775 1508 2823 suisset,

33 2826 254 2873 insilientes
285 2831 454 2887 quidam
494 2847 518 2872 a
563 2831 659 2874 sede
697 2832 830 2873 filium
862 2831 1095 2887 Augustalis
1139 2831 1437 2886 deposuerunt,
1467 2835 1510 2870 et
