1728 3184
670 174 872 217 NOTAE.
1408 171 1504 219 369

164 288 256 342 130,
279 289 342 332 19.
399 284 664 342 ἐτελεύτησεν
683 281 899 340 Ὁνώριος]
932 287 1223 342 Asclepiodoto
1255 294 1297 330 et
1317 289 1508 332 Mariano

46 356 151 384 coss.
180 343 372 384 scribunt
398 343 589 384 Socrates
619 342 728 383 lib.7
759 358 850 397 cap.
879 342 944 384 23.
1003 345 1155 386 Idatius
1187 351 1229 385 et
1254 347 1438 401 Prosper
1467 347 1510 386 in

46 400 267 441 chronicis.
334 399 569 439 consulatus
614 405 754 439 autem
798 400 867 440 ille
908 414 1018 441 anno
1058 401 1282 441 Theodosii
1314 406 1364 445 15
1396 403 1508 457 apud

48 457 156 510 istos,
187 463 235 496 ut
265 455 378 510 apud
406 462 622 496 auctorem
654 455 921 496 describitur.
972 457 1151 512 *reliqua
1185 472 1232 497 ex
1258 457 1404 498 eodem
1431 460 1511 499 So-

49 518 165 553 crate
193 518 404 566 excerpta.

161 586 254 634 131,
279 586 315 628 1.
372 583 418 624 ἐκ
436 583 520 624 τῶν
545 582 776 636 βασιλικῶν
804 579 1081 638 ὖπογροέφων]
1110 581 1403 640 πρωτοστάτην
1431 585 1515 627 τῶν

47 640 280 691 βασιλικῶν
309 636 592 694 ὗπογροιφὲων
613 640 760 680 scribit
778 641 969 680 Socrates
992 656 1128 695 nuper
1150 642 1311 681 citatus.
1363 644 1515 697 primi-

46 697 198 736 cerium
248 698 498 736 notar-iorum
538 703 665 737 vocat
707 697 873 751 imperii
912 697 1076 737 notitia.
1150 697 1202 738 de
1241 697 1323 737 hoc
1362 699 1515 738 Ioanne

48 751 381 807 olympiodorus
411 750 523 806 apud
549 752 762 793 Photium.

158 822 274 867 Ibid.
301 825 364 867 19.
422 821 695 873 ἐβασίλευσεν
715 820 788 878 ἔτη
816 821 896 874 λα’]
926 824 1023 864 Vat.
1045 838 1105 864 ms
1130 819 1201 879 ἔτη
1226 821 1287 878 λβ’
1317 831 1515 867 recenset.

54 879 330 922 consulendae
360 879 415 920 ad
447 879 558 919 hunc
591 881 730 920 locum
762 881 903 921 variae
934 880 1144 921 lectiones.

163 950 254 997 132,
268 946 308 987 3.
368 942 596 995 Θεοδόσιος
627 944 699 987 διὰ
728 945 948 997 “Ηλι’ωνος]
980 948 1174 988 Socrates
1204 948 1279 988 lib.
1298 947 1323 987 7
1342 963 1431 1003 cap.
1450 948 1517 999 24,

49 1004 248 1060 Prosperi
279 1004 427 1044 chron.

161 1069 275 1122 laid.
289 1070 330 1110 5.
388 1070 639 1123 Μαρουθᾶς
661 1070 708 1111 δὲ
737 1065 979 1121 ἐπίσκοπος]
1011 1070 1090 1111 alia
1121 1070 1171 1111 de
1190 1071 1384 1111 Maratha
1411 1086 1517 1127 pro-

50 1129 134 1168 fert
163 1129 357 1168 Socrates
390 1127 460 1167 lib.
491 1126 515 1167 7
546 1141 636 1180 cap.
667 1126 707 1178 8,
739 1141 846 1181 quae
874 1127 1018 1181 primis
1046 1126 1273 1168 Theodosii
1302 1128 1415 1167 anuis
1445 1143 1520 1182 ge-

50 1191 111 1224 sta
140 1183 403 1234 subindicat,
447 1188 491 1224 et
529 1198 576 1223 ex
621 1197 670 1222 eo
711 1182 888 1222 affirmat
922 1183 1125 1223 Baronius
1156 1184 1208 1223 ad
1240 1198 1394 1224 annum
1422 1181 1519 1224 408.

52 1240 251 1280 historica
283 1240 438 1294 igitur,
479 1254 561 1278 non
592 1239 792 1279 chronica
826 1240 1011 1280 narratio
1043 1247 1115 1290 est,
1162 1255 1237 1280 ceu
1270 1255 1376 1294 quac
1408 1240 1523 1281 Isde-

51 1298 178 1351 gerde
204 1301 375 1335 mortuo
408 1295 476 1335 hie
504 1296 780 1336 interseritur.

165 1364 275 1406 Ibid.
310 1365 373 1406 10.
427 1360 691 1417 Ἶδεσγέρδου
719 1357 937 1412 θανόντος]
967 1364 1159 1404 Socrates
1190 1362 1302 1402 lib.7
1332 1376 1453 1416 capp.
1471 1365 1522 1406 18

51 1426 95 1460 et
121 1419 188 1470 20,
216 1420 420 1474 Euagrius
450 1419 521 1459 lib.
557 1422 576 1461 1
609 1433 704 1472 cap.
741 1420 790 1462 19
810 1452 822 1471 ,
862 1419 1097 1473 Procopius
1127 1419 1178 1458 de
1208 1419 1317 1459 bello
1349 1419 1521 1458 Persico

52 1477 127 1516 sub
160 1476 335 1515 initium.
380 1481 422 1514 at
459 1475 492 1514 si
535 1475 759 1515 Vararanis
802 1490 930 1515 annus
960 1475 1028 1515 hic
1061 1474 1299 1516 undecimus
1341 1481 1414 1526 est,
1448 1474 1522 1530 qui

53 1530 132 1572 σὺν
159 1531 211 1587 τῇ
237 1529 433 1587 βασιλείᾳ
462 1528 532 1571 τὸν
561 1530 634 1583 τῆς
657 1531 877 1583 εὐσεβείας
906 1531 1121 1580 διεδέξατο
1147 1528 1354 1583 διωγμόν,-

169 1607 260 1656 133,
294 1606 358 1648 10.
417 1603 502 1644 τῶν
534 1598 747 1654 λειψάνων
763 1599 1006 1655 Ζαχαρίου]
1035 1604 1287 1643 Sozomenus
1315 1602 1366 1642 ad
1395 1603 1522 1642 totius

51 1661 251 1701 historiae
278 1661 446 1701 calcem.
505 1659 738 1699 chronicon
774 1660 1099 1700 Alexandrinum
1135 1660 1187 1700 ad
1218 1673 1372 1698 annum
1397 1659 1523 1713 prin-

54 1717 156 1772 cipis
186 1717 305 1758 huius
333 1718 555 1771 septimum
583 1715 895 1757 translationem
926 1717 1068 1756 refert.

163 1790 276 1831 Ibid.
305 1789 367 1834 14.
428 1785 501 1830 καί
528 1783 753 1843 Στεφάνου
778 1788 855 1828 τοῦ
883 1785 1258 1841 πρωτομάρτυρος]
1290 1788 1449 1828 delatae
1479 1788 1519 1827 in

53 1845 235 1886 Africam
265 1845 470 1901 Stephani
509 1845 838 1900 protomartyris
877 1845 1078 1899 reliquiae
1125 1845 1176 1883 ab
1207 1844 1361 1884 Orosio
1392 1845 1522 1884 sancti

51 1903 269 1957 Augustini
296 1903 560 1958 presbytero,
593 1907 815 1955 postquam
846 1901 898 1941 ad
928 1902 1229 1956 Hieronymum
1260 1902 1310 1941 ab
1341 1914 1390 1940 eo
1421 1901 1520 1940 mis-

52 1973 117 1998 sus
147 1959 189 1997 in
218 1959 402 1998 Africam
434 1959 657 2008 remeavit,
688 1964 906 2010 praesente
946 1957 1172 1996 Theodosii
1205 1957 1378 1996 iunioris
1410 1971 1519 1996 anno

55 2016 106 2058 19
138 2014 421 2055 inventionem
467 2029 610 2053 earum
639 2027 722 2052 non
758 2014 976 2068 contigisse
1007 2012 1233 2052 declarant.
1263 2013 1379 2067 prius
1410 2013 1520 2053 enim

53 2071 247 2111 inventae
277 2085 400 2125 quam
432 2070 615 2111 delatae:
649 2076 691 2108 at
714 2070 879 2109 vivente
903 2069 1036 2108 adhuc
1052 2069 1309 2123 Hieronymo
1342 2069 1381 2108 in
1407 2070 1519 2108 Afri-

52 2141 140 2166 cam
172 2132 403 2180 asportatas
434 2142 482 2166 ex
512 2141 561 2166 eo
592 2125 848 2177 coniicimus,
883 2125 998 2180 quod
1031 2126 1081 2164 ab
1106 2126 1362 2180 Hieronymo
1392 2124 1517 2164 redux

51 2183 94 2222 in
125 2183 307 2223 Africam
342 2183 514 2223 Orosius
547 2181 811 2236 provinciam
853 2181 1039 2236 reliquiis
1072 2181 1295 2229 ditaverit,
1325 2195 1371 2220 ex
1402 2183 1516 2220 Mar-

50 2239 187 2279 cellini
227 2239 428 2279 chronico
473 2238 524 2278 ad
567 2253 718 2278 annum
746 2238 973 2278 Theodosii
1002 2238 1041 2289 9,
1072 2238 1347 2292 Hieronymus
1377 2244 1515 2276 autem

51 2296 159 2336 obiit
187 2295 369 2335 eiusdem
395 2294 703 2345 TheodosiilQ,
734 2302 866 2348 prout
897 2294 1097 2348 Prosperi
1130 2293 1357 2334 chronicon
1392 2300 1514 2332 testa-

50 2359 142 2392 tur:
173 2352 246 2407 qui
276 2367 378 2407 ergo
404 2352 494 2392 fieri
523 2351 678 2404 potuit,
713 2356 760 2389 ut
790 2350 971 2390 eiusdem
1004 2354 1101 2404 imp.
1140 2365 1247 2388 anno
1281 2350 1329 2391 19
1363 2363 1514 2402 reper-

48 2415 116 2449 tae
143 2408 303 2449 fuerint
335 2407 566 2462 reliquiae?
624 2405 730 2446 adde
761 2407 958 2447 Ioannem
987 2405 1374 2459 Hierosolymorum
1403 2406 1512 2444 anti-

49 2464 185 2505 stitem
229 2463 425 2519 reliquias
454 2462 628 2504 Luciani
662 2463 826 2503 monitu
855 2463 1064 2511 effodisse,
1107 2476 1228 2516 quein
1260 2469 1354 2501 ante
1385 2475 1512 2500 annos

50 2532 199 2561 novem
231 2521 451 2561 immemor
490 2519 689 2559 historiae
724 2520 1009 2573 temporisque
1046 2517 1317 2570 Theophanes
1358 2531 1384 2558 e
1412 2517 1512 2557 vivis

50 2577 257 2618 excessisse
287 2577 329 2616 in
364 2575 567 2616 chronico
598 2574 800 2614 laterculo
834 2577 988 2629 posuit.

163 2649 337 2703 134,13.
396 2642 630 2701 ἆγαθότητι
660 2647 793 2702 πολλῇ
821 2642 1063 2696 κινούμενος
1087 2641 1325 2693 Θεοδόσιος]
1356 2645 1512 2686 bellum

48 2705 260 2746 Persicum
292 2721 400 2746 anno
433 2704 662 2744 Theodosii
681 2706 731 2747 13
761 2704 873 2743 iuxta
913 2703 1144 2743 chronicon
1178 2701 1508 2752 Alexandrinum,

49 2763 111 2802 vel
145 2766 194 2807 15
225 2763 337 2803 iuxta
367 2760 655 2802 Marcellinum
693 2761 889 2800 comitem
932 2759 1192 2819 restinctum:
1223 2772 1309 2812 quo
1342 2764 1507 2799 trecen..

167 2845 404 2895 Theophanes
431 2847 483 2882 ΙΙ.
1197 2838 1242 2874 24
