1768 3268
273 210 369 254 200
473 209 753 252 ANASTASu
796 209 1053 251 HISTORIA
1094 206 1512 252 ECCLESIASTICA

271 329 479 364 commoto
509 330 601 364 toto
634 324 814 364 themate
841 324 999 364 Obsicii
1029 329 1070 364 et
1101 323 1413 376 Gothogr·aecis‚
1444 325 1724 378 comprehcn—

268 382 400 435 sisque
431 380 567 420 multis
596 380 750 434 pusillis
781 386 822 420 et
843 382 999 435 magnis
1021 379 1303 434 negotiatoriis
1325 379 1499 433 scaphis,
1530 395 1607 434 per
1634 387 1724 420 ter..

268 452 356 477 ram
385 451 545 491 perque
583 432 696 476 mare
737 436 1025 491 Chrysopolim
1067 442 1257 475 currunt.
1315 449 1410 474 cum
1440 443 1578 486 autem
1611 438 1724 476 urbis

267 488 400 532 classis
430 493 469 532 in
500 498 629 545 portu
659 493 702 532 S.
734 495 893 532 Mam-ae
936 492 1157 532 stationem
1195 490 1367 539 fixisset,
1415 492 1581 547 siugulis
1626 495 1723 548 qui-

262 549 423 603 busque
461 548 603 590 diebus
642 563 721 601 per
751 563 817 588 sex
862 563 1016 588 menses
1046 547 1220 586 invicem
1250 555 1550 601 expugnarunt.
1623 565 1718 589 cum

266 619 366 644 vero
397 605 510 643 urbis
543 603 669 644 stolus
701 604 752 643 ad
773 604 914 643 Neorii
943 603 1056 643 urbis
1087 609 1259 656 portum
1287 604 1501 656 profectus
1530 606 1724 655 stetisset,

143 665 255 712 p.592
269 661 464 704 transiens
492 659 748 700 Theodosius
777 660 1026 699 Thracenses
1059 659 1242 698 obtinuit
1271 667 1423 712 partes,
1481 662 1725 715 proditione

271 731 370 756 vero
400 717 506 755 facta
540 731 617 770 per
643 723 810 769 portam
838 715 1053 770 singularis
1082 716 1193 755 muri
1223 715 1549 757 Blachernarum
1576 719 1725 758 urbem

268 773 394 826 cepit.
451 778 511 812 ast
553 767 688 826 iniqui
722 771 875 812 Obsicii
904 772 1049 825 populi
1080 786 1162 810 una
1193 786 1288 811 cum
1317 773 1617 827 Gothograecis
1649 788 1726 813 no-

268 824 340 868 ctu
369 842 446 882 per
476 829 620 867 domos
646 828 796 867 civium
826 828 1117 877 discurrentes,
1162 828 1383 868 maximum
1412 829 1516 869 nulli
1543 845 1726 884 parcen-

267 891 326 924 tes
355 884 557 924 excidium
579 885 739 936 operati
771 889 878 924 sunt.
934 883 1142 937 principes
1165 890 1315 934 autem,
1347 885 1481 940 quiin
1510 901 1556 926 ea
1587 893 1723 933 erant,

268 940 442 980 Artemii
474 954 554 978 una
583 954 673 978 cum
706 942 915 980 Germano
943 940 1197 980 sanctissimo
1239 942 1480 995 patriarcba
1520 945 1725 983 Constan-

269 996 547 1048 tinopolitano
596 996 924 1048 comprehensos¹
960 995 1169 1036 duxeruut
1206 996 1247 1036 in
1292 1012 1426 1038 casam
1465 1000 1640 1039 Artemii
1684 1006 1726 1039 et

268 1067 414 1092 eorum
449 1052 519 1105 qui
550 1066 642 1090 cum
686 1052 774 1105 ipso
818 1058 950 1091 erant.
1021 1067 1155 1106 porro
1185 1054 1392 1095 Artemius
1423 1055 1483 1095 his
1515 1056 1621 1107 visis,
1650 1055 1726 1096 de-

268 1107 504 1161 speratione
534 1108 593 1147 sui
623 1108 767 1159 fessus,
801 1115 929 1148 semet
962 1108 1096 1161 ipsum
1126 1109 1312 1160 tradidit,
1345 1111 1560 1167 verboque
1589 1113 1724 1166 impu-

268 1163 405 1203 nitatis
433 1164 614 1216 expetito
654 1165 883 1204 monastico
926 1165 1095 1205 indutus
1124 1172 1182 1206 est
1211 1166 1367 1206 habitu.
1428 1183 1553 1222 quem
1584 1169 1728 1208 Theo-

268 1219 403 1259 dosius
435 1220 614 1259 illaesum
644 1234 854 1260 reservans
901 1221 1013 1275 apud
1050 1221 1382 1263 Thessalonicam
1413 1224 1533 1263 exilio
1565 1225 1726 1278 relega-

268 1275 340 1315 vit.
398 1289 529 1327 porro
569 1275 823 1330 Philippicas
864 1276 1085 1331 imperavit
1130 1279 1300 1333 quidem
1337 1280 1451 1320 annis
1494 1280 1655 1320 duobus
1685 1288 1728 1321 et

266 1331 469 1371 mensibus
502 1346 673 1381 novem,
714 1333 918 1373 Artemius
950 1349 1050 1375 vero
1091 1350 1200 1375 anno
1227 1350 1312 1375 uno
1344 1343 1385 1377 et
1415 1338 1618 1377 mensibus
1644 1338 1728 1376 tri-

266 1387 356 1426 bus.
416 1389 498 1426 Leo
529 1394 745 1441 praeterea
765 1405 861 1430 cum
888 1397 988 1430 esset
1016 1398 1193 1444 praetor
1206 1392 1498 1444 Orientalium,
1530 1394 1729 1448 quoniam

268 1442 541 1483 auxiliabatur
570 1446 782 1496 Artemio,
814 1460 897 1485 nou
927 1453 986 1486 est
1023 1448 1209 1487 subditus
1238 1449 1489 1489 Theodosio.
1547 1450 1729 1490 babebat

267 1504 405 1538 autem
433 1500 740 1553 conspirantem
767 1503 842 1542 sibi
866 1509 906 1543 ct
926 1512 1249 1545 concurrentem
1274 1506 1548 1546 Artabasdum
1580 1510 1729 1546 Arme-

268 1555 409 1607 nium,
447 1563 686 1608 praetorem
706 1559 1073 1610 Arxueniacormu,
1101 1561 1168 1600 cui
1199 1567 1240 1601 et
1270 1563 1499 1615 spopondit
1533 1563 1659 1602 filiam
1688 1578 1730 1603 se

268 1625 382 1650 suam
412 1611 451 1650 iu
482 1627 652 1653 uxorem
681 1615 774 1654 fore
805 1615 1023 1665 daturum3
1057 1617 1171 1671 quod
1202 1623 1243 1657 et
1270 1619 1380 1658 fecit.

140 1690 176 1727 p.
189 1679 257 1714 593
383 1679 526 1718 Mundi
558 1695 665 1721 anno
686 1679 807 1730 6208,
841 1683 1002 1724 divinae
1031 1685 1326 1725 incarnationis
1358 1701 1466 1726 anno
1491 1685 1585 1737 708,
1617 1690 1725 1727 Ger..

268 1748 412 1773 manus
458 1736 940 1791 Constantinopolitanus
985 1741 1164 1782 habetur
1209 1743 1400 1794 antistes,
1433 1744 1503 1798 qui
1535 1744 1728 1783 ecclesiae

271 1804 421 1830 novem
448 1792 627 1843 praefuit
659 1794 785 1834 annis.
841 1796 1097 1837 Theodosius
1128 1813 1228 1839 vero
1271 1799 1451 1853 imperat
1481 1815 1588 1840 anno
1619 1814 1728 1847 uno;

271 1846 385 1885 cuius
417 1852 606 1900 tempore
650 1850 857 1891 Masalmas
903 1853 1096 1894 adversus
1147 1852 1552 1909 Constantinopolim
1599 1857 1729 1896 aciem

273 1902 426 1955 dirigit,
457 1910 496 1942 et
513 1905 987 1956 praemisitSuhelimam
1015 1925 1109 1950 cum
1129 1913 1420 1966 exercituper
1450 1913 1612 1962 siccam,
1639 1913 1729 1951 Hu-

271 1973 432 1997 marum
467 1973 564 1998 vero
596 1975 671 2013 per
702 1978 826 2004 mare.
883 1981 1017 2019 porro
1036 1967 1121 2020 ipse
1150 1974 1246 2020 post
1266 1983 1334 2009 eos
1365 1984 1459 2008 cum
1488 1969 1620 2009 multo
1653 1983 1729 2022 ap-

272 2019 422 2066 paratu
452 2015 588 2055 hostili
620 2019 743 2058 venit.
811 2022 1062 2062 Suhelimam
1106 2030 1244 2063 autem
1275 2031 1315 2065 et
1344 2025 1576 2065 Bacharum
1600 2027 1729 2064 Amo-

273 2069 381 2132 rium
425 2073 706 2122 pervenientes
747 2078 933 2118 scribunt
974 2079 1025 2118 ad
1055 2080 1238 2119 Leonem
1265 2088 1506 2135 praetorem
1531 2082 1729 2121 Orienta-

272 2126 373 2164 lium
407 2126 486 2166 ita:
536 2130 748 2170 “novimus
789 2135 885 2187 quia
926 2135 1147 2189 imperium
1184 2138 1471 2177 Romanorum
1514 2145 1557 2178 te
1600 2137 1728 2178 decet.

272 2182 364 2220 veni
396 2196 494 2234 ergo
521 2183 567 2222 ad
589 2200 673 2235 uos,
706 2194 746 2227 et
774 2189 994 2244 loquamur
1026 2206 1133 2246 quae
1152 2192 1204 2232 ad
1232 2208 1375 2247 pacem
1406 2198 1541 2235 sunt.''
1570 2195 1731 2234 intuens

274 2243 409 2300 autem
431 2239 681 2280 Subelimam
703 2247 914 2286 Amorium
945 2243 1174 2288 exercitum
1210 2245 1294 2289 non
1324 2250 1490 2300 habere,
1521 2258 1563 2291 et
1592 2250 1729 2289 inimi-

275 2293 415 2332 eitiam
449 2309 566 2347 penes
596 2298 877 2351 magistratum
906 2304 1039 2343 iacere
1070 2306 1124 2344 ob
1163 2307 1359 2346 auxilium
1395 2307 1511 2362 quod
1545 2307 1730 2347 Artcmio

273 2350 527 2401 conserebat,
564 2353 724 2392 obsedit
750 2356 863 2408 illud,
891 2361 1029 2398 volens
1059 2360 1143 2401 illic
1165 2368 1205 2401 et
1231 2363 1468 2404 Masalmam
1499 2369 1732 2416 expectare.

273 2420 367 2444 mox
396 2412 533 2446 autem
568 2415 612 2448 ut
648 2414 1002 2468 appropinquavit
1044 2418 1234 2470 civitati,
1265 2428 1498 2473 coeperunt
1531 2418 1731 2460 Saraceni

274 2461 461 2502 laudibus
491 2462 702 2506 diffamare
724 2475 960 2520 praetorem
989 2473 1170 2513 Leonem
1199 2474 1508 2530 imperatorem,
1542 2481 1733 2530 rogantes

275 2522 316 2555 ct
338 2517 410 2580 lios
432 2519 502 2572 qui
523 2520 629 2560 intus
658 2531 789 2573 eraut,
819 2525 858 2563 id
891 2526 1020 2579 ipsum
1050 2530 1226 2572 efficere.
1255 2533 1440 2573 videntes
1471 2538 1607 2572 autem
1629 2531 1732 2572 ethi

276 2587 347 2625 qu!
397 2581 516 2614 erant
561 2577 741 2628 Amorii,
774 2581 886 2633 quod
929 2583 1121 2625 Seraceni
1159 2586 1271 2628 hunc
1317 2604 1460 2629 amore
1500 2587 1729 2636 laudarent,

274 2627 544 2670 laudaverunt
593 2638 633 2672 et
665 2634 751 2687 ipsi.
828 2651 1073 2690 cognoscens
1108 2657 1207 2683 vero
1238 2652 1413 2698 praetor
1445 2644 1560 2699 quod
1588 2644 1732 2684 taxatis

273 2699 320 2747 ac
353 2686 609 2740 principibus
651 2704 732 2729 uon
777 2693 1037 2735 existentibus
1078 2696 1312 2749 periturum
1354 2702 1466 2741 soret
1495 2701 1728 2746 Amorium,

270 2741 471 2793 siguificat
513 2744 779 2797 Sulieliman‚
809 2749 867 2787 “si
906 2750 987 2788 vis⁷²
1020 2749 1206 2807 inquiens
1237 2761 1313 2797 “ut
1342 2757 1501 2797 veniam
1535 2755 1585 2796 ad
1616 2763 1656 2796 te
1688 2763 1729 2795 et

273 2810 378 2850 quae
407 2798 517 2852 pacis
561 2807 655 2841 sunt
695 2803 928 2857 loquamur,
973 2821 1047 2847 cur
1080 2810 1240 2853 obsides
1274 2813 1533 2855 civitatexn?''
1594 2818 1635 2852 at
1665 2812 1732 2851 ille
