1728 3184
225 184 321 236 364
720 196 774 235 lN
814 196 1187 238 THEOPHANEM

338 309 431 359 120,
461 310 525 352 17.
579 305 806 361 Ἀρσὲνιος
835 309 883 351 δὲ
916 307 938 349 ὅ
966 312 1115 364 μέγας]
1149 311 1199 351 de
1219 311 1472 352 monasterio
1502 310 1588 352 eius
1618 326 1694 352 no..

221 362 358 415 mine,
396 371 442 404 ut
474 363 645 419 quidem
676 381 803 414 reor,
844 367 984 421 potius
1026 383 1150 422 quam
1179 368 1351 420 nomini,
1383 373 1430 408 ut
1457 367 1583 409 hahet
1612 369 1696 409 Ec-

222 419 447 472 chellensis,
471 421 632 463 disserit
654 421 741 476 ipse
762 423 958 464 historiae
977 424 1202 464 Orientalis
1225 430 1267 465 et
1283 424 1483 466 Arabicae
1510 417 1616 481 pag:
1628 424 1694 466 59.

335 491 428 541 121,
457 485 497 530 4.
569 486 641 530 τὸν
671 489 790 531 κἰὀνα
831 490 910 531 τοῦ
941 492 1207 546 ξηρολόφου]
1248 492 1320 547 qui
1349 492 1475 543 vidit,
1507 492 1692 532 circum-

220 546 366 597 spexit,
397 545 647 599 conscendit,
678 553 719 587 et
745 562 906 589 mensus
938 554 997 589 est
1018 549 1165 589 Petrus
1197 551 1233 589 G
1266 550 1370 601 llius,
1400 556 1595 590 accurate
1623 548 1695 589 de-

221 601 368 643 scribit
408 604 576 645 Arcadii
631 603 866 644 columnam
908 606 987 646 CP.
1029 565 1330 661 topogi'apiiiae
1367 605 1437 648 lib.
1469 605 1499 646 4
1525 620 1622 660 cap.
1655 608 1696 655 6,

221 659 478 714 xerolophon
516 676 562 702 ex
604 659 734 700 Suida
776 666 818 702 et
856 662 960 718 orig.
999 663 1082 704 CP.
1115 662 1377 718 interpretor
1418 667 1581 704 certum
1610 663 1697 703 eius

222 715 337 756 urbis
366 717 518 768 thema,
545 717 630 758 sive
655 717 848 772 spatium.

333 784 440 826 Ibid.
478 788 542 829 17.
599 783 645 824 ἐν
674 783 730 839 τῷ
762 782 970 842 Ἑβδόμῳ]
1000 786 1235 828 Hebdomus
1279 786 1403 827 urbis>
1427 786 1568 842 regiae
1600 785 1699 826 sub-

221 841 391 882 urbium
421 840 474 881 ad
503 839 763 882 occidentem
793 847 835 882 et
860 845 1191 896 septentrionem
1220 858 1411 898 vergens,
1443 843 1557 899 quod
1586 842 1699 882 forte

220 899 457 953 Septimum
497 905 792 939 numeraretur
823 898 933 939 inter
972 901 1189 951 suburbia,
1230 901 1289 941 sic
1319 899 1493 940 dictum.
1549 899 1698 939 Petrus

222 955 381 1011 Gyllius
412 954 493 995 CP.
525 954 832 1010 topographiae
876 955 950 997 lib.
976 956 1005 997 4
1044 972 1134 1011 cap.
1169 957 1208 996 4.
1282 955 1485 1012 templum
1529 970 1700 1011 quoque

221 1012 446 1053 Prodromi
478 1011 534 1053 ita
563 1011 723 1052 dictum
754 1011 936 1054 edocent
965 1014 1145 1068 origines
1175 1014 1256 1053 CP.

334 1083 427 1131 122,
451 1081 514 1123 10.
543 1077 588 1119 ἐν
614 1079 666 1133 τῇ
692 1077 842 1134 ’.Αρυὶζ
871 1081 922 1136 τῇ
950 1081 1026 1122 νῦν
1049 1078 1387 1136 Ῥουφινιαναΐς]
1417 1080 1605 1132 Quercus
1634 1077 1700 1119 lo-

222 1153 292 1179 cus
321 1144 435 1178 trans
477 1150 595 1176 mare
637 1136 777 1176 Rufini
807 1137 904 1177 villa
943 1137 1216 1192 postmodum
1248 1142 1432 1177 vocatus.
1490 1134 1699 1175 Palladius

220 1195 372 1249 dialog.
405 1193 456 1233 de
487 1193 608 1248 gestis
638 1192 848 1249 Chrysost.
887 1198 1137 1246 προαστεῖον
1166 1190 1452 1249 Χαλκηδόνος,
1481 1192 1698 1232 Chalcedo-

221 1253 285 1293 nis
311 1250 545 1292 suburbium
572 1250 721 1292 scribit
751 1250 943 1292 Socrates
972 1250 1046 1294 lib.
1078 1249 1105 1291 6
1137 1266 1228 1305 cap.
1263 1248 1328 1294 14.

334 1317 442 1360 Ibid.
475 1321 540 1362 17.
597 1317 659 1366 εἰς
692 1314 946 1372 προάστειον
981 1316 1086 1359 κατὰ
1115 1315 1160 1360 τὸ
1193 1315 1461 1373 Ἀνάπλουν]
1505 1317 1698 1356 καλεῖται

223 1375 467 1427 Mammas,
497 1374 643 1416 scribit
671 1374 781 1416 idem
810 1375 1000 1417 Socrates
1032 1382 1144 1416 trans
1175 1376 1289 1417 urbis
1317 1380 1489 1431 portum
1516 1372 1567 1414 ad
1598 1372 1699 1414 Ori-

224 1438 377 1473 entem.

339 1499 430 1551 123,
464 1495 504 1540 4.
562 1498 607 1541 ἐν
640 1495 755 1556 τόπῳ
793 1500 1002 1557 λεγομένῳ
1031 1497 1079 1541 τὰ
1111 1498 1355 1551 Πιπτοὲκια]
1384 1494 1492 1551 πρὸς
1518 1493 1597 1550 τήν
1623 1509 1698 1547 με-

222 1555 430 1609 σεμβρίαν
469 1556 541 1610 τῆς
572 1556 793 1611 ἐκκλησίας
835 1553 916 1608 πρό
947 1558 1024 1596 τοῦ
1062 1553 1179 1597 οἴκου
1209 1556 1282 1609 τῆς
1311 1550 1495 1609 μεγάλης
1522 1552 1697 1607 βουλῆς.

223 1614 286 1654 ad
309 1612 621 1654 meridionalem
649 1614 796 1668 templi
818 1615 1005 1669 plagam,
1037 1622 1129 1654 ante
1161 1612 1326 1653 domum
1355 1613 1495 1666 magni
1520 1618 1696 1661 senatus,

223 1670 368 1711 scribit
411 1670 658 1710 Sozomenus
697 1669 767 1710 lib.
801 1670 828 1710 ὅ
869 1685 960 1724 cap.
993 1668 1057 1711 20.
1101 1671 1289 1710 Socrates
1331 1684 1466 1723 nuper
1498 1667 1697 1716 laudatus,

224 1727 276 1767 ad
308 1726 488 1781 plateam
517 1727 560 1770 S.
582 1727 764 1782 Sophiae
797 1727 929 1781 ponit.
989 1733 1134 1767 auctor
1161 1728 1336 1781 πλησίον
1363 1727 1438 1778 τῆς
1469 1720 1592 1777 ἁγίας
1622 1722 1698 1763 Εἰ-

224 1781 367 1838 ρήνης.
427 1784 564 1824 Irenes
595 1785 754 1838 quippe
783 1790 826 1823 et
854 1782 1034 1838 Sophiae
1064 1783 1182 1824 aedes
1212 1790 1313 1823 tunc
1341 1781 1540 1835 temporis
1572 1794 1698 1834 quam

224 1841 407 1890 vicinae,
438 1845 486 1879 ut
525 1841 715 1894 superius
746 1854 838 1895 pag.
870 1839 921 1880 18
959 1840 1258 1880 annotavimus.
1317 1835 1534 1879 Πιττὰκια
1563 1851 1696 1890 porro

224 1897 364 1937 locum
394 1896 450 1936 ita
476 1895 634 1937 dictum
669 1897 858 1936 scribunt
889 1897 994 1951 orig.
1034 1898 1126 1948 GP„
1158 1896 1273 1951 quod
1305 1896 1356 1936 ad
1385 1897 1534 1935 Leonis
1563 1895 1699 1947 impe..

225 1953 380 1994 ratoris
418 1960 597 1994 statuam
636 1952 901 2007 postmodum
939 1959 1120 1994 erectam
1162 1954 1307 1994 brevia
1335 1953 1610 2007 supplicesque
1643 1950 1698 1989 li-

225 2011 347 2051 bellos
371 2010 549 2065 populus
578 2024 791 2064 apponere
816 2012 981 2051 soleret.
1045 2011 1076 2051 is
1101 2017 1240 2051 autem
1261 2009 1414 2050 sororis
1443 2006 1701 2062 Euphemiae

225 2067 448 2123 palatium,
483 2081 567 2123 quo
597 2067 814 2107 ferebatur
843 2067 883 2106 in
915 2082 1005 2108 eam
1027 2082 1168 2108 amore
1199 2066 1387 2122 quotidie
1418 2065 1702 2120 frequentans,

226 2121 445 2166 Πιττάκια
492 2125 679 2179 apposita
708 2124 775 2164 vel
805 2124 945 2164 oblata
989 2125 1103 2180 regia
1134 2122 1452 2164 mansuetudine
1484 2121 1702 2176 perlectu-

226 2195 296 2222 rus
327 2195 375 2221 eo
408 2181 500 2221 loco
544 2180 814 2235 acceptabat:
863 2196 908 2221 ex
941 2195 1024 2235 quo
1068 2179 1298 2230 Πιττάκια,
1331 2180 1463 2219 libelli
1485 2178 1700 2235 supplices,

227 2252 379 2278 nomen
418 2237 668 2293 impositum.
727 2244 770 2278 at
796 2237 830 2277 si
865 2235 1047 2293 μεγάλης
1076 2236 1247 2292 βουλῆς,
1275 2236 1426 2278 ibidem
1458 2241 1499 2276 et
1529 2235 1701 2275 Πιττα-

226 2294 328 2336 κίων
357 2295 484 2335 locus.

342 2361 435 2413 124,
467 2364 531 2406 12.
602 2361 660 2417 τῷ
697 2360 735 2401 δ’
765 2360 879 2418 αὐτῷ
917 2357 1000 2402 ἔτει
1031 2361 1298 2415 ἐτελεύτησεν
1338 2358 1362 2414 ἧ
1391 2357 1595 2411 Εὕὸοξιά]
1625 2372 1701 2399 nec

228 2418 568 2476 Chrysostomum
607 2418 650 2459 in
693 2418 857 2459 exilium
902 2419 1023 2473 pelli,
1070 2433 1147 2459 nec
1179 2418 1409 2459 Eudoxiam
1431 2416 1511 2457 hoc
1540 2430 1648 2456 anno
1678 2429 1702 2455 e

226 2477 328 2517 vivis
358 2475 555 2518 excedere
583 2475 767 2530 potuisse
798 2475 1054 2516 demonstrat
1085 2475 1278 2516 Petavius
1314 2475 1381 2516 lib.
1420 2477 1468 2517 11
1510 2472 1560 2513 de
1588 2472 1702 2512 doct.

227 2538 355 2588 temp.
385 2548 476 2588 cap.
506 2528 575 2583 47,
607 2532 727 2572 huius
759 2532 869 2573 enim
898 2540 1101 2583 mortem,
1138 2539 1180 2574 et
1209 2533 1314 2573 illius
1343 2531 1508 2572 exilium
1543 2529 1592 2570 ad
1623 2544 1701 2568 an-

227 2605 328 2629 num
357 2590 526 2630 Arcadii
556 2588 762 2629 decimum
794 2589 932 2644 alligat
960 2590 1034 2630 lib.
1069 2593 1133 2641 13,
1166 2590 1216 2630 ad
1248 2604 1401 2629 annum
1428 2586 1591 2642 period.
1625 2585 1699 2625 Iul.

228 2649 355 2691 5117.
391 2647 540 2700 quibus
572 2646 672 2686 illud
701 2646 802 2686 mihi
823 2646 1041 2701 suffragari
1069 2648 1236 2688 videtur
1254 2650 1557 2700 argumentum,
1588 2640 1700 2697 quod

228 2717 322 2743 cum
353 2718 375 2743 a
405 2705 570 2744 Ioannis
600 2702 835 2758 expulsione
865 2703 916 2743 ad
943 2703 1110 2744 Arcadii
1140 2710 1321 2743 mortem
1353 2704 1545 2743 Socrates
1575 2700 1644 2738 lib.
1673 2695 1701 2738 6

228 2774 349 2815 capp.
387 2761 519 2805 1617
554 2763 603 2805 18
637 2767 678 2801 et
709 2763 775 2810 21,
803 2767 844 2801 et
885 2759 1113 2801 chronicon
1149 2759 1476 2801 Alexandrinum
1508 2756 1699 2797 consula-

228 2821 293 2858 tus
333 2823 533 2872 quattuor
573 2824 840 2869 recenseant,
875 2823 1023 2858 auctor
1068 2833 1170 2858 vero
1200 2832 1325 2858 anuos
1365 2815 1566 2856 duntaxat
1595 2812 1699 2852 duos
