1728 3184
203 191 301 237 368
704 191 760 233 1N
802 191 1177 234 THEOPHANEM

202 317 287 350 tam
314 308 528 350 honorum
561 310 725 361 partem
753 307 962 362 acciperet
981 338 994 360 ‚
1022 307 1219 363 precibus
1250 307 1411 362 agebat.
1469 309 1677 364 repulsam

200 365 359 420 saepius
399 379 540 419 passa,
577 362 629 403 ad
674 364 845 404 amitam
885 365 1059 405 divcltit
1102 364 1535 431 Constantinopolim,
1566 381 1674 422 quae

199 430 321 462 causa
351 421 456 461 illius
479 426 691 475 suscepta,
720 422 927 461 actionem
945 422 987 460 in
1015 421 1166 461 fiatres
1199 421 1392 475 instituit,
1421 429 1463 463 et
1483 422 1534 464 de
1552 422 1680 463 Athe-

199 478 321 518 naide
362 492 514 519 sorore
550 477 591 517 in
634 476 899 519 haereditatis
952 479 1216 517 consortium
1259 479 1494 519 asciscenda
1534 494 1680 520 coram

197 535 420 576 Pulcheria
451 535 560 575 diem
602 534 715 574 dicit.
788 534 902 574 adest
934 534 1129 575 Athenais
1160 549 1251 574 eam
1281 541 1542 576 venustatem
1571 536 1678 575 facie

198 592 450 647 praeferens,
483 606 607 646 quam
637 591 713 630 sibi
741 591 917 631 finxerat
934 590 1209 641 Theodosius,
1241 605 1289 631 ac
1315 599 1537 646 praeterea
1565 591 1678 632 litte.

199 664 343 689 rarum
373 648 562 688 omnium
587 648 754 701 copiam
775 677 786 697 ‚
826 648 900 688 ubi
932 661 1012 702 pro
1042 662 1084 688 se
1112 648 1264 699 oravit,
1291 649 1342 688 ad
1373 649 1458 690 eius
1488 649 1678 688 tribunal

197 704 400 761 exposuit.
458 704 579 758 pluia
612 703 776 744 dicam?
809 719 892 744 una
919 704 1070 758 placet,
1113 719 1219 759 quae
1252 718 1337 744 non
1369 705 1498 745 modo
1527 706 1679 745 foemi-

198 777 371 815 narum,
416 761 486 801 scd
515 775 622 816 quae
652 761 844 801 virorum
875 762 999 802 etiam
1030 766 1278 801 ornamenta
1308 761 1572 825 laudesque
1562 776 1603 801 ιη
1635 775 1678 802 se

197 834 278 860 una
307 795 536 872 collegerit.
597 817 650 856 ad
678 817 880 871 palatium
911 817 1072 870 puellae
1098 818 1284 858 condicit
1300 817 1536 867 Pulcheria,
1570 833 1678 873 quae

195 890 291 915 mox
323 891 346 915 a
371 874 493 915 sociis
522 875 722 913 comitata
753 872 1018 913 cubiculariis
1058 875 1352 925 committitur,
1385 880 1428 914 et
1458 874 1677 914 inducitur

196 934 237 972 in
268 930 515 972 Pulcheriae
554 930 797 970 thalamum.
874 930 1076 984 ingressus
1107 931 1264 970 iuvenis
1296 931 1532 983 imperator
1560 931 1677 970 Pau-

194 990 280 1028 lino
314 987 467 1028 comite
498 1001 574 1041 per
604 988 755 1040 velum,
784 986 922 1026 velum
952 987 1063 1026 enim
1091 987 1229 1040 puella
1259 987 1388 1028 oculis
1422 987 1672 1038 obduxerat,

194 1045 362 1098 furtim,
392 1045 574 1109 raptim,
605 1043 676 1083 sed
718 1048 877 1084 attente
898 1043 1121 1107 conspicit,
1179 1044 1343 1083 vultum
1375 1043 1461 1083 eius
1495 1058 1676 1096 omnem,

193 1117 242 1153 ac
255 1097 392 1142 simul
426 1101 466 1140 in
495 1115 585 1141 eam
614 1099 814 1140 nidorem
842 1099 980 1139 animo
1012 1099 1180 1153 accipit,
1213 1114 1260 1139 ac
1295 1099 1503 1140 demum
1493 1116 1534 1140 in
1567 1115 1674 1140 con-

193 1159 307 1213 iugii,
343 1158 465 1206 vitae,
499 1163 540 1197 et
570 1157 738 1211 imperii
769 1156 1032 1196 consortium
1060 1156 1239 1197 assumit.
1318 1157 1512 1198 Socrates
1546 1156 1617 1197 lib.
1650 1156 1674 1196 7

193 1230 282 1270 cap.
312 1218 379 1266 21,
410 1214 615 1269 Euagrius
648 1213 719 1254 lib.
756 1216 777 1256 1
811 1227 904 1268 cap.
934 1211 1001 1253 20.

307 1301 459 1350 130,1.
520 1297 734 1338 Ev’dom'av
761 1294 1075 1349 μετωνόμασεν]
1106 1296 1292 1337 Atticum
1323 1298 1560 1339 nominibus
1593 1299 1672 1338 im-

190 1355 394 1410 ponendis
435 1355 638 1395 disertum
679 1354 816 1394 multis
858 1354 1050 1408 exemplis
1094 1353 1280 1394 declarat
1316 1355 1510 1396 Socrates
1550 1356 1618 1396 lib.
1647 1356 1672 1396 7

194 1427 285 1467 ca.1p
315 1412 381 1463 25,
414 1412 470 1451 nil
504 1411 658 1450 mirum
690 1411 836 1466 itaque
866 1411 897 1450 si
927 1411 967 1450 in
1001 1409 1190 1451 Eudocia
1223 1410 1469 1466 appellanda
1498 1409 1675 1465 εὐδόκη-

189 1483 276 1509 σεν.
334 1468 503 1508 concilii
532 1468 701 1508 Nicaeni
731 1482 865 1507 canon
885 1465 952 1507 30.
1010 1467 1246 1507 Turrianac
1276 1467 1469 1509 editionis
1505 1469 1675 1509 nomina

191 1525 512 1566 Christianorum
541 1525 757 1564 secundum
785 1525 1023 1580 scripturam
1053 1527 1098 1563 in
1128 1524 1325 1589 baptzsmo·
1352 1527 1506 1589 zmponi
1537 1526 1674 1565 iubet:

189 1597 317 1636 quam
351 1583 457 1622 hene
497 1578 673 1620 εὐδοκία
711 1581 929 1634 uniusque
962 1581 1199 1621 testamenti
1231 1581 1391 1635 paginis
1417 1582 1564 1637 sapiat,
1598 1582 1676 1623 de-

190 1639 404 1678 claravere
432 1644 598 1692 patres,
636 1637 709 1692 qui
754 1637 1009 1677 vocabulum
1054 1636 1157 1677 illud
1199 1637 1242 1678 in
1280 1638 1493 1694 scriptura
1519 1639 1674 1679 lectum

187 1694 422 1735 Eudociam
455 1694 684 1748 designasse
709 1699 939 1734 senserunt.

298 1778 407 1821 Ibid.
446 1776 487 1817 4.
559 1772 762 1830 ἐγεννήθη
804 1774 1184 1829 Ουάλεντινιανός]
1227 1792 1336 1818 anno
1381 1778 1563 1820 Honorii
1606 1778 1674 1830 25,

189 1836 262 1890 qui
277 1834 506 1875 Theodosii
535 1834 777 1875 undecimus
809 1840 870 1874 est
892 1834 1175 1876 Valentiniani
1205 1835 1321 1875 tertii
1354 1835 1463 1877 diem
1493 1836 1673 1876 natalem

187 1892 421 1932 conscribit
452 1890 635 1941 ldatius,
666 1905 792 1945 quem
821 1890 1097 1945 Theophanes
1138 1892 1341 1946 sequitur.
1398 1892 1587 1948 Prosper
1618 1892 1673 1933 ad

188 1963 343 1989 annum
370 1946 706 2003 praecedentem.

300 2031 414 2074 Ibid.
448 2035 515 2075 11.
575 2031 634 2086 τῷ
663 2030 703 2071 δ’
730 2027 847 2087 αὐτῷ
879 2027 967 2072 ἔτει
997 2029 1218 2087 ἐγεννήθη]
1265 2033 1498 2089 superfluus
1529 2038 1572 2075 et
1602 2034 1672 2074 in-

186 2090 298 2131 utilis
329 2089 548 2144 scriptoris
577 2089 715 2129 labor.

299 2163 408 2207 Ibid.
444 2166 508 2207 15.
575 2157 742 2216 ἐσφάγη
782 2157 863 2214 πρὸ
901 2159 982 2202 τῶν
1020 2158 1239 2215 τεσσάρων
1284 2161 1445 2215 νωνῶν]
1489 2164 1524 2204 si
1553 2169 1668 2204 sexto

187 2221 278 2261 idus
307 2219 561 2260 Februarias
592 2219 644 2259 ad
676 2218 900 2273 imperium
931 2225 1102 2259 vocatus
1136 2225 1293 2274 quarto
1316 2235 1447 2261 nonas
1475 2221 1671 2274 Septem..

183 2277 312 2318 lii-iles
342 2276 598 2317 interficitur
620 2275 884 2315 Constantius
914 2274 1197 2316 Valentiniani
1230 2283 1367 2330 pater,
1398 2277 1671 2317 annoTheo-

186 2334 291 2374 dosii
326 2332 575 2374 duodecimo
608 2332 777 2386 imperii,
806 2331 979 2386 collega,
1013 2333 1142 2372 tertio
1185 2332 1346 2374 decimo
1377 2334 1477 2374 lethi
1508 2333 1670 2388 praeda

186 2393 318 2431 factus
348 2396 421 2441 est,
453 2404 501 2431 ex
542 2389 725 2430 auctoris
772 2402 901 2428 annos
936 2404 958 2428 a
992 2389 1232 2443 Septembri
1261 2390 1516 2431 numerantis
1551 2405 1668 2430 com-

185 2454 318 2501 puto3
349 2446 451 2487 illud
482 2452 622 2487 autem
653 2452 735 2496 cst,
767 2445 880 2500 quod
912 2445 1065 2486 idatius
1102 2445 1293 2498 affirmat,
1325 2461 1435 2487 anno
1470 2448 1670 2487 nimirum

186 2503 367 2544 llonorii
386 2502 451 2557 26,
482 2503 525 2543 in
540 2501 766 2543 Theodosii
797 2502 1091 2542 duodecimum
1124 2503 1336 2543 incidente
1361 2503 1527 2558 imperii
1562 2517 1669 2543 con-

186 2562 364 2601 sortium
395 2559 613 2615 accepisse,
644 2573 692 2598 ac
720 2565 921 2613 sequente
951 2559 1174 2600 Ravennae
1206 2559 1465 2601 defunctum.
1523 2559 1668 2601 cadem

186 2618 391 2658 sententia
418 2616 618 2671 Prosperi
646 2615 811 2655 calculis
842 2620 987 2669 apexte
1017 2615 1325 2657 manifestatur.

298 2696 408 2735 Ibid.
443 2698 508 2740 18.
566 2709 668 2749 μηνι
705 2693 854 2746 Oro-95]
888 2694 1026 2747 placet
1065 2695 1193 2749 magis
1224 2695 1403 2735 aliorum
1433 2709 1511 2734 mss
1540 2693 1665 2735 lectio

184 2765 283 2804 μηνι
323 2749 431 2792 Ome
478 2753 520 2807 ι’,
566 2758 609 2795 et
645 2751 790 2792 mensis
829 2750 973 2791 'lhoth
1025 2751 1090 2793 die
1140 2754 1189 2794 10
1245 2752 1476 2806 Augustalis
1522 2749 1665 2790 caedes

187 2808 377 2862 ascripta.
