1728 3184
676 195 879 239 NOTAE.
1417 192 1514 243 451

159 311 256 364 351,
283 311 324 356 9.
379 312 644 370 βεστήτορες]
688 315 902 357 cedrenus
939 317 1233 373 βεστιαρΐιαι,
1267 322 1331 361 rei
1369 311 1520 361 vestia-

49 370 141 466 Zae
171 371 378 468 &miser-i.-
424 373 477 414 de
517 373 668 430 quibus
703 373 965 415 Pancirollus
1013 375 1065 414 ad
1119 376 1313 417 notitiam
1355 378 1523 433 imperii

101 440 130 481 p
161 499 273 540 Ibid.
306 500 368 542 19.
436 501 495 557 τῷ
522 500 570 542 δὲ
600 473 786 558 Μαρτίῳ
825 502 956 555 μηνί]
998 503 1076 544 alia
1122 505 1175 545 ad
1205 521 1294 547 rem
1323 523 1526 563 praeseu-

52 562 137 596 tem
165 557 398 611 spectantia
430 558 561 599 refert
588 559 824 623 Procopius
857 561 910 600 de
935 560 1057 601 aedif.
1091 562 1305 603 Iustiniani
1336 565 1497 606 παλ.

160 627 257 680 352,
285 629 326 673 6.
382 630 574 686 γέγοναν]
603 633 663 672 ita
689 632 873 688 vulgaris
901 633 1041 688 lingua
1071 635 1163 675 vice
1190 633 1403 689 γεγόνασι.
1435 646 1526 680 ter-

53 686 282 727 minatione
312 688 509 729 nimirnm
537 689 680 728 aoristi
708 690 943 743 praeterito
976 692 1191 732 attributa.

163 759 271 800 lbid.
294 761 358 802 12.
414 761 519 815 μηνὶ
541 757 785 818 Ἀπριλλύιιι,
816 761 1076 810 ι’νδικτιώἰός
1107 760 1172 819 δ’]
1204 764 1529 820 adstipulabitur

49 814 298 870 Theophani
328 817 658 858 additamentum
687 819 999 870 Marcellinum,
1039 822 1072 859 si
1104 821 1275 863 Narsem
1304 822 1387 863 hoc
1417 837 1527 863 anno

50 872 235 924 missum,
263 873 513 915 succedente
542 876 697 915 bellum
718 876 942 916 confecisse
973 877 1191 932 intelligas.

164 946 273 987 Ibid.
305 945 370 991 16.
427 947 487 1003 τῷ
527 947 575 989 δὲ
614 945 771 1004 Ἰουλίῳ
811 950 938 1002 μηνί]
982 949 1120 990 varios
1158 956 1202 991 et
1239 951 1425 1006 ingentes
1451 966 1531 1006 per

52 1002 306 1044 Phoenicem
336 1011 476 1044 terrae
507 1012 661 1055 motus,
707 1005 856 1060 quibus
900 1007 1102 1060 Berytus,
1134 1014 1176 1047 et
1214 1008 1321 1048 aliae
1345 1009 1531 1048 civitates

51 1067 337 1111 corruerunt,
365 1063 568 1102 describit
612 1062 805 1117 Agathias
848 1062 923 1103 lib.
957 1063 982 1103 2
1012 1069 1054 1103 et
1082 1065 1256 1105 maturis
1288 1066 1370 1104 iam
1399 1064 1532 1119 frugi-

52 1115 146 1165 bu5‚
178 1122 312 1171 p'rout
339 1118 397 1174 τῷ
422 1117 583 1175 Ἰουλίῳ
612 1118 717 1172 μηνὶ
748 1119 969 1173 contigisse
1000 1126 1163 1161 narrat.

165 1188 263 1241 353,
296 1189 336 1233 9.
408 1186 599 1243 γεγόνασι
645 1188 695 1232 τά
736 1190 944 1247 ἐγκαίνια]
991 1192 1044 1233 de
1091 1194 1234 1248 templi
1274 1193 1396 1234 huius
1435 1194 1531 1246 situ,

52 1244 256 1298 conditu,
289 1247 376 1287 eius
406 1262 553 1300 causa,
589 1248 776 1303 reliquiis
794 1281 806 1301 ‚
852 1255 895 1289 et
922 1251 1050 1290 variis
1094 1251 1147 1291 ad
1176 1252 1293 1291 illum
1318 1251 1534 1292 eventibus

53 1303 292 1358 Procopius
323 1310 432 1344 orat.
467 1305 491 1344 2
520 1306 572 1345 de
602 1306 723 1347 aedis.
757 1306 989 1346 Iustiniani.

163 1376 273 1420 Ibid.
306 1375 372 1417 16.
430 1375 630 1434 ἤνὲῳξαν]
675 1379 846 1419 ecclesia
892 1379 1083 1419 dedicata
1124 1380 1170 1420 fit
1211 1379 1392 1420 eiusdem
1420 1374 1537 1420 ἄνοι-

23 1476 29 1480 ,
56 1432 148 1483 ξις,’
166 1439 209 1473 et
239 1434 445 1473 orationis
478 1435 519 1473 in
550 1449 598 1474 ea
628 1435 841 1477 faciendae
871 1436 1105 1491 permissus.
1137 1435 1433 1492 euchologium
1463 1437 1536 1477 uhi

55 1489 110 1530 de
138 1490 283 1544 templi
315 1491 595 1531 dedicatione.

166 1563 277 1605 Ibid.
307 1561 373 1607 20.
432 1560 645 1616 Εὗτύχιος
674 1562 698 1603 ὅ
728 1563 1052 1618 α’ποκρισιάριος
1083 1562 1309 1615 Ἀμασίας]
1338 1565 1535 1620 Eutychii

55 1620 245 1660 Amaseni
274 1621 461 1674 episcopi
498 1620 550 1660 ad
586 1621 792 1675 synodum
836 1622 916 1665 CP,
960 1622 1266 1676 procuratoris,
1298 1623 1383 1662 sive
1414 1622 1536 1675 legati

55 1676 372 1730 promotionem
418 1684 461 1718 et
518 1684 630 1733 gesta
689 1679 821 1719 refert
860 1678 1101 1718 Eustathius
1149 1677 1263 1733 apud
1298 1679 1470 1719 Surium
1508 1676 1536 1718 6

58 1734 224 1788 Aprilis.

169 1801 270 1857 354,
309 1806 343 1847 l.
401 1807 475 1846 καί
512 1807 572 1863 τῷ
599 1804 837 1864 Αιῗγοιῖστῳ
867 1807 969 1861 μηνὶ
997 1807 1181 1847 ἐπινίκια
1212 1800 1360 1861 ἦλθεν]
1413 1805 1536 1846 addi-

58 1867 288 1904 tamentum
321 1864 556 1904 Marcellini
587 1863 638 1904 ad
669 1880 825 1904 annum
855 1864 1070 1905 iustiniani
1104 1864 1170 1904 25.
1198 1862 1433 1918 Procopius
1462 1862 1531 1902 lib.

58 1918 85 1959 3
117 1919 168 1959 de
196 1920 308 1960 bello
339 1921 582 1961 Gothorum
610 1920 662 1960 ad
691 1922 831 1961 finem.

170 1993 281 2034 Ibid.
309 1992 350 2033 6.
406 1992 486 2034 σὺν
526 1995 587 2050 τῷ
617 1994 801 2049 διαλίθῳ
844 1994 1135 2050 καμηλαυκίῳ]
1167 1993 1335 2034 alterius
1367 1993 1534 2032 Gotho-

60 2065 155 2090 rum
198 2050 302 2105 regis
348 2050 551 2091 Theodati
597 2052 799 2091 nimirum
828 2051 1028 2105 pileolum
1068 2048 1264 2090 διάλιθον
1302 2064 1535 2103 expressum

56 2107 184 2147 habes
213 2107 255 2146 in
283 2108 537 2147 numismatis
566 2109 702 2148 forma
733 2108 846 2162 apud
865 2109 1094 2147 Baronium
1124 2106 1176 2148 ad
1205 2122 1357 2146 annum
1390 2101 1536 2146 &534

57 2178 175 2204 num.
204 2163 273 2216 72,
301 2164 595 2217 καμηλαυκιόυ
624 2164 901 2220 significatum
932 2164 1072 2204 reddit
1103 2164 1295 2214 κίδαριν,
1323 2161 1536 2214 melaena

56 2221 257 2275 κεφαλῆς,
283 2218 486 2270 σκιάδιον,
518 2217 711 2261 πιλίδιον.
781 2222 888 2262 beda
922 2220 974 2261 de
1004 2222 1171 2262 tabern.
1204 2220 1277 2259 lib.
1309 2217 1335 2258 3
1364 2233 1457 2272 cap.
1490 2219 1534 2257 in

60 2277 225 2317 modum
243 2278 417 2318 cassidis
436 2277 669 2318 extenditur
685 2293 808 2332 supra
832 2279 1103 2319 summitatem
1122 2277 1284 2331 capitis.
1312 2269 1378 2314 ὅτι
1406 2270 1536 2314 καλύ-

56 2346 151 2373 πτει
178 2331 354 2385 αὐχένα,
389 2334 695 2388 interpretatur
724 2334 1016 2375 illustrissimus
1042 2331 1377 2389 Trapezuntinus
1405 2344 1534 2386 prae-

61 2389 144 2431 sul:
175 2397 350 2446 etymon
378 2391 596 2431 retulimus
627 2391 681 2431 ad
712 2391 1023 2447 euchologium.

174 2463 280 2504 Ihid.
313 2464 377 2505 11.
447 2463 613 2516 γέγονεν
651 2461 679 2516 ἧ
714 2461 814 2517 ἁγία
845 2462 921 2505 καί
959 2458 1258 2515 οἷκουμενική]
1303 2458 1534 2500 chronicon

61 2519 388 2561 Alexandrinum
409 2519 555 2561 eodem
576 2532 687 2561 anno
708 2521 914 2577 synodum
934 2521 1119 2562 habitam
1142 2524 1346 2559 testatur:
1382 2515 1435 2556 de
1450 2529 1536 2571 qna

60 2575 268 2631 Euagrius
293 2578 364 2618 lib.
391 2574 437 2628 4,
466 2577 700 2618 Matthaeus
729 2578 932 2619 Blastares
972 2579 1025 2619 de
1053 2577 1187 2624 huius,
1217 2580 1260 2615 et
1286 2574 1456 2613 alterius
1483 2570 1537 2611 ad

61 2647 219 2674 annum
260 2634 474 2675 Iustiniani
514 2633 724 2674 decimum
758 2635 1036 2676 conventibus
1075 2632 1225 2672 habitis
1256 2630 1313 2669 ita
1342 2629 1536 2683 loquitur

61 2689 106 2729 in
136 2692 360 2744 prooemio
389 2692 704 2731 nomocanonis.
737 2686 764 2743 ἦ
794 2688 896 2744 ἁγία
926 2692 1091 2742 πέμπτη
1119 2684 1297 2733 σύνοδος
1324 2684 1444 2751 πέντ’«ε
1462 2683 1539 2724 καί

60 2739 264 2799 ἑξήκοντα
289 2745 363 2789 καί
387 2741 536 2788 ἑκατὸν
563 2746 788 2802 θεοφόρων
801 2748 998 2802 πατέρων
1028 2743 1248 2797 συνδρομῇ
1273 2741 1534 2793 ἑκρατυνετο·

0 2850 2 2858 ‚
61 2795 123 2842 ἦν
151 2801 332 2858 ἡγοῦντο
377 2801 429 2845 τὰ
457 2803 606 2859 πρῶτα
635 2803 715 2856 μὲν
742 2804 924 2856 ΙΙἸηνᾶς,
956 2797 1044 2844 εἶτα
1073 2796 1286 2852 Ειῖτύχιος
1315 2798 1362 2838 ἐκ
1390 2796 1534 2838 διαδο-
