1768 3268
566 195 638 236 Ex
678 192 1004 237 mel-:PROBO
1062 193 1145 235 CP.
1540 190 1598 233 17

0 379 103 415 ².'758

370 367 778 421 QUOTQUOT
815 362 1334 408 REGNAVERUNT

111 491 155 529 in
182 488 320 529 decem
345 487 522 528 tribubus
565 487 701 528 Israel
710 517 722 540 ,
765 486 818 527 ab
859 487 977 526 annis
1021 484 1201 525 Roboam
1220 483 1320 541 filii
1347 482 1575 524 Salomonis
1594 515 1605 534 ,

111 563 216 617 regis
240 561 351 602 Iuda
381 563 425 602 in
455 551 664 613 Samaria,
693 575 815 617 usque
842 559 903 600 ad
933 559 1325 613 transmigrationem
1362 557 1497 597 decem
1529 559 1606 597 tri-

110 637 228 677 buum
253 637 299 677 in
329 635 532 689 Assyrios,
559 635 631 676 sub
659 634 838 676 Ezechia
865 645 957 688 rege
983 631 1105 672 Iuda.

111 743 374 784 Hieroboam
401 757 548 784 servus
571 742 824 790 Salomonis,

168 800 242 857 qui
287 807 440 841 unctus
477 807 540 841 est
593 800 646 840 ab
693 798 827 839 Ach'iu

167 856 379 912 propheta
410 871 464 898 eo
495 855 613 912 quod
643 856 828 898 declina-

167 914 280 955 verit
308 913 504 954 dominus
522 915 610 955 eius
636 912 690 954 ad
722 914 825 954 alie-

168 971 336 1041 nigenas
360 971 531 1037 feminas
557 978 600 1012 et
628 971 826 1011 servierit

111 1027 703 1136 Adztnfflffihilssszutltssgznz}
723 1084 761 1127 2.

109 1141 250 1183 Baasa‘.
291 1141 362 1182 hic
394 1141 610 1196 dissipavit
650 1141 824 1183 domum

166 1198 443 1251 Hieroboam,
475 1214 608 1240 annos
643 1199 684 1240 2.

113 1256 214 1297 Heia
242 1255 349 1296 fitius
378 1257 479 1308 eius,
511 1256 589 1297 sub
620 1269 707 1311 quo
740 1255 820 1296 niu

107 1312 381 1410 Zabi-ioqi'iiii:
396 1312 640 1427 ,eizrsn'aoqui
664 1368 822 1411 occidit

165 1440 278 1475 eum,
311 1440 470 1467 menses
508 1425 548 1468 7.

110 1482 256 1523 Ambri
287 1497 419 1524 annos
455 1482 520 1524 12.

107 1551 253 1592 Achab
303 1551 413 1592 filius
456 1551 571 1603 eius,
613 1550 691 1592 suh
731 1565 819 1607 quo

163 1609 303 1649 Helias
322 1607 533 1663 propbeta
554 1608 702 1650 clausit
721 1624 820 1650 cae-

166 1666 255 1706 lum
283 1671 326 1706 et
355 1666 599 1706 sacerdotes
620 1665 719 1707 Baal
752 1667 821 1707 in-

166 1723 354 1775 terfecit,
385 1737 516 1764 annos
549 1723 617 1764 22.

106 1789 315 1832 ochozias
343 1790 450 1832 filius
476 1791 563 1832 eius
592 1803 722 1830 annos
755 1789 796 1832 2.

109 1859 235 1900 Ioran
263 1859 399 1901 frater
418 1859 519 1911 eius,
550 1874 677 1915 quem
705 1859 821 1900 occi-

163 1915 229 1957 dit
258 1916 343 1956 Hiu
370 1915 602 1957 secundum
639 1916 820 1957 verbum

0 1971 96 2018 ‚759
162 1973 349 2026 domini,
392 1973 470 2014 sub
507 1988 595 2030 quo
633 1973 818 2015 Heliseus

161 2030 454 2086 prophetavit,
482 2045 615 2071 annos
635 2030 699 2071 12.

104 2097 213 2149 Hiu,
250 2097 325 2154 qui
363 2104 514 2139 unctus
544 2104 604 2140 est
634 2113 655 2138 a
689 2097 817 2138 disci-

159 2153 262 2208 pulo
293 2154 446 2198 Helisei
487 2156 528 2196 in
580 2155 819 2210 dissipatio-

161 2226 257 2252 nem
297 2211 448 2253 domus
477 2211 622 2254 Achab
664 2227 817 2254 secun-

160 2267 261 2309 dum
275 2269 550 2325 prophetiam
562 2269 718 2322 Heliae,
738 2285 818 2310 an-

160 2338 236 2365 nos
266 2325 333 2369 28.

104 2381 306 2434 Hiochaz,
336 2397 463 2437 quem
487 2385 623 2424 Azana
649 2397 722 2424 rex
737 2383 818 2439 Sy-

161 2438 252 2480 riae
281 2439 408 2493 cepit,
449 2455 578 2481 annos
612 2440 676 2481 17.

106 2496 220 2547 loas,
257 2496 334 2537 sub
367 2511 453 2551 quo
492 2497 678 2539 Heliseus
708 2511 819 2552 pro-

161 2552 290 2608 pheta
349 2553 576 2595 victoriam
622 2554 818 2596 adversus

160 2610 351 2666 Assyrios
400 2612 723 2666 praenunciavit
775 2618 818 2652 et

161 2667 426 2722 operabatur
462 2669 693 2722 miracula,
736 2684 818 2710 an-

161 2738 237 2764 nos
269 2723 335 2765 17.

106 2778 379 2833 Hieroboam,
392 2781 469 2822 suh
488 2796 574 2837 quo
590 2783 694 2824 Iona
710 2798 815 2840 pro·

0 2803 23 2908 h
93 2875 96 2881 ,
161 2836 303 2892 pheta,
337 2854 470 2879 annos
499 2836 569 2880 41.

270 2915 508 2965 Theophanes
533 2922 580 2956 ΙΙ.

894 739 1145 791 Zacharias,
1186 739 1263 780 sub
1306 753 1394 794 quo
1436 738 1609 794 impleta

952 802 1015 836 est
1053 795 1282 850 prophetia
1326 795 1476 836 Helisei
1520 802 1610 847 (re-

951 853 1153 907 promisit
1163 853 1272 893 enim
1292 867 1370 907 per
1399 868 1494 893 eum
1511 854 1608 903 niu,

951 924 1034 964 pro
1065 925 1116 951 eo
1158 910 1276 966 quod
1319 917 1520 964 operatus
1556 912 1609 951 sit

948 968 992 1006 in
1025 967 1153 1008 domo
1176 965 1318 1008 Achab
1337 967 1608 1017 occisionem,

950 1038 1083 1080 usque
1113 1022 1166 1064 ad
1200 1030 1399 1079 quartam
1428 1039 1610 1079 genera..

949 1083 1110 1122 tionem
1134 1096 1181 1122 ex
1199 1081 1291 1135 ipso
1313 1081 1506 1122 futurum
1535 1084 1609 1138 qui

951 1138 1184 1194 imperaret
1214 1139 1368 1189 Israe'l),
1398 1153 1555 1180 menses
1568 1138 1608 1179 6.

892 1194 1018 1236 Serus
1049 1195 1189 1236 occiso
1217 1195 1423 1236 Zacharia
1453 1211 1607 1253 regna-

946 1252 1010 1293 vit
1042 1267 1183 1293 mense
1217 1251 1257 1292 1.

891 1310 1111 1361 manasses,
1143 1309 1217 1366 qui
1245 1309 1407 1350 occidit
1434 1309 1603 1359 Serum,

948 1367 1142 1421 regnavit
1172 1366 1290 1406 annis
1322 1365 1390 1406 12.

890 1422 1090 1463 Faccbias
1121 1423 1229 1464 filius
1258 1423 1344 1464 eius
1376 1437 1510 1463 annos
1542 1422 1606 1464 10.

890 1480 1024 1521 Facee
1042 1480 1148 1520 filius
1160 1481 1388 1531 Romeliae,
1418 1481 1495 1520 sub
1518 1495 1604 1535 quo

946 1538 1084 1577 Esaias
1113 1544 1157 1577 et
1196 1538 1285 1577 Nau
1314 1537 1605 1592 prophetavit,

948 1609 1080 1634 annos
1111 1593 1178 1637 28.

892 1650 990 1691 Osia
1021 1651 1128 1691 fliius
1157 1650 1312 1701 Heliae,
1346 1651 1418 1706 qui
1451 1651 1607 1692 occidit

946 1709 1096 1759 Facee,
1129 1723 1261 1748 annos
1291 1707 1331 1749 9.

890 1765 979 1806 Sub
1010 1765 1092 1806 hoc
1119 1765 1384 1806 salmanasar
1413 1765 1605 1821 Assyrio-

948 1838 1044 1863 rum
1088 1838 1159 1863 rex
1198 1822 1428 1877 captivavit
1471 1829 1606 1863 totam

945 1880 1181 1920 Samariam
1223 1887 1265 1920 et
1305 1894 1448 1934 regem
1479 1879 1604 1933 ipsius

946 1943 988 1976 et
1020 1942 1152 1976 totam
1182 1943 1342 1977 terram
1361 1938 1484 1977 lsrael
1507 1939 1604 1977 abs-

944 2009 1028 2048 que
1054 1994 1314 2034 Hierusalem
1361 2008 1412 2034 ac
1442 1994 1602 2034 duabus

945 2051 1165 2102 tribubus,
1213 2051 1314 2092 luda
1360 2050 1519 2091 scilicet
1562 2058 1605 2091 et

945 2107 1180 2157 Beniamin,
1213 2123 1358 2149 omnes
1380 2109 1505 2148 lsrael
1531 2108 1604 2148 de-

943 2164 1098 2206 ducens
1135 2166 1325 2220 captivos
1360 2164 1404 2205 in
1444 2171 1604 2205 terram

950 2222 1245 2278 Assyriorum,
1301 2228 1505 2278 regnante
1558 2223 1600 2261 in

946 2279 1207 2320 Hierusalem
1232 2308 1242 2319 .
1279 2308 1289 2319 .
1319 2309 1328 2319 .
1364 2309 1374 2319 .
1395 2294 1467 2319 eos
1498 2293 1600 2318 vero

945 2337 1016 2391 qui
1030 2335 1284 2378 dicebantur
1298 2336 1505 2392 Chyudsei
1524 2336 1603 2375 du-

945 2407 1041 2433 cens
1073 2394 1260 2449 Assyrius
1302 2394 1353 2434 de
1381 2400 1496 2433 terra
1528 2407 1603 2432 sua

946 2450 1175 2491 coltocavit
1205 2451 1246 2491 in
1287 2457 1402 2490 terra
1446 2451 1568 2490 israe!
1589 2480 1601 2500 ,

943 2507 984 2546 in
1016 2508 1206 2548 Samaria
1234 2507 1430 2547 videlicet
1458 2513 1501 2547 et
1532 2522 1601 2546 re-

942 2562 1065 2619 liquis
1108 2565 1283 2605 urbibus
1335 2578 1444 2619 quae
1491 2579 1515 2603 a
1556 2578 1600 2604 se

943 2621 1114 2662 fuerant
1129 2622 1352 2674 desolatae,
1366 2634 1449 2674 pro
1466 2622 1598 2661 isra&-

940 2677 1039 2729 litis,
1070 2693 1176 2733 quos
1203 2684 1375 2731 ceperat
1394 2683 1437 2718 et
1457 2684 1597 2718 trans-
1610 2691 1645 2725 p·
1663 2678 1732 2712 760

944 2735 1104 2776 tulerat
1132 2736 1171 2775 in
1195 2742 1356 2775 terram
1384 2749 1516 2775 suam.
1535 2735 1594 2774 ini

941 2797 1081 2832 autem
1123 2799 1285 2832 terram
1315 2793 1437 2832 lsrael
1470 2791 1593 2832 inco-

941 2848 1070 2890 lentes
1115 2849 1353 2890 serviebant
1380 2849 1595 2890 nihilomi-

1408 2925 1431 2960 2
