1728 3184
677 176 876 219 NOTAE.
1406 175 1503 222 505

154 297 251 349 547,
280 295 320 338 9.
377 294 632 348 Βερζιλώις]
661 296 860 338 Bersiliae
889 296 1072 339 reddidit
1083 298 1326 342 Anastasius.
1357 298 1507 354 Βιρζι-

40 355 137 403 λεἀς
157 355 280 395 etiam
309 353 438 395 habet
467 352 596 393 codex
621 353 793 408 Peyrez.

150 426 247 478 548,
280 424 345 468 16.
405 424 801 480 παρακονδακιζειν]
838 425 1040 466 Mem-sius
1084 442 1122 466 v.
1159 425 1504 479 παρακοπάκιον.

40 497 121 524 non
150 491 256 524 eecce
281 483 460 524 daz-erim
487 482 590 538 quid
605 483 671 534 sit,
702 483 777 521 etsi
800 482 1000 525 divinem.
1059 483 1114 523 nil
1144 490 1257 524 recte
1286 485 1504 536 divinabis,

40 539 117 578 nisi
145 539 424 580 velitationem
464 536 626 579 dixeris.
684 537 887 578 videndae
931 540 1199 579 auctoritates
1230 541 1341 594 apud
1363 541 1507 596 Rigal-

38 595 159 636 tium.
218 595 314 635 hinc
339 593 715 646 παρακοιτακιζειν
730 593 977 648 Theophani
994 597 1122 635 contis
1138 597 1345 636 velitando
1373 611 1505 651 agere.

38 649 379 704 παρακοπάριον
405 650 519 690 haud
554 650 656 690 scite
684 650 884 705 Rigaltius
914 651 955 690 in
986 648 1316 702 napaxovra'mov
1346 660 1505 693 mutat:

38 703 257 760 κοπάρων
285 722 324 747 v.
352 702 500 754 κόπος
531 707 751 761 scripsisse,
797 706 1016 747 recordari
1047 707 1262 748 debuerat.
1320 714 1507 748 ceterum

37 762 85 804 τὸ
113 762 495 814 παρακονδακιζειν
522 763 683 803 cunctis
712 765 753 803 in
789 763 911 804 codd.
942 763 1011 804 hic
1040 778 1265 805 occurrens
1294 764 1336 803 in
1366 780 1505 819 παρω-

36 819 295 870 κοντακιζειν
325 818 579 860 emendatius
614 820 861 860 mutandum
892 819 1074 861 videtur.

150 901 252 955 551,
282 903 320 944 2.
388 904 681 957 συνηθροίσθη
711 899 736 957 ἧ
766 901 885 960 ἁγία]
928 919 1081 945 nonam
1114 903 1281 961 quidem
1311 904 1509 945 indictio-

38 972 149 1010 uem,
178 974 261 1015 qua
288 959 497 1016 synodum
528 967 662 1000 actam
692 960 779 1002 eius
796 966 887 1001 acta
906 967 1126 1012 testantur,
1158 967 1351 1002 numerat
1379 976 1508 1001 annus

38 1029 256 1070 praesens:
293 1031 439 1056 verum
482 1016 553 1072 qui
595 1017 760 1070 imperii
791 1031 876 1058 non
917 1018 993 1058 nisi
1022 1017 1294 1059 duodecimus
1322 1025 1396 1068 est,
1426 1033 1509 1072 qua

38 1072 208 1115 ratione
248 1073 398 1113 tertius
437 1087 486 1113 ac
532 1072 715 1114 decimus
746 1081 843 1128 post
880 1074 1166 1126 consulatum,
1205 1089 1314 1116 anno
1345 1080 1511 1114 tantum

38 1128 181 1183 primo
209 1128 451 1180 ineundum,
481 1130 734 1184 putabitur?

149 1202 260 1244 Ibid.
276 1201 318 1243 3.
372 1201 457 1242 τῶν
483 1199 582 1242 σπθ’
611 1200 866 1255 ἐπισκόπων]
899 1203 1119 1257 pauciores
1146 1218 1193 1244 ac
1222 1203 1374 1244 iterum
1403 1217 1509 1258 pau-

35 1258 173 1299 cioroe
202 1258 273 1299 alii
302 1258 505 1309 referunt,
537 1259 647 1300 inter
689 1272 794 1314 quos
824 1259 1028 1300 Batonius
1059 1275 1095 1304 a.
1123 1261 1176 1300 D.
1207 1259 1290 1300 680
1313 1274 1423 1300 num.
1450 1260 1506 1301 41

38 1321 82 1355 et
106 1313 247 1356 Binius
274 1314 384 1356 notis
414 1315 457 1355 in
487 1329 606 1356 conc.
637 1313 664 1355 6
694 1321 859 1356 centnm
890 1330 938 1356 ac
969 1316 1231 1371 septuaginta
1259 1317 1368 1358 solos
1395 1317 1509 1356 Mat..

38 1370 183 1412 thaeus
211 1371 416 1413 Blastares
446 1371 490 1410 in
518 1371 816 1413 nomocauonis
845 1373 1068 1427 prooemio
1096 1380 1296 1415 recenset.

152 1449 261 1490 Jbid.
295 1446 360 1491 14.
432 1449 675 1506 Λίθριζθου]
720 1450 911 1492 Mecham
956 1466 1039 1494 esse
1083 1452 1273 1508 superius
1318 1451 1506 1504 diximus,

41 1505 128 1547 aliis
154 1505 300 1560 Ietn‘b,
326 1505 584 1568 Ecchellensi
625 1507 773 1548 [atrab
806 1508 975 1548 dictam.

156 1579 252 1630 552,
282 1578 347 1620 15.
405 1576 544 1621 ἰστέον
578 1573 643 1620 ὅτι
687 1575 828 1634 μάτην
868 1579 1070 1634 ληρωδῶς
1109 1579 1370 1634 φλυαροῦσι]
1401 1582 1512 1624 inter

40 1635 251 1691 opinionis
282 1636 487 1677 eiusmodi
518 1636 685 1677 asseclas
713 1637 929 1676 Tarasium
963 1637 1045 1677 CP.
1072 1637 1304 1692 praesulem
1335 1638 1513 1679 extitisse

39 1693 329 1734 demonstrant
359 1692 463 1734 haec
485 1692 571 1734 eius
602 1693 730 1734 verba
758 1693 906 1748 synodi
937 1694 1137 1747 septimae
1166 1700 1248 1734 act.
1277 1694 1316 1734 2.
1375 1699 1512 1750 “quae

39 1749 111 1791 hic
138 1749 399 1803 ignorantia,
440 1764 525 1804 qua
566 1749 775 1804 plerisque
817 1750 1014 1790 laborant
1057 1751 1169 1791 circa
1198 1749 1274 1790 hos
1303 1751 1512 1792 canones?

38 1805 280 1849 scandalum
322 1813 383 1848 est
412 1807 521 1848 enim
555 1806 776 1858 dubitare,
807 1821 906 1846 num
934 1806 1016 1847 sint
1054 1813 1191 1848 sextae
1216 1806 1376 1862 synodi.
1434 1822 1513 1848 co-

39 1868 243 1917 gnoscant
282 1862 416 1918 igitur
461 1862 562 1903 tales
587 1868 742 1903 sextam
786 1862 990 1917 synodum
1018 1863 1281 1918 temporibus
1309 1863 1513 1904 constan-

38 1919 120 1960 tini
144 1919 267 1961 fuisse
294 1925 601 1974 congregatam,
631 1919 826 1959 nimirum
852 1926 1002 1960 contra
1033 1934 1117 1972 eos,
1149 1920 1222 1975 qui
1251 1925 1512 1960 tantummo-

41 1976 99 2016 do
129 1990 256 2016 uuam
284 1975 509 2026 actionem,
537 1983 581 2017 et
609 1976 867 2017 voluntatem
898 1977 940 2016 in
970 1976 1137 2018 Christo
1169 1976 1395 2017 coilocant.
1453 1976 1512 2016 ini

39 2032 172 2087 igitur
213 2031 445 2073 haereticos
486 2031 750 2074 anathemate
794 2033 1087 2084 verberantes,
1148 2032 1512 2087 orthodoxamque

39 2089 168 2131 fidem
195 2089 490 2130 confirmantes
507 2120 519 2140 ‚
547 2090 625 2130 sub
657 2104 810 2129 annum
840 2089 1047 2130 decimum
1075 2096 1274 2145 quartum
1303 2090 1510 2129 Constan-

39 2145 116 2194 tini
148 2144 320 2186 domum
350 2145 585 2186 redierunt.
616 2153 712 2200 post
731 2161 858 2186 annos
886 2146 1016 2200 igitur
1046 2152 1263 2202 quattuor,
1293 2145 1355 2186 vei
1384 2146 1512 2200 qnin-

41 2216 141 2257 que,
171 2201 231 2242 ini
276 2201 401 2242 iidem
443 2209 583 2256 patres
612 2203 687 2243 sub
730 2203 958 2243 Iustiniano
994 2203 1252 2244 Constantini
1286 2202 1371 2241 filio
1402 2216 1511 2240 con-

39 2258 202 2313 grQati
231 2272 409 2299 canones
439 2259 690 2300 ediderunt:
740 2274 877 2314 neque
909 2259 960 2300 de
994 2260 1071 2300 bac
1111 2275 1158 2300 re
1187 2258 1402 2314 quisquam
1434 2257 1511 2297 du-

13 2362 17 2363 r
38 2315 184 2356 bitet.”

48 2396 50 2398 ’
151 2386 248 2440 553,
278 2387 319 2428 1.
377 2387 437 2443 τῷ
470 2387 651 2445 δευτέρῳ
679 2384 765 2428 ἔτει
806 2388 880 2442 τῆς
908 2386 1091 2442 ἐσχάτης
1118 2386 1351 2442 βασιλείας]
1381 2386 1509 2426 Trul-

42 2444 158 2485 Ianos
199 2458 379 2485 canones
419 2459 441 2483 a
482 2452 591 2484 sexta
643 2445 804 2500 synodo
848 2460 959 2485 anno
1002 2447 1178 2499 septimo
1209 2459 1335 2498 supra
1363 2443 1510 2484 vicesi-

39 2515 157 2541 mum
185 2501 319 2542 editos
348 2500 431 2540 hoc
459 2516 543 2540 uno
573 2501 851 2554 Theophanes
892 2502 1063 2542 coniicit
1103 2507 1364 2556 argumento,
1394 2499 1510 2554 quod

39 2564 150 2598 sexta
176 2558 339 2613 synodo
370 2573 392 2596 a
422 2556 562 2596 mundi
588 2557 763 2599 conditu
793 2573 918 2609 anno,
950 2566 994 2598 nt
1025 2560 1109 2612 ipse
1136 2563 1271 2611 putat,
1302 2554 1409 2596 6172
1440 2571 1508 2595 ce-

0 2663 1 2667 *
41 2614 219 2665 lehi-ata,
251 2614 303 2654 ad
334 2629 487 2653 annum
517 2612 642 2661 6199,
674 2615 789 2654 cuius
820 2616 904 2668 ipsa
934 2615 1122 2655 meminit
1145 2628 1233 2653 can.
1263 2612 1302 2663 3,
1334 2612 1510 2652 totidem

0 2673 1 2681 ¹
42 2670 318 2711 intercedant.
378 2677 611 2711 occurrunt
646 2669 905 2712 nihilosecius
927 2672 1048 2725 phu-a
1084 2686 1166 2710 non
1196 2669 1300 2709 adeo
1331 2667 1510 2708 calculos

43 2727 131 2767 eius
155 2727 392 2778 turbantia,
437 2742 561 2782 quam
595 2727 814 2781 opinatum
847 2726 1194 2767 manifestissimae
1222 2725 1405 2765 salsitatis
1436 2738 1509 2763 co-

43 2784 274 2838 arguentia.
339 2784 373 2824 1.
405 2799 514 2824 anuo
546 2798 801 2839 quocunque
828 2783 1068 2839 prodierint
1096 2783 1165 2823 ine
1196 2795 1388 2832 canones,
1416 2795 1509 2822 eum
