1728 3184
230 181 326 234 542
721 191 777 232 JN
828 186 1200 236 ΤΠΕΟΡΠΑΝΕΜ

223 310 299 361 βος
326 304 437 347 enim
467 304 656 361 captivus
685 311 767 359 est,
796 312 839 348 et
867 320 1008 347 servus
1041 303 1344 346 recentioribus
1375 303 1560 357 Graecis)
1587 303 1690 344 mibi

226 380 310 404 non
343 367 518 406 constat.

337 435 434 488 680,
467 436 532 477 15.
587 432 669 476 ὗπὸ
713 436 798 476 τῶν
828 434 1033 490 Ἀράβων]
1065 434 1261 475 codicum
1306 434 1494 475 omnium
1523 449 1604 474 una
1633 441 1694 475 est

228 494 363 535 lectio.
392 493 621 534 Anastasius
651 499 692 534 et
722 492 897 533 miscella
931 493 1098 532 inversis
1129 492 1256 532 literis
1284 491 1456 542 habent,
1487 492 1541 530 ab
1570 491 1696 531 Ava-

225 554 364 593 ribus.-
408 556 534 604 atque
565 550 621 589 ita
656 544 854 601 Ἀβάρων
896 549 1114 604 legendum
1160 564 1255 589 cum
1302 548 1542 602 Nicephoro
1586 549 1695 588 scri-

226 609 365 658 bente,
391 604 472 647 ὖπὸ
499 601 694 660 Ἀβὰρων
732 604 804 646 ἐπὶ
843 606 926 646 τῶν
963 605 1217 660 Ἡρακλείου
1255 603 1425 660 χρόνων
1454 619 1698 658 καταστρα-

227 663 373 720 φέντα.

345 734 458 778 Ibz'd.
478 734 544 776 17.
604 733 799 788 χριστάς]
834 735 1065 776 Anastasius
1086 737 1278 776 linitores.
1309 732 1354 774 τὸ
1386 734 1552 790 χρίζειν
1584 733 1699 788 apud

229 794 484 834 recentiores
513 793 627 833 calce
656 793 850 832 dealbare
879 799 964 832 est:
1006 798 1048 832 et
1072 789 1245 846 χριστὴς
1275 792 1422 833 linitor
1452 791 1670 832 eiusmodi.

337 877 451 919 Ibid.
492 876 554 917 18.
623 873 961 932 ὄστρακαριόυς]
993 877 1243 932 Regularum
1282 883 1568 933 testarumque
1611 878 1700 917 fra..

227 940 393 990 gmenta
430 933 623 974 minutim
655 940 828 974 contusa
859 935 1058 989 calceque
1090 934 1274 974 delibuta
1306 943 1542 975 cementum
1573 934 1704 974 effici..

230 997 306 1032 unt
333 990 635 1040 solidissimum,
664 997 706 1030 et
737 992 802 1030 vix
833 1006 939 1045 aqna
975 989 1297 1045 penetrandum.
1329 992 1431 1032 illud
1460 999 1520 1032 est
1549 988 1703 1045 ὀστρά-

229 1061 334 1087 κιον.
393 1048 464 1113 ‹Iui
492 1052 746 1102 praeparat,
778 1048 944 1098 tundit,
973 1048 1141 1098 miscet,
1172 1048 1283 1098 linit,
1315 1045 1610 1101 ὀστρακάριος,
1641 1048 1706 1087 vel

229 1099 498 1158 ἅστρακαρης
528 1104 654 1160 magis
684 1104 865 1144 barbare
896 1104 978 1145 dici
1008 1105 1188 1145 auditus.
1219 1106 1382 1160 reliqua
1402 1104 1676 1160 NicephoruS.

341 1188 437 1241 681,
470 1188 533 1232 18.
593 1187 636 1229 ἑν
666 1189 716 1244 τῇ
746 1190 913 1246 σολαιζι]
945 1205 1071 1245 quam
1100 1191 1224 1231 variis
1260 1190 1394 1231 modis
1424 1191 1608 1231 Graecus
1637 1205 1706 1230 so·

232 1246 311 1287 leas
340 1247 560 1296 scribatur,
585 1246 624 1286 in
655 1245 933 1301 euchologicis
965 1247 1210 1301 expositum.
1249 1247 1319 1287 hic
1365 1253 1538 1302 praeter
1569 1247 1710 1287 literas

230 1317 357 1357 genus
386 1318 555 1358 quoque
585 1309 730 1343 mutat.
803 1304 932 1344 soleas
959 1318 1094 1358 porro
1126 1305 1177 1344 ad
1207 1305 1314 1344 sacri
1344 1304 1564 1344 tribunalis
1593 1309 1709 1357 septa

229 1359 380 1414 gradus
412 1366 471 1400 est
501 1368 777 1401 transversam
803 1361 1017 1401 ecclesiam
1048 1375 1281 1415 occupans;
1313 1371 1371 1401 ac'
1389 1361 1420 1400 si
1452 1361 1492 1400 in
1524 1366 1709 1401 extrema

233 1416 500 1457 ecclesiarum
528 1417 622 1456 navi
660 1431 764 1471 prae
808 1417 949 1458 altaris
998 1424 1039 1458 et
1067 1419 1175 1458 sacri
1218 1419 1324 1473 septi
1353 1418 1515 1458 loribus
1544 1417 1711 1472 gradus,

233 1488 317 1529 quo
354 1473 395 1513 in
437 1489 531 1514 eum
569 1474 909 1527 ascenderemus,
948 1481 1210 1515 occurreret.
1284 1475 1314 1514 is
1345 1480 1404 1514 est
1433 1474 1712 1515 diaconorum

235 1535 277 1571 et
308 1531 517 1570 lectorum
561 1530 699 1582 sedes,
732 1537 774 1572 et
803 1545 849 1572 ex
888 1545 938 1572 eo
967 1537 1167 1586 tanquam
1199 1546 1221 1572 e
1249 1533 1351 1572 solio
1386 1530 1453 1585 (ex
1483 1546 1569 1586 quo
1599 1532 1709 1570 facta

231 1587 479 1641 appellatio)
511 1602 628 1628 sacra
660 1587 901 1629 communio
932 1595 974 1629 et
1003 1588 1156 1628 Christi
1180 1588 1285 1642 regis
1313 1602 1466 1642 corpus
1494 1589 1536 1627 in
1567 1602 1710 1642 popu-

233 1643 320 1683 lum
350 1644 628 1685 distribuitur.
660 1645 702 1684 in
737 1660 787 1686 eo
817 1652 926 1686 stans
957 1645 1264 1699 Constantinus,
1294 1651 1494 1700 tanquam
1523 1645 1566 1684 in
1597 1644 1710 1684 edito

236 1701 477 1755 opprobrii,
507 1715 826 1757 poenarumque
866 1702 944 1742 sibi
986 1702 1243 1743 inflictarum
1273 1701 1556 1756 spectaculum
1585 1700 1713 1741 Cbri-

233 1758 391 1798 stianae
423 1757 535 1812 plebi
563 1759 762 1800 exhibuit.
821 1758 1053 1799 Anastasius
1071 1789 1083 1811 ‚
1109 1760 1155 1799 in
1185 1758 1378 1799 ecclesiae
1404 1759 1574 1812 gremio.

348 1841 444 1893 682,
471 1841 512 1883 3.
579 1841 624 1883 ἐν
668 1843 726 1898 τῷ
760 1839 999 1898 συνθρόνῳ]
1045 1843 1184 1884 sedem
1225 1843 1423 1897 episcopo
1470 1843 1510 1883 in
1546 1842 1716 1883 ecclesia

238 1898 486 1949 editiorem,
524 1914 570 1940 ex
612 1915 696 1955 qua
740 1901 946 1955 populum
975 1915 1142 1939 omnem
1185 1900 1226 1939 in
1261 1900 1431 1940 ecclesia
1457 1907 1717 1954 prospectat,

237 1963 280 1996 et
306 1971 327 1995 a
355 1955 507 1996 dextris
537 1957 795 2012 sinistrisque
840 1957 1078 1997 sacerdotes
1106 1957 1233 1997 habet
1268 1971 1498 2007 assessores,
1527 1954 1717 2008 σύνθρο-

235 2026 306 2053 νον
334 2012 534 2052 existima.
595 2012 901 2068 euchologium.
932 2015 1221 2055 consessionem
1246 2014 1387 2067 posuit
1414 2014 1659 2055 Anastasius.

353 2085 462 2127 Ibid.
507 2084 572 2126 11.
636 2083 901 2136 α’μανίκωτον
918 2082 1074 2136 κοντός]
1097 2088 1267 2127 aestimo
1292 2088 1413 2127 fuisse
1443 2087 1620 2127 casulam
1654 2102 1717 2126 sa-

241 2142 511 2191 cerdotalem,
540 2141 607 2182 vel
630 2157 795 2182 saccum
810 2143 1147 2198 patriarchalem,
1179 2144 1443 2185 conciliando
1477 2145 1713 2199 opprobrio

240 2199 542 2239 brevissimam.
616 2214 662 2239 ea
708 2199 817 2239 enim
864 2206 924 2240 cst
969 2195 1259 2252 ἇμανίκωτος,
1291 2201 1332 2240 id
1366 2207 1425 2241 est
1455 2197 1557 2241 ἄνευ
1587 2214 1719 2252 μανι-

243 2256 361 2306 κίων,
391 2255 577 2306 manicis,
607 2261 655 2295 ut
684 2262 822 2296 totum
847 2256 1059 2297 involvens
1079 2272 1247 2312 corpus,
1283 2263 1412 2301 caret.
1441 2253 1596 2310 κοντός,
1631 2272 1714 2297 non

242 2321 404 2353 contam
436 2311 576 2366 modo,
604 2311 674 2352 sed
704 2312 811 2352 brevi
842 2328 1014 2368 qnoque
1041 2313 1296 2369 respondere
1327 2315 1415 2371 lege
1446 2313 1556 2370 apud
1572 2316 1719 2355 Meur-

244 2369 364 2409 sium.
424 2369 475 2410 de
505 2383 625 2414 sacco
657 2369 753 2409 vide
782 2371 1066 2425 euchologica.

356 2443 466 2484 Ibz‘d.
499 2441 564 2486 18.
621 2441 682 2490 εἷς
710 2438 757 2482 τὸ
783 2439 941 2496 στάμα]
973 2444 1218 2495 Anastasius,
1247 2450 1289 2485 et
1317 2444 1508 2484 miscella.
1540 2444 1604 2484 ad
1625 2459 1724 2485 con-

245 2498 458 2540 sistor-ium,
531 2500 704 2554 optime.
747 2499 848 2539 circi
896 2507 1034 2541 tamen
1079 2502 1262 2556 intellige
1302 2507 1453 2541 metam
1498 2507 1537 2541 et
1569 2501 1720 2551 locum,

248 2569 334 2609 quo
367 2555 465 2611 equi
503 2570 739 2611 currusque
777 2564 950 2609 peracto
985 2573 1111 2598 cursu
1153 2560 1382 2601 consistunt.
1440 2557 1539 2597 hinc
1572 2573 1722 2598 recen.-

246 2612 327 2650 tius
355 2612 535 2652 verbum
563 2613 783 2664 σταματιὸ,
814 2619 856 2652 et
882 2612 1145 2665 σταματίζω,
1178 2616 1290 2665 sisto,
1319 2615 1500 2668 consisto,
1531 2624 1720 2668 expecto.

247 2664 416 2718 στάμαν
446 2668 553 2723 leges
575 2669 685 2724 apud
704 2670 933 2709 Mem-sium
952 2673 1169 2712 stationem
1198 2670 1308 2711 baud
1337 2671 1478 2725 inepte
1508 2671 1727 2724 interpres

248 2729 418 2764 tantem.

361 2801 457 2856 683,
491 2802 556 2844 15.
614 2801 692 2844 οὐκ
709 2801 871 2860 ᾐδέσθη
904 2800 980 2858 τήν
1011 2801 1136 2858 ἁγίαν
1164 2800 1482 2860 κολυμβήθραν]
1514 2805 1618 2846 filios
1637 2806 1720 2845 Co-
