1768 3268
525 205 592 247 Ex
635 203 981 249 'rnssopnlmffi
1387 199 1483 245 207

32 318 83 358 ael
110 324 248 372 partes
277 317 466 360 Thracae
495 334 518 359 a
547 320 717 359 castello
746 318 881 359 Galati
906 325 949 359 et
975 333 1106 373 usqne
1138 319 1190 360 ad
1217 317 1387 360 Didium
1416 331 1494 372 ap·-

28 375 280 430 plicucrunt.
339 390 494 416 verum
533 375 760 430 grandibus
791 375 867 415 illis
907 375 1077 415 navibus
1104 390 1150 416 ex
1181 390 1311 416 onere
1343 389 1494 430 aggra-

32 431 133 472 vatis
161 438 288 486 atque
316 432 561 482 retardatis,
607 431 720 472 dorsi
748 430 938 472 custodes
976 446 1108 486 usque
1141 431 1192 472 ad
1226 432 1373 486 viginti
1402 445 1493 470 sca-

31 488 134 542 phas
165 494 466 541 remanserunt,
497 487 695 528 habentes
724 494 921 529 centenos
951 486 1150 528 loricatos
1178 487 1228 527 ad
1250 487 1323 527 bas
1351 493 1492 527 custo-

31 545 214 585 diendas.
285 552 506 599 praeterea
547 545 801 595 serenitate,
842 558 950 599 quae
979 544 1050 584 has
1089 545 1131 584 in
1161 549 1348 584 reumate
1377 558 1495 583 com-

30 599 269 654 prehendit,
289 601 447 652 effecta,
477 606 520 641 et
549 607 724 654 augusto
749 603 784 652 *)
815 601 1027 642 modicum
1046 599 1172 640 flante
1201 599 1254 639 ad
1286 601 1495 639 exteriora

28 656 229 711 impulsae
256 663 364 696 sunt.
438 658 673 711 imperator
715 671 816 698 vero
860 657 1056 712 protinus
1100 656 1283 712 igniferis
1326 656 1496 695 navibus

28 721 178 754 eontra
209 727 277 754 eas
306 713 474 754 directis
502 713 555 754 ab
575 714 776 768 Acropoli
802 713 874 753 has
903 712 1040 753 divina
1069 727 1151 767 ope
1180 713 1273 767 igne
1301 726 1498 751 consum-

26 770 133 823 psit:
158 776 201 810 et
229 769 334 810 aliae
362 770 530 824 quidem
565 784 612 810 ex
638 769 700 810 his
731 770 783 811 ad
815 771 934 824 ripae
974 783 1117 810 muros
1145 769 1361 823 proiectae
1389 772 1499 818 sunt,

30 827 136 866 aliae
160 839 264 867 vero
296 840 378 865 una
406 840 501 866 cum
527 825 765 867 hominibus
794 827 835 866 in
866 826 1128 880 profundum
1150 826 1362 866 demersae
1387 830 1497 873 sunt,

30 896 166 936 porro
195 881 300 922 aliae
340 896 471 938 usque
500 882 552 922 ad
594 888 758 924 acutam
798 889 842 924 et
869 883 994 923 latam
1024 882 1197 922 insulam
1225 886 1497 935 consumptae

30 945 227 991 portatae
251 944 359 980 sunt.
428 939 526 979 hinc
554 954 658 995 ergo
702 938 775 995 qui
805 946 926 980 erant
954 953 1002 980 ex
1033 939 1139 979 urbe
1166 937 1362 978 fiduciam
1383 951 1494 994 ‹per-
1506 940 1625 988 p.609

29 1000 246 1048 ceperunt.
312 999 375 1034 ast
416 995 550 1036 hostes
592 1010 741 1051 magno
784 1010 944 1050 pavore
981 996 1168 1036 concussi
1198 1000 1308 1045 sunt,
1337 991 1496 1034 humidi

32 1056 323 1105 cognoscentes
352 1051 671 1092 efficacissimam
693 1052 797 1107 ignis
827 1051 1133 1106 operationem.
1162 1051 1359 1092 volebant
1386 1050 1498 1090 enim

30 1106 269 1148 eademdie
297 1109 459 1162 vesperi
487 1107 541 1148 ad
572 1109 690 1163 ripae
711 1123 853 1149 muros
878 1108 1093 1163 applicare
1109 1108 1331 1148 stationem
1361 1113 1403 1147 et
1431 1112 1497 1145 te-

30 1178 173 1204 mones
201 1178 327 1219 supra
351 1165 671 1219 propugnacula
712 1165 943 1220 imponere.
1000 1165 1069 1206 sed
1100 1163 1319 1205 consilium
1350 1176 1499 1203 eorum

31 1219 243 1274 dissipavit
270 1220 536 1274 omnipotens
565 1222 663 1262 deus
689 1235 768 1275 per
797 1221 1131 1262 intercessionem
1155 1220 1403 1261 castissimae
1430 1217 1496 1259 dei

28 1276 252 1330 genitricis,
308 1276 454 1317 eadem
484 1292 587 1317 vero
617 1284 742 1318 nocte
772 1278 1005 1331 imperator
1032 1283 1223 1318 catenam
1250 1292 1272 1316 a
1302 1276 1401 1316 locis
1413 1276 1499 1314 Ga·

31 1332 99 1372 lati
129 1338 293 1373 secreto
322 1335 378 1383 **)
409 1334 602 1374 removit.
637 1334 794 1375 inimici
821 1341 960 1375 autem
983 1335 1241 1375 aestimantes
1273 1331 1388 1388 quod
1417 1346 1498 1370 vo-

29 1389 116 1429 lens
147 1403 217 1429 eos
249 1387 447 1443 decipere
474 1389 583 1430 hauc
624 1390 852 1431 removerit
890 1390 1135 1445 imperator,
1168 1404 1252 1429 non
1284 1389 1366 1429 ausi
1401 1392 1497 1426 sunt

29 1444 191 1485 intrare
219 1459 348 1500 usque
378 1444 431 1485 ad
458 1461 506 1487 ea
530 1461 638 1500 quae
668 1446 870 1487 dicuntur
899 1448 1048 1496 Galati,
1075 1446 1142 1487 vel
1169 1445 1394 1500 applicare,
1423 1441 1496 1483 sed

29 1502 266 1556 navigantes
297 1501 347 1542 ad
364 1502 497 1542 sinum
513 1502 722 1543 Sosthenii
741 1503 824 1543 illic
852 1503 1096 1543 munierunt
1123 1501 1331 1556 navigium
1360 1514 1493 1541 suum.

29 1572 126 1598 sane
157 1563 307 1598 octavo
350 1557 440 1598 idus
470 1559 696 1599 Octobrias
735 1558 920 1599 moritur
950 1558 1188 1600 Sulehiman
1220 1557 1301 1597 dux
1332 1571 1494 1608 eorum,

30 1621 75 1654 et
121 1628 286 1654 amerae
327 1615 452 1654 sumit
492 1614 672 1655 officium
712 1616 884 1656 Humar.
965 1630 1060 1655 cum
1097 1621 1236 1655 autem
1276 1613 1404 1654 hiems
1451 1612 1492 1651 in

29 1669 196 1711 Thrace
223 1670 344 1712 valde
370 1671 507 1726 gravis
537 1673 778 1722 accessisset,
808 1673 913 1712 adeo
942 1678 989 1712 nt
1018 1679 1134 1712 terra
1161 1685 1245 1710 non
1272 1673 1444 1725 pareret
1472 1683 1495 1707 a

31 1727 152 1778 nive,
201 1727 380 1782 quaein
428 1728 666 1784 crystallum
710 1743 828 1769 versa
869 1743 953 1769 esse
982 1728 1231 1778 videbatur,
1267 1723 1494 1768 multitudo

31 1798 239 1838 equorum
269 1790 311 1824 et
353 1785 609 1825 camelorum
644 1791 969 1840 ceterorumque
996 1784 1266 1824 animantium
1301 1782 1496 1823 inimico-

32 1855 127 1879 rum
155 1847 322 1880 mortua
354 1845 427 1881 est.
454 1855 589 1895 porro
626 1842 785 1882 vernali
814 1848 1007 1896 tempore
1029 1841 1147 1881 venit
1174 1839 1375 1894 Suphiam
1401 1852 1498 1878 cum

31 1897 154 1945 stolo,
183 1896 256 1951 qui
285 1897 422 1937 fuerat
455 1898 633 1953 Aegypti
661 1904 943 1949 constructus,
976 1897 1130 1938 habens
1159 1911 1282 1937 naves
1305 1898 1497 1938 frumen-

32 1957 123 1990 tum
151 1952 327 1993 ferentes
358 1950 441 1993 400
474 1961 518 1994 et
549 1955 788 1996 dromones.
847 1960 1064 2008 comperta
1098 1953 1286 1994 Romaici
1315 1952 1496 1994 efficacia

31 2008 133 2061 ignis
166 2010 418 2050 transcurrit
443 2010 710 2066 Bithyniam,
756 2018 798 2052 et
829 2011 871 2050 in
900 2018 1048 2051 contra
1080 2010 1280 2051 transiens
1307 2009 1361 2051 ad
1389 2023 1494 2063 por·
1506 2008 1626 2057 p.610

32 2070 123 2103 tum
148 2064 251 2104 boni
281 2066 381 2121 Agri
409 2067 625 2121 applicuit.
683 2074 780 2122 post
806 2067 1022 2121 paululum
1052 2073 1191 2107 autem
1219 2066 1335 2106 venit
1361 2071 1404 2106 et
1421 2065 1499 2105 Hi-

31 2120 99 2159 zid
129 2134 223 2159 cum
252 2121 332 2161 alio
364 2124 493 2175 stolo,
522 2124 595 2179 qui
626 2124 762 2165 fuerat
790 2130 1054 2164 constructus
1084 2123 1127 2163 in
1156 2122 1311 2174 Africa,
1342 2121 1498 2162 habens

35 2182 79 2216 et
108 2176 193 2230 ipse
218 2191 339 2218 naves
368 2176 451 2219 360
491 2187 533 2220 et
561 2187 867 2221 armamentum
906 2186 948 2220 et
975 2186 1178 2233 sumptus.
1237 2178 1428 2218 similiter
1457 2182 1500 2217 et

33 2233 121 2285 ipse
151 2247 246 2272 cum
273 2233 416 2274 eadem
456 2234 508 2277 de
540 2236 711 2277 humido
760 2237 855 2290 igne
883 2236 1103 2285 didicisset,
1141 2236 1344 2290 applicuit
1372 2248 1499 2288 penes

33 2289 217 2329 Saturon
254 2296 296 2329 et
330 2291 455 2331 Brian
504 2299 546 2332 et
575 2307 703 2346 usque
744 2293 795 2332 ad
832 2293 1001 2333 Cartam
1040 2298 1232 2347 portum.
1306 2289 1500 2345 Aegyptii

32 2359 135 2384 vero
176 2346 325 2386 harum
363 2347 543 2388 duarum
581 2350 765 2389 classium
806 2349 917 2403 apud
946 2364 989 2390 se
1019 2354 1147 2389 noctu
1174 2347 1390 2396 consiliati,
1421 2359 1498 2384 na-

34 2400 147 2444 ¹vium
177 2402 387 2443 frumenta
422 2404 646 2444 ferentium
687 2405 854 2446 sublatis
883 2405 1077 2446 lintribus
1116 2403 1168 2444 ad
1201 2404 1348 2444 urbem
1379 2403 1498 2455 suge-

31 2463 146 2508 runt,
176 2458 477 2512 imperatorem
507 2461 731 2513 laudantes,
765 2463 820 2502 ita
859 2468 906 2502 ut
934 2463 987 2502 ab
1017 2461 1158 2502 Hieria
1187 2473 1319 2514 usque
1340 2457 1392 2498 ad
1422 2471 1499 2497 ur-

33 2512 129 2553 bem
157 2513 339 2569 ligneum
370 2516 585 2558 videretur
625 2533 754 2558 mare.
826 2518 1086 2572 comperiens
1133 2522 1271 2556 autem
1310 2528 1389 2568 per
1425 2527 1496 2553 eos

34 2568 268 2622 imperator
292 2571 344 2612 de
372 2573 622 2613 absconditis
654 2574 694 2613 in
724 2575 814 2614 sinu
834 2574 990 2615 duabus
1021 2573 1224 2621 classibus,
1252 2569 1496 2624 siphonibus

83 2674 102 2691 ²*
143 2675 241 2711 Diae.
267 2689 330 2712 aus
391 2704 400 2711 .

43 2675 116 2769 ⁴⁹3
137 2726 286 2773 secreto]
311 2684 512 2774 μῗιῗῐιικῶς.
560 2727 611 2761 sic
635 2727 763 2761 Graeci
803 2728 860 2764 lc.
891 2733 1143 2762 testamentum
1170 2724 1267 2770 qnod
1295 2735 1339 2756 ex
1363 2724 1498 2768 scripto

133 2777 274 2806 constat
315 2776 504 2818 mysticum
541 2780 577 2808 et
616 2781 791 2810 secretum
835 2776 1044 2821 appellant,
1084 2769 1180 2819 πρὸς
1215 2766 1500 2815 ἀντιδιαστολῆν

131 2823 381 2865 nuncupativi,
406 2823 504 2869 quod
530 2823 685 2857 testibus
710 2823 944 2857 audientibus
969 2826 1209 2867 nuncupatur.
1259 2820 1363 2853 Fun.
