1768 3268
643 190 717 230 Ex
755 187 1059 232 SYNCELLO.
1523 186 1589 230 27

101 292 217 334 urbis
245 291 516 341 «widmann
544 306 653 348 quae
681 292 826 334 omnia
853 291 1087 335 concinunt
1115 292 1177 334 his
1207 307 1317 348 quae
1346 292 1461 333 circa
1494 306 1593 348 pas-

98 350 261 390 sionem
280 349 504 391 salvatoris
533 349 668 391 nostri
697 357 944 391 evenerunt.
976 350 1166 392 scribens
1188 357 1330 391 autem
1358 349 1591 404 ethlego,

98 407 173 461 qui
201 405 472 463 Olympiadas
512 421 641 461 super
688 407 786 461 ipsis
813 412 1060 462 enumerat,
1092 407 1136 448 in
1168 405 1468 448 decimotertio
1496 421 1591 447 ser...

94 477 224 504 mone
250 462 405 509 eisdem
435 463 576 509 verbis
606 465 752 505 asserit
781 464 896 505 baec.
970 465 1135 519 “porro
1176 468 1333 520 quarto
1364 478 1476 504 anno
1506 463 1590 504 du-

95 520 349 563 centesimae
374 521 583 562 secundae
612 521 875 577 Olympiadis
921 521 1033 562 facta
1062 529 1126 564 est
1155 520 1338 562 defectio
1368 519 1465 561 solis
1497 536 1589 560 ma-

92 578 216 631 xima,
248 583 294 620 et
329 592 414 619 nox
446 578 553 621 bora
592 584 706 620 sexta
750 578 835 620 diei
864 579 974 619 facta
1019 584 1095 633 est,
1125 578 1184 618 ita
1214 583 1263 618 ut
1292 576 1420 619 etiam
1445 577 1590 618 stellae

92 634 137 675 in
168 634 285 676 caelo
316 642 531 690 parerent.
603 641 745 679 terrae
784 642 927 677 motus
959 636 1089 678 etiam
1114 650 1288 692 magnus
1317 634 1360 674 in
1389 633 1588 691 Bithynia

92 692 228 733 sactus
255 692 442 748 plurima
470 692 650 735 Nicaeae
675 693 926 735 subvertit.''

203 766 353 807 Mundi
382 782 496 808 anno
519 765 646 819 5534,
677 767 843 808 divinae
862 766 1168 808 incarnationis
1184 779 1296 806 anno
1316 763 1388 806 34.
1449 765 1588 821 prima
1602 769 1722 818 p.619

93 821 165 873 die
192 822 316 864 huius
345 824 460 876 anni,
479 825 622 866 Martii
639 825 788 866 mensis
818 824 888 866 die
906 824 974 877 25,
1002 823 1197 864 dominus
1230 829 1376 864 noster
1395 836 1443 863 ex
1471 837 1589 864 mor-

92 880 176 920 tuis
205 881 337 922 tertio
366 879 435 922 die
461 883 674 930 surrexit3
704 881 1027 937 quadragesimo
1067 895 1170 922 vero
1204 879 1272 922 die
1302 880 1587 921 resurrectio-

90 936 155 978 nis
183 951 295 989 suae,
324 937 366 978 id
401 945 463 979 est
494 954 635 980 mense
663 939 776 980 Maio
809 938 876 979 die
901 939 1048 987 tertio,
1082 944 1314 992 assumptus
1342 936 1455 978 misit
1482 951 1589 992 apo-

88 993 206 1036 stolis
236 994 433 1050 spiritum
457 1011 581 1038 suum
610 997 868 1051 paraclitum
898 996 941 1036 in
980 1001 1124 1036 sancta
1150 1000 1410 1050 pentecoste.
1471 1001 1587 1036 cete-
1606 1015 1642 1052 p.
1656 1003 1729 1040 620

89 1065 216 1105 rum,
257 1057 305 1092 ut
350 1052 539 1095 Clemens
575 1054 755 1107 scribit,
789 1053 945 1095 Iacobo
978 1053 1093 1094 lusto
1124 1058 1167 1093 et
1197 1052 1345 1093 loanni
1375 1067 1423 1092 ac
1452 1053 1588 1093 Petro

90 1114 189 1164 post
213 1110 573 1153 resurrectionem
602 1111 782 1153 tradidit
810 1111 1027 1152 scientiam
1056 1108 1276 1162 dominus,
1305 1116 1348 1150 et
1376 1109 1443 1150 isti
1474 1114 1589 1150 cete-

89 1166 149 1206 ris
189 1165 489 1222 tradiderunt,
534 1169 669 1210 ceteri
708 1183 813 1209 vero
856 1166 1041 1223 apostoli
1082 1167 1360 1223 septuaginta.
1432 1166 1588 1207 eisdem

90 1221 239 1264 diebus
269 1222 467 1280 discipuli
500 1225 877 1280 interrogaverunt
918 1224 1138 1265 dominum
1181 1224 1222 1264 in
1253 1231 1400 1265 monte
1425 1224 1587 1275 oliveti,

89 1279 194 1321 siin
223 1286 420 1334 tempore
466 1282 551 1323 boc
595 1283 839 1324 restitueret
882 1297 1059 1338 reguum
1091 1283 1233 1322 Israel.
1293 1281 1442 1322 eodem
1473 1296 1586 1322 anno

90 1337 269 1379 lacobus
297 1338 433 1379 frater
466 1339 628 1381 domini
656 1340 817 1395 primus
844 1340 1069 1394 episcopus
1086 1338 1484 1395 Hierosolymorum
1513 1353 1587 1378 or-

92 1393 286 1436 dinatur.
348 1395 435 1437 duo
457 1397 599 1438 Iacchi
631 1404 766 1449 erant,
795 1397 931 1438 frater
961 1395 1135 1446 domini,
1169 1395 1275 1437 filius
1306 1396 1480 1436 existens
1511 1397 1584 1436 lo-

86 1449 205 1506 seph,
234 1453 310 1508 qui
341 1452 568 1495 dicebatur
596 1455 755 1506 Iustus,
794 1453 847 1495 de
877 1468 963 1510 quo
997 1454 1124 1494 etiam
1152 1453 1307 1494 Paulus
1341 1453 1401 1493 ait
1427 1452 1584 1494 “alium

88 1513 232 1549 autem
261 1510 555 1565 apostolorum
596 1510 681 1552 vidi
711 1512 920 1552 neminem
959 1511 1036 1551 nisi
1068 1510 1267 1552 Iacobum
1299 1511 1474 1550 fratrem
1503 1510 1583 1550 do-

85 1565 188 1607 mini
202 1569 239 1615 ;''
270 1567 343 1623 qui
376 1567 430 1609 de
452 1569 683 1624 pinnaculo
716 1569 893 1610 iactatus
914 1585 938 1609 a
961 1567 1119 1608 ludaeis
1139 1567 1254 1622 ligno
1286 1566 1455 1608 fullonis
1483 1581 1579 1607 sau..

89 1623 223 1663 ciatus
254 1625 455 1666 moritur.
514 1633 559 1667 et
588 1627 699 1667 alter
730 1626 804 1683 qui
822 1627 964 1682 capite
995 1630 1215 1666 truncatus
1244 1631 1318 1676 est,
1350 1627 1486 1666 frater
1515 1625 1581 1665 vi-

89 1679 242 1722 delicet
273 1682 437 1724 loannis
468 1681 674 1740 deiloqui.

198 1755 362 1797 ludaeis
389 1756 540 1798 tertius
582 1757 816 1813 alienigena
849 1757 1035 1812 praefuit
1067 1756 1255 1798 Herodes
1297 1756 1402 1797 filius
1435 1756 1577 1798 Hero·
1591 1765 1707 1812 p.621

86 1810 164 1861 dis,
195 1812 311 1853 cuins
343 1820 539 1869 tempore
566 1815 740 1866 Pilatus,
768 1821 866 1869 post
895 1815 1151 1856 simultatem
1184 1814 1440 1855 Iudaeorum
1467 1827 1578 1869 pro-

83 1873 182 1922 pter
211 1869 410 1926 imagines
444 1872 645 1923 Caesaris,
675 1873 926 1924 corbonam,
957 1872 1001 1913 id
1029 1877 1102 1913 est*
1120 1887 1289 1914 sacrum
1318 1871 1577 1922 thesaurum,

85 1925 128 1965 in
178 1941 386 1982 aquarum
426 1929 723 1971 advectionem
762 1929 1046 1985 consumpsit,
1088 1935 1133 1970 et
1170 1943 1314 1970 rursus
1347 1929 1576 1970 simultates

83 1996 210 2037 agere
239 1986 456 2040 compulit.
518 1986 631 2028 idem
661 1988 750 2040 ipse
778 1987 940 2029 Pilatus
967 1987 1144 2028 Tiberio
1177 1986 1230 2028 de
1258 1985 1429 2028 Christo
1462 1987 1575 2027 refe-

82 2054 179 2104 rens
222 2044 456 2084 commovit
501 2058 600 2085 eum
641 2043 695 2085 ad
737 2058 931 2086 amorem
973 2044 1183 2100 dogmatis
1221 2051 1266 2085 et
1310 2043 1409 2085 fidei
1447 2043 1575 2085 Chri-

78 2102 251 2138 suanae.

192 2172 343 2214 Mundi
384 2189 495 2214 anno
525 2175 665 2227 5535,
697 2176 865 2218 divinae
896 2176 1202 2218 incarnationis
1229 2175 1310 2228 35,
1349 2176 1502 2218 Petrus
1530 2181 1574 2216 et
1586 2178 1708 2225 p-fi22

79 2227 255 2269 Ioannes
286 2229 329 2271 in
359 2232 565 2288 templum
609 2232 878 2276 ascendentes
921 2232 1118 2275 claudum
1148 2249 1171 2274 a
1203 2233 1422 2275 nativitate
1450 2246 1575 2273 cura-

78 2292 251 2327 verunt.

190 2360 342 2401 Mundi
371 2377 481 2403 anno
513 2361 626 2406 5536
655 2363 707 2406 de
727 2365 886 2406 Anania
915 2372 958 2407 et
985 2365 1167 2420 Sapbira
1199 2364 1461 2407 Hierusalem
1492 2379 1574 2419 per

78 2414 258 2458 Petrum
293 2420 543 2461 miraculum
583 2422 740 2462 sactum
782 2428 868 2472 est,
910 2429 953 2464 et
980 2422 1229 2464 'thaddaeus
1270 2422 1321 2463 ad
1356 2421 1572 2463 civitatem

75 2471 272 2515 Edessam
298 2478 513 2529 mittitur,
545 2494 654 2533 quae
680 2479 876 2521 universa
922 2495 1054 2536 usque
1084 2495 1199 2527 nunc
1228 2480 1317 2520 sine
1348 2493 1478 2519 manu
1505 2479 1571 2519 fa-

76 2534 193 2572 ctum
223 2532 484 2575 dominicum
509 2535 801 2577 characterem
834 2537 954 2582 colit,

188 2606 338 2647 Mundi
368 2624 479 2648 anno
502 2608 626 2660 5537,
657 2609 823 2651 divinae
856 2611 1156 2652 incarnationis
1176 2610 1246 2662 37,
1274 2609 1705 2664 persecutionep0623

74 2668 192 2703 mota
220 2663 409 2706 fidelium
447 2667 570 2707 multi
604 2666 778 2721 dispcrsi
808 2675 922 2709 sunt.
996 2670 1236 2723 Stephanus
1269 2673 1571 2722 protomartyr

75 2724 120 2782 et
146 2721 482 2774 protodiacouus
512 2724 717 2778 lapidibus
750 2733 812 2766 est
842 2726 1017 2770 occisus.
1059 2727 1210 2766 Simon
1238 2739 1383 2779 magus
1412 2739 1436 2764 a
1467 2723 1571 2764 Phi-

73 2772 206 2829 lippo,
238 2792 323 2819 uno
361 2795 409 2821 ex
439 2786 600 2836 septem
633 2781 907 2833 diaconibus,
943 2783 983 2822 in
1023 2783 1261 2823 Samariam
1292 2779 1570 2822 descendente

74 2831 222 2876 callide
258 2835 494 2891 baptizatus
526 2844 597 2880 est.
675 2839 785 2881 unde
816 2846 858 2881 et
890 2840 931 2881 hi
963 2841 1037 2896 qui
1067 2841 1119 2880 ab
1152 2839 1248 2896 ipso
1279 2853 1413 2895 usque
1439 2837 1568 2879 modo
