1794 3250
599 183 671 224 Ex
709 182 1055 224 THEOPHANE.
1457 177 1556 225 277

96 297 337 353 patriarcha
368 298 410 338 in
438 298 620 339 ambone
644 310 814 352 magnae
843 297 1091 348 ecclesianos
1079 312 1120 336 m
1150 311 1235 362 quo
1267 313 1414 354 magna
1442 296 1560 338 exul-

97 355 203 395 tatio
233 355 344 395 faeta
375 359 458 406 est,
496 362 539 396 et
564 354 739 395 donavit
777 353 1044 408 patriarchae
1075 354 1167 394 auri
1194 354 1317 395 libras
1346 355 1561 420 quinqua·-
1595 406 1597 408 Ι

97 411 212 465 ginta
240 410 418 452 etclero
445 411 607 452 vicenas
639 425 841 466 quinque.
884 426 980 450 cum
1010 410 1118 450 enim
1149 417 1251 450 esset
1278 412 1561 466 magnanimus

96 473 142 507 et
168 481 261 506 non‘
283 478 456 516 avarus,
501 482 642 508 omnes
676 467 910 507 consolatus
937 473 997 507 est
1029 467 1102 520 qui
1133 444 1371 520 Nicephori³
1391 467 1563 508 avaritia
1577 485 1614 520 p.
1632 473 1702 511 769

95 524 267 564 fuerant
286 524 396 574 laesi,
413 524 616 579 donisque
630 529 818 564 senatum
834 529 960 578 atque
979 523 1168 563 militiam
1188 524 1406 564 recreavit.
1429 536 1566 577 porro

97 585 266 633 quarto
263 579 359 620 idus
370 581 594 621 Octobrias
609 586 810 620 coronata
830 586 890 620 est
900 579 1110 633 Procopia
1124 579 1331 632 Augusta
1322 596 1360 619 ιιι
1380 579 1564 620 triclinio

94 638 344 689 Augustam,
374 637 597 692 multisque
639 636 758 676 donis
793 643 983 676 senatum
1021 635 1254 675 liberaliter
1282 637 1408 676 auxit.
1469 650 1565 675 mu-
1604 684 1607 686 v

96 690 271 731 liei-ihus
298 700 401 732 vero
427 692 754 733 thematicorum
790 692 995 744 militum,
1029 693 1101 746 qui
1131 692 1299 732 fuerant
1331 691 1371 731 in
1407 691 1580 745 Vulga-'

96 747 160 787 ria
189 749 422 806 perempti,
470 749 657 803 quinque
694 748 788 788 auri
817 750 970 789 talenta
1012 747 1197 788 donavit.
1263 747 1566 802 Theophanam

97 802 236 845 antem
261 818 436 844 uxorem
456 805 675 854 Stauracii‚
705 806 954 859 singularem
985 805 1111 844 vitam
1142 803 1385 857 amplexam,
1415 811 1456 844 et
1487 818 1566 844 co-

95 864 242 914 gnatos
272 859 394 911 illius,
423 861 498 915 qni
525 861 816 901 miserabiliter
843 862 919 902 sub
948 861 1189 914 Nicephoro
1223 861 1424 909 xixerant,
1458 859 1566 900 dita-

95 917 187 967 vit3
221 916 334 957 inter
360 931 468 972 quae
496 918 697 972 insignem
738 931 911 973 quoqne
953 917 1122 957 domum
1153 917 1453 957 monasterium
1480 918 1567 956 Ta-

93 972 293 1013 hebraica
322 972 511 1024 dictum,
556 950 631 1014 nobi
660 974 900 1014 Stauracius
930 980 990 1015 est
1016 975 1226 1027 sepultus,
1260 973 1317 1013 illi
1350 973 1564 1013 concessit.

95 1042 240 1070 omnes
268 1029 395 1070 etiam
434 1030 633 1084 patricios
671 1036 714 1070 et
756 1036 995 1078 senatores,
1033 1029 1268 1070 sacerdotes
1309 1045 1359 1070 ac
1386 1043 1567 1069 summos

93 1084 330 1127 sacerdotes
362 1092 405 1127 et
431 1086 671 1136 monachos,
702 1086 924 1127 militantes
950 1094 990 1126 et
1011 1100 1231 1150 pauperes,
1258 1093 1343 1126 tam
1378 1086 1420 1125 in
1453 1086 1567 1140 regia

95 1142 223 1181 urbe
217 1157 360 1196 quam
389 1142 430 1181 in
461 1143 711 1182 thematibus
744 1143 952 1197 degentes,
980 1143 1266 1197 locnpletzwit,
1286 1143 1392 1183 adeo
1421 1147 1469 1181 ut
1489 1142 1567 1181 iin-

94 1197 383 1238 mensurabilis
409 1199 583 1238 avaritia
599 1198 839 1252 Nicephori‚
868 1205 1053 1253 propter
1073 1214 1198 1254 quam
1230 1205 1272 1239 et
1298 1198 1406 1239 male
1426 1199 1569 1253 periit,

95 1254 139 1293 in
169 1254 309 1308 paucis
341 1253 486 1295 diebus
510 1254 756 1309 disparuisse
782 1255 1053 1310 probaretur.
1110 1269 1236 1308 super
1262 1254 1415 1295 multos
1441 1269 1571 1309 prae-

95 1315 214 1351 terea
243 1310 424 1365 optimos
469 1325 607 1351 mores
637 1325 757 1363 snos,
786 1326 881 1351 cum
910 1313 1002 1365 pius
1033 1318 1076 1352 et
1102 1325 1153 1350 οι
1157 1310 1473 1351 thodoxissimus
1503 1325 1570 1351 es..

93 1372 174 1417 set,
205 1367 458 1407 tristabatur
486 1382 614 1422 super
642 1367 704 1408 bis
736 1368 806 1422 qui
838 1383 861 1407 a
889 1376 1030 1408 sancta
1069 1368 1371 1408 scindebantur
1399 1367 1568 1407 ecclesia

94 1430 349 1479 quacunque
375 1425 593 1464 occasione
618 1424 703 1464 sive
735 1424 975 1464 rationabili
1005 1425 1091 1464 sive
1119 1423 1424 1472 irrationabili;
1457 1423 1569 1463 mul-

93 1484 268 1534 tumque
310 1480 607 1519 sanctissimum
646 1480 959 1533 patriarcham,
991 1486 1032 1521 et
1056 1493 1126 1520 eos
1153 1479 1226 1535 qui
1255 1484 1456 1534 poterant
1483 1494 1568 1534 pro

93 1535 309 1575 communi
339 1549 442 1589 pace
462 1550 734 1587 concurrere,
765 1550 915 1589 rogans
937 1551 1019 1576 non
1044 1536 1297 1591 quiescebat,
1325 1537 1437 1576 inter
1463 1549 1568 1590 qnos

92 1598 136 1632 et
160 1591 437 1632 Theodorum
466 1593 743 1645 hegumenum
773 1593 910 1632 Studii
941 1598 982 1632 et
1012 1594 1230 1632 Platonem
1261 1600 1388 1647 atque
1411 1591 1613 1656 'losephp
1630 1600 1700 1636 770

92 1647 454 1702 archiepiscopum
485 1649 906 1703 Thessalonicensem,
937 1650 1115 1689 fratrem
1142 1648 1373 1697 Theodori,
1410 1647 1453 1687 in
1490 1662 1568 1688 cu..

93 1704 237 1744 stodiis
268 1704 460 1746 detentos
493 1705 664 1753 amaris,
698 1720 781 1745 una
809 1682 906 1745 cuni
933 1706 1182 1759 primatibus
1212 1719 1384 1760 quoque
1413 1719 1567 1744 mona..

91 1761 208 1802 sterii
237 1774 387 1805 eorum
414 1762 626 1815 satagebat
668 1762 812 1810 unire3
846 1762 963 1817 quod
993 1768 1035 1802 et
1063 1762 1181 1803 fecit.
1240 1768 1426 1802 ceterum
1454 1761 1567 1800 misit

97 1822 141 1857 et
167 1817 220 1857 ad
260 1817 462 1858 Carolum
508 1819 810 1872 imperatorem
848 1819 1112 1859 Francorum
1161 1832 1245 1872 pro
1290 1831 1394 1871 pace
1439 1823 1568 1871 atque

91 1880 317 1914 contractu
343 1875 587 1928 nuptiarum
619 1875 659 1913 in
693 1873 1056 1929 Theophylactum
1086 1875 1217 1914 filium
1246 1889 1382 1913 sunm.
1442 1874 1568 1912 Nice-

89 1929 251 1983 phorus
281 1945 455 1985 quoqne
493 1930 767 1970 sanctissimus
810 1931 1052 1985 patriarcha
1091 1931 1320 1971 transmisit
1349 1929 1567 1985 synodicas

93 1985 253 2025 litteras
291 1987 343 2025 ad
386 1988 570 2027 Leonem
615 1987 914 2027 sanctissimum
956 2002 1111 2041 papam
1151 1988 1412 2028 Romanum·
1432 1992 1567 2026 antea

92 2041 252 2097 quippe
278 2040 459 2082 faciendi
479 2043 563 2083 hoc
592 2043 870 2098 aNicephoro
902 2043 1220 2098 prohibebatur.
1251 2058 1387 2096 porro
1414 2048 1566 2082 octavo

87 2097 284 2138 kalendas
298 2098 514 2138 Ianuarias
541 2100 714 2163 quintae
732 2100 971 2140 indictionis
985 2099 1177 2152 Michael,
1203 2099 1566 2154 tranquillissimus

90 2154 347 2207 imperator,
393 2155 615 2195 coronavit
641 2155 1005 2211 Theophylactum
1051 2156 1183 2196 filium
1214 2171 1332 2196 suum
1362 2155 1403 2195 in
1432 2155 1566 2207 impe-

91 2216 280 2251 ratorem
312 2225 335 2250 a
360 2210 601 2265 Nicephoro
640 2213 916 2266 patriarcha,
946 2213 988 2252 in
1023 2213 1202 2253 ambone
1229 2213 1400 2259 maioris
1430 2212 1566 2250 eccle-

87 2266 198 2317 siae,
229 2266 334 2307 feria
377 2267 544 2321 quinta;
591 2274 633 2308 et
680 2269 835 2310 obtulit
877 2269 1220 2323 pretiosissimum
1272 2273 1566 2307 ornamentum

88 2330 233 2363 sancto
263 2323 415 2363 altario
450 2327 484 2373 *)
526 2324 571 2362 in
615 2325 718 2364 vasis
749 2325 884 2366 aureis
932 2332 975 2366 et
1018 2326 1225 2380 lapidibus
1266 2323 1491 2364 venustatis
1522 2329 1566 2362 et

90 2379 387 2434 quadrangulis
416 2380 526 2430 velis,
555 2380 782 2435 antiquitus
817 2396 864 2422 ex
892 2397 999 2422 auro
1029 2388 1072 2422 et
1099 2396 1290 2435 purpura
1324 2381 1437 2419 clare
1462 2392 1566 2418 con-

90 2435 226 2487 textis,
255 2442 383 2491 atque
425 2436 737 2476 admirabilibus
775 2438 925 2478 sanctis
963 2439 1207 2492 imaginibus
1244 2436 1423 2475 variatis.
1481 2434 1563 2474 do-

90 2491 209 2534 navit
241 2498 380 2532 autem
407 2499 450 2533 et
469 2492 739 2546 patriarchae
760 2494 853 2534 auri
883 2493 1008 2534 libras
1028 2495 1215 2550 quinque
1244 2498 1286 2533 et
1310 2492 1487 2541 vicenas,
1515 2504 1566 2531 ac

138 2598 172 2646 ¹)
198 2597 342 2645 altario}
373 2598 866 2646 61055ειεεθυσιασιιὶριον
902 2601 1083 2640 altarium,
1109 2599 1312 2633 sacrarium.
1362 2597 1566 2631 Concilium

185 2646 342 2689 carthag
379 2647 402 2679 2
426 2657 504 2680 can
531 2646 576 2681 2:
605 2647 745 2693 placuit
768 2653 809 2681 nt
837 2648 875 2681 in
902 2649 1070 2682 omuibus
1095 2653 1132 2681 et
1157 2647 1201 2680 ab
1226 2645 1392 2678 omnibus
1421 2645 1568 2691 pudici-

185 2693 238 2727 tia
261 2693 498 2734 custodiatur,
519 2695 582 2740 qui
608 2695 737 2728 altario
764 2695 986 2730 deserviunt.
1027 2707 1090 2728 usn
1097 2699 1178 2740 rpat
1204 2704 1283 2726 eam
1306 2700 1430 2726 votem
1454 2694 1565 2726 Seve-

186 2752 247 2775 rus
271 2740 356 2775 hist.
383 2753 453 2775 sac.
485 2742 517 2780 1,
544 2742 673 2775 Paulus
697 2743 949 2778 Wamesridus
983 2742 1027 2777 de
1051 2748 1140 2789 gest.
1178 2740 1340 2788 Longob.
1363 2739 1388 2777 6
1408 2740 1446 2783 6,
1470 2741 1562 2777 Gre-

187 2788 308 2836 gorius
335 2789 423 2824 Tur.
450 2789 473 2825 3
498 2789 557 2824 31.
614 2790 721 2825 Fun.
