1768 3268
282 202 345 255 64
481 208 760 252 ANASTAsn
801 205 1061 250 HISTORIA
1108 201 1521 247 ECCLESIASTICA

278 315 395 356 storii
425 313 691 355 Maximianus
731 309 1148 364 Constantinopoleos
1187 314 1459 349 consecratur
1499 304 1734 360 episcopus.

105 379 222 427 p.141
244 371 509 415 sorientales
538 385 639 410 vero
669 378 902 423 susceptum
930 367 1164 407 Nestorium
1193 380 1329 405 secum
1360 364 1527 403 duxere.
1597 377 1734 417 porro

279 434 429 483 quarto
461 426 642 468 Nestorii
688 425 956 480 depositionis
985 438 1093 463 anno
1126 425 1294 462 Ioannes
1331 419 1613 460 Antiochenus
1643 420 1735 472 epi-

276 500 422 539 scopus
451 497 594 524 amore
625 481 688 523 dei
721 482 920 532 detentus,
957 479 1178 534 vidensque
1208 479 1358 518 multos
1376 475 1737 516 Antiochenorum

276 541 388 582 viros
416 540 601 596 egregios
629 554 650 578 a
670 537 860 579 Nestorio
892 536 1120 576 adulterina
1140 535 1348 589 pravitate
1379 532 1571 582 infectoe,
1590 532 1739 573 scribit

277 612 427 652 rogans
458 597 755 650 imperatorem
784 595 894 634 hunc
915 594 963 633 ab
991 593 1166 632 Oriente
1194 590 1445 646 pellendum.
1502 589 1738 644 imperator

278 660 416 693 autem
444 652 680 694 Nestorium
710 651 878 706 quidem
908 649 1025 690 exilio
1057 648 1255 702 relegavit
1283 646 1395 701 apud
1425 645 1583 696 Oasim‚
1608 660 1738 699 prae-

277 715 397 764 cepta
424 723 526 750 vero
561 709 688 748 mittit
715 707 870 763 Cyrillo
905 713 945 746 et
976 705 1117 746 Ioanni
1149 706 1236 745 sine
1266 702 1464 744 dilatione
1493 708 1536 743 et
1560 701 1614 742 ad
1643 702 1737 742 uni-

276 781 410 806 versas
440 765 642 806 ecclesias.
700 766 869 805 Ioannes
896 769 1032 802 autem
1060 767 1227 815 accepta
1264 759 1563 814 praeceptione
1589 758 1738 799 scribit

278 823 436 878 Cyrillo
467 822 590 861 tidem
616 835 730 860 suam
762 827 802 860 et
829 825 998 873 patrum
1026 818 1135 872 apud
1154 818 1343 857 Nicaeam
1373 822 1415 856 et
1437 815 1739 855 Constantino-

276 880 406 933 polim
447 878 717 918 collectorum
757 876 1076 924 confessionem,
1107 875 1308 928 recipiens
1332 874 1457 914 etiam
1487 886 1594 927 quae
1624 872 1739 926 apud

276 935 482 989 Ephesum
515 940 622 987 gesta
649 939 756 974 sunt.
817 933 965 988 quibus
994 932 1168 987 Cyrillus
1199 930 1394 984 susceptis
1421 929 1570 969 scribit
1591 929 1738 969 loanni

278 998 319 1032 et
332 992 609 1031 Orientalibus
639 990 866 1044 epistolam,
892 989 1004 1029 cuius
1033 988 1197 1027 initium
1225 993 1286 1027 est
1304 987 1540 1027 “laetentur
1561 985 1664 1025 caeli
1695 991 1738 1025 et

279 1048 431 1089 exultet
454 1049 604 1087 terra-'³
637 1053 679 1086 et
699 1046 739 1085 in
760 1045 899 1086 eadem
921 1045 1172 1085 confessione
1189 1044 1379 1098 utrisque
1395 1041 1738 1083 convenientibus

279 1103 417 1145 unitae
434 1109 527 1144 sunt
555 1101 606 1142 ad
632 1116 775 1156 pacem
795 1110 919 1157 atque
937 1101 1220 1152 concordiam,
1237 1101 1388 1156 quibus
1406 1098 1738 1154 praeminebant,

279 1161 482 1201 ecclesiae.
539 1174 616 1214 per
647 1158 756 1198 idem
784 1173 884 1199 vero
913 1165 1073 1211 tempus
1090 1159 1258 1197 Nonnus
1291 1155 1739 1211 regebatEdessensem

280 1217 502 1264 ecelesiam,
533 1216 603 1270 qui
630 1214 806 1268 primam
834 1214 1187 1254 Antiochenarum
1216 1214 1438 1253 mimarum
1470 1213 1550 1253 deo
1582 1211 1737 1253 dicavit

280 1281 322 1314 et
351 1287 430 1327 pro
461 1272 684 1326 Margarita
725 1270 946 1311 meretrice
973 1270 1179 1324 Pelagiam
1207 1270 1372 1310 Christo
1404 1268 1604 1310 exhibuit.
1662 1268 1737 1308 iste

277 1344 376 1384 crgo
407 1329 585 1370 exultans
623 1341 747 1382 super
775 1326 928 1366 horum
963 1327 1190 1367 concordia
1222 1327 1370 1367 scribit
1398 1325 1546 1366 loanni
1575 1324 1738 1365 archie-

276 1386 448 1441 piscopo
492 1384 648 1424 monita
689 1389 730 1424 et
769 1384 999 1424 verborum
1038 1383 1295 1438 magisteria,
1332 1383 1372 1422 in
1404 1383 1554 1438 quibus
1585 1387 1627 1422 et
1657 1381 1738 1422 hoc

277 1443 334 1482 ait
357 1440 534 1481 “munda
564 1440 797 1491 ecelesiam,
829 1455 854 1479 o
888 1440 1013 1480 homo
1044 1440 1134 1489 dei,
1167 1454 1190 1479 a
1221 1439 1478 1480 Nestorianis
1505 1438 1668 1479 zizaniis
1698 1446 1740 1478 et

242 1519 244 1521 v
279 1499 363 1538 eius
394 1497 640 1552 impietate?
697 1511 830 1551 porro
854 1496 1026 1550 impium
1055 1502 1096 1536 et
1123 1496 1409 1550 blasphemum
1426 1495 1663 1536 Nestorium
1695 1495 1735 1534 in

281 1555 397 1595 exilio
442 1554 628 1594 divinum
668 1552 863 1592 iudicium
899 1553 1167 1594 subsecutum
1195 1559 1268 1604 est,
1298 1552 1513 1601 tabefactis
1546 1551 1738 1593 omnibus

281 1610 474 1651 membris
503 1610 601 1659 eius,
641 1615 682 1649 et
710 1609 881 1649 maxime
910 1609 1061 1663 lingua,
1092 1625 1173 1664 qua
1193 1615 1440 1664 consumpta
1459 1614 1598 1650 morte
1613 1622 1742 1664 prae-

283 1667 397 1707 venit
423 1668 503 1707 iter
533 1681 615 1721 quo
638 1665 687 1706 ab
719 1666 826 1706 Oase
855 1664 906 1706 ad
934 1667 1059 1706 alium
1088 1666 1227 1706 locum
1258 1673 1349 1707 erat
1379 1664 1605 1707 ducendus.

78 1758 111 1793 p.
127 1744 192 1780 142
229 1746 273 1780 12
394 1738 540 1780 Mundi
569 1753 674 1778 anno
703 1737 834 1789 5926,
865 1737 1026 1778 divinae
1059 1738 1358 1779 incarnationis
1399 1751 1508 1778 anno
1536 1736 1635 1789 426,
1664 1750 1741 1778 ve-

284 1795 396 1836 niens
423 1795 732 1835 Valentinianus
780 1795 883 1834 filius
918 1796 1149 1836 Constantii
1193 1800 1234 1836 et
1265 1794 1407 1836 Gallae
1446 1794 1656 1836 Placidiae
1686 1795 1738 1834 ab

285 1853 389 1892 urbe
433 1853 564 1892 Roma
608 1851 1010 1906 Constantinopolim
1050 1852 1166 1893 duxit
1211 1867 1386 1894 uxorem
1429 1866 1567 1902 suam,
1613 1851 1740 1891 filiam

283 1907 506 1948 Theodosii
537 1908 808 1961 imperatoris,
830 1907 1058 1949 Eudoxiam
1083 1907 1264 1960 nomine,
1293 1923 1418 1965 quam
1442 1908 1521 1948 sibi
1548 1907 1739 1948 Eudocia

152 1984 188 2018 p.
206 1969 273 2006 143
285 1971 495 2019 genuerat,
529 1971 570 2004 et
597 1965 770 2003 Romam
797 1964 932 2005 rediit.
987 1966 1178 2021 sequenti
1206 1980 1306 2006 vero
1340 1979 1450 2005 anno
1480 1964 1740 2005 Theodosius

285 2023 516 2075 imperator
542 2019 771 2061 Eudociam
801 2036 971 2062 uxorem
1000 2036 1114 2062 suam
1142 2021 1472 2079 Hierosolymam
1502 2021 1613 2062 misit
1643 2036 1742 2076 gra-

284 2077 416 2118 tificos
446 2076 617 2132 hymnos
645 2076 877 2117 oblaturam
921 2078 1028 2127 deo;
1056 2093 1163 2134 quae
1205 2079 1387 2133 plurima
1419 2079 1531 2120 dona
1563 2077 1742 2118 ecclesiis

286 2133 491 2183 contulit,
537 2140 578 2174 et
608 2132 787 2172 adoratis
830 2140 916 2174 tam
945 2141 1083 2175 sancta
1115 2150 1239 2177 cruce
1269 2151 1394 2191 quam
1426 2134 1610 2176 colendis
1640 2133 1741 2174 locis

285 2205 451 2230 reversa
478 2195 538 2229 est
568 2189 616 2229 ad
649 2190 811 2243 regalia.
841 2191 1052 2232 tricesimo
1085 2191 1178 2232 dein
1210 2193 1374 2247 imperii
1402 2191 1629 2233 Theodosii
1664 2205 1743 2242 an-

285 2260 340 2288 no
369 2245 540 2286 Proclus
566 2245 780 2299 episcopus
806 2246 1289 2303 Constantinopolitanus
1318 2249 1551 2304 postulatus
1580 2248 1630 2287 ab
1663 2247 1741 2287 im-

283 2309 484 2358 peratore
511 2301 745 2342 Theodosio
775 2317 926 2357 corpus
954 2305 994 2344 S.
1027 2306 1188 2346 loannis
1211 2305 1499 2362 Chrysostomi
1531 2320 1554 2345 a
1585 2306 1742 2344 Coma-

283 2359 344 2400 nis
376 2357 429 2398 ad
457 2358 612 2412 regiam
643 2359 789 2398 urbem
809 2359 968 2411 detulit,
998 2368 1038 2401 et
1068 2362 1263 2415 proximo
1297 2377 1406 2402 anno
1437 2367 1535 2417 post
1567 2361 1739 2415 triginta

283 2421 367 2456 tres
396 2429 523 2455 annos
553 2414 592 2454 id
623 2429 765 2454 eoram
810 2415 922 2455 omni
952 2418 1219 2470 processione
1248 2434 1327 2458 una
1358 2435 1452 2460 cum
1483 2418 1741 2471 imperatore

285 2486 333 2512 ae
370 2471 638 2525 imperatrice
677 2471 894 2511 Pulcheria
944 2475 1106 2528 pompis
1158 2476 1400 2516 funebribus
1442 2475 1657 2530 publicans
1698 2474 1739 2513 in

285 2530 573 2581 apostolorum
619 2526 785 2567 ecclesia
823 2529 974 2581 posuit.
1042 2538 1084 2571 et
1120 2531 1177 2570 ita
1210 2546 1278 2572 eos
1321 2532 1393 2587 qui
1422 2538 1605 2586 propter
1635 2530 1741 2569 illius

288 2584 585 2637 depositionem
615 2584 666 2623 ab
697 2584 862 2623 ecelesia
884 2587 1060 2639 separati
1091 2594 1224 2638 erant,
1252 2589 1444 2629 ecclesiae
1473 2583 1614 2628 rursus
1642 2587 1741 2626 uni-

287 2640 359 2679 vit.
427 2641 500 2681 sub
529 2641 610 2680 hoc
649 2645 811 2680 sanctae
851 2642 1075 2683 memoriae
1114 2645 1265 2685 Proclo
1302 2653 1443 2686 terrae
1482 2651 1617 2684 motus
1643 2643 1742 2682 facti

286 2703 381 2736 sunt
410 2697 542 2748 magni
577 2697 938 2750 Constantinopoli
966 2713 1044 2752 per
1086 2708 1268 2754 quatuor
1298 2717 1452 2743 menses
1473 2732 1485 2753 ,
1523 2701 1580 2741 ita
1610 2705 1658 2739 ut
1684 2698 1742 2738 ti-

287 2758 440 2792 mentes
468 2753 654 2808 Byzantii
682 2759 796 2793 extra
827 2754 1048 2805 civitatem,
1079 2756 1118 2795 in
1139 2758 1230 2797 loeo
1266 2760 1336 2813 qui
1371 2759 1527 2799 dicitur
1545 2759 1739 2810 Campus,

288 2814 418 2850 essent
444 2816 752 2863 perseverantes
785 2824 866 2850 una
895 2825 989 2851 cum
1009 2812 1219 2868 episcopo,
1247 2815 1298 2855 ad
1329 2816 1451 2856 deum
1479 2814 1672 2869 precibus
1703 2818 1744 2853 et
