1728 3184
194 203 294 253 430
619 253 625 258 ,
699 213 755 253 lN
797 210 1173 253 THEOPHANEM

308 323 403 375 270,
431 324 472 364 3.
540 323 679 377 μαίων
708 328 783 378 καί
808 324 1055 379 τρεβοιίνων]
1097 327 1210 365 loeus
1242 332 1485 381 corruptus,
1513 327 1576 366 vel
1607 327 1666 366 la..

193 395 369 421 eunosus
398 382 599 422 Anastasii
641 389 682 423 et
712 384 920 424 miscellae
965 384 1144 424 lectione
1186 384 1483 438 interpolatur.
1545 382 1671 422 babet

192 438 273 477 illa.
300 437 457 479 locavit
482 448 614 479 autem
643 447 683 479 et
729 441 900 481 militum
934 440 1208 480 Romanorum
1234 454 1441 480 numerum
1478 448 1517 480 et
1543 440 1669 480 cribu-

190 508 333 534 ηοιίιηι
360 495 554 535 custodire
587 496 794 536 civitatem
809 527 822 548 ‚
865 502 942 537 etc.
1003 495 1148 537 reddo·
1177 492 1349 547 ἔστησεν
1377 496 1424 536 δὲ
1466 493 1539 535 καί
1577 494 1670 547 ἀρι-

191 547 305 600 θμὸν
325 547 550 602 Ῥωμαίων
586 551 661 592 καί
686 549 920 605 τριβούνων
951 548 1180 607 φυλάττειν
1210 549 1289 606 τὴν
1317 550 1461 592 πόλιν-
1510 553 1672 592 Cedre-

192 621 266 646 nus
300 614 552 663 corruptum
582 608 819 649 huiusmodi
860 609 1049 650 codicem
1082 616 1243 660 nactus,
1273 609 1325 650 ab
1356 608 1416 649 his
1449 607 1671 649 recitandis

192 662 371 708 deflexit,

305 743 417 784 Ibicl.
453 742 518 784 13.
587 742 877 799 Μουαγέρην]
912 745 1124 787 cedrenus
1155 744 1403 798 Moays'pav.
1437 743 1577 785 variae
1614 742 1671 784 lc-

191 799 348 840 ctiones
379 799 488 843 alias,

302 890 413 932 Ibid.
451 889 514 930 15.
569 887 643 930 τὸν
668 892 891 943 τριβοῦνον
910 891 1177 944 Λαλμάτιον]
1209 891 1419 932 Cedreuns
1438 895 1667 945 corrupte:

188 942 261 986 τὸν
288 946 512 998 τριβοῦνον
556 947 820 998 Δαλματίας.
891 949 1084 990 Petavius
1131 962 1303 1003 quoque
1333 948 1567 988 Cedrenum
1601 961 1670 986 er-

192 1007 336 1041 ranter
365 1010 576 1056 sequutuS,
606 1004 824 1044 tribunum
837 1005 1070 1046 Dalmatiae
1099 1005 1283 1046 reddidit
1314 1003 1364 1045 de
1398 1005 1512 1044 ‹loct-
1540 1009 1666 1058 temp.

191 1058 261 1099 lib.
297 1057 346 1099 13
376 1058 428 1098 ad
457 1074 610 1099 annum
642 1061 858 1101 Iustiniani
890 1061 927 1102 2.

302 1141 397 1193 271,
426 1142 464 1185 4.
525 1140 545 1183 0c
581 1142 628 1184 δὲ
665 1142 866 1196 βασιλεὺς
901 1138 1218 1200 Ἰουστινιανός]
1250 1145 1435 1187 declarat
1466 1143 1671 1186 Baronius

197 1213 244 1239 ex
275 1199 431 1240 Contio
466 1198 518 1240 ad
549 1216 705 1241 annum
733 1201 812 1242 527
845 1216 946 1242 num
976 1200 1030 1242 38
1059 1207 1101 1242 et
1132 1200 1200 1242 39.

312 1284 428 1326 Ibid.
469 1286 508 1327 5.
579 1287 682 1341 δίχα
733 1286 817 1329 τῶν
857 1281 1147 1336 Ἐξακιονιταῖν
1193 1285 1453 1342 Ἀρειανῶν]
1493 1285 1669 1326 Arianos

188 1340 368 1382 ecclesiis
401 1358 423 1383 a
453 1343 693 1385 Theodosio
727 1346 809 1386 CP.
838 1345 1041 1399 spoliatos·
1065 1346 1261 1387 ecclesiae
1296 1345 1488 1385 referunt
1518 1357 1668 1382 monu-

190 1405 342 1442 menta.
402 1406 517 1441 extra
563 1402 713 1442 urbem
753 1402 981 1453 habitasse,
1024 1410 1065 1443 et
1095 1403 1138 1452 ἐξ
1185 1401 1262 1442 οιῖκ
1292 1394 1426 1441 ὄντων
1458 1400 1666 1440 Christum

189 1454 478 1508 praedicantes
523 1457 832 1512 ἐξουκοντητῶν
873 1460 1156 1513 promeruisse
1199 1472 1350 1498 nomen
1390 1456 1559 1496 memini
1602 1470 1669 1495 me

190 1511 330 1564 legisse
348 1514 461 1566 apud
484 1514 684 1554 photium
703 1531 715 1555 ε
746 1530 846 1554 num
866 1522 1004 1556 tamen
1029 1516 1123 1556 inde
1146 1511 1417 1564 Ἐξωκιόνιον,
1435 1514 1520 1553 aliis
1544 1506 1672 1560 Ἐξα-

190 1565 341 1608 κιόνων
369 1571 602 1624 seriptum?
659 1587 742 1612 non
773 1572 842 1611 ita.
899 1568 1155 1622 Ἐξωκιόνιον
1184 1574 1292 1611 enim
1321 1570 1431 1611 muri
1462 1570 1540 1610 (ΞΡ.
1570 1583 1667 1622 pars

189 1624 269 1665 suit
303 1627 626 1679 appellationem
654 1629 815 1679 sortita,
848 1628 961 1683 quod
991 1636 1106 1670 extra
1125 1643 1214 1668 eam
1237 1628 1498 1668 Constantini
1530 1630 1668 1666 statua

191 1682 410 1723 columnae
451 1686 714 1739 superposita
756 1685 984 1726 videretur.
1055 1686 1111 1725 ita
1141 1686 1323 1725 eodinus
1355 1685 1406 1724 de
1440 1683 1546 1738 orig.
1582 1683 1665 1722 CP.

189 1738 302 1792 apud
336 1740 581 1781 Gretserum
612 1741 878 1782 deExocinio
916 1742 1129 1782 etArianis
1165 1758 1186 1781 a
1220 1742 1314 1781 loco
1350 1741 1519 1790 vocatis,
1553 1740 1670 1794 quod
1715 1752 1717 1754 ’

189 1795 231 1834 in
260 1794 362 1836 illud
400 1798 590 1838 translati
634 1799 817 1839 fuissent.
885 1799 1080 1839 Socrates
1114 1799 1184 1839 lib.
1217 1798 1242 1839 5
1270 1813 1358 1852 cap.
1392 1797 1433 1848 7,
1468 1804 1509 1837 et
1538 1797 1608 1837 lib.
1643 1796 1669 1837 6

189 1866 280 1906 cap.
309 1851 349 1902 8,
392 1853 626 1895 chronicon
672 1854 896 1896 Alexandr.
954 1871 1045 1910 pag.
1076 1854 1173 1903 704,
1231 1856 1270 1894 in
1312 1869 1396 1911 quo
1444 1869 1670 1908 perperam

187 1905 405 1960 ἀριθμοὺς
454 1911 544 1952 vice
574 1909 822 1964 Ἀρειανούς
863 1911 1035 1967 legeris:
1071 1918 1113 1952 et
1141 1927 1221 1967 pag
1253 1910 1334 1951 746
1366 1912 1407 1950 in
1439 1912 1582 1951 Leone
1614 1912 1669 1949 M.

192 1965 319 2005 etad
363 1981 518 2006 annum
558 1969 736 2008 Zenonis
773 1969 821 2008 11
868 1968 919 2010 de
960 1969 1201 2009 Athalarieo
1242 1969 1384 2008 ltaliae
1427 1982 1524 2021 rege
1562 1967 1669 2006 scri-

186 2022 302 2062 bens.
363 2023 568 2076 Georgius
590 2024 890 2067 Alexandrinus
915 2026 952 2065 in
987 2026 1070 2065 vita
1092 2025 1379 2081 Chrysostomi
1410 2024 1522 2078 apud
1554 2024 1672 2063 Plio-

188 2080 293 2118 tium
322 2093 417 2135 pag.
450 2080 555 2134 250,
595 2083 807 2124 Cedrenus
839 2082 1031 2123 editionis
1069 2083 1221 2138 Regiae
1250 2097 1344 2137 pag.
1376 2079 1481 2136 480,
1511 2080 1671 2136 Gyllius

187 2136 259 2174 lib.
287 2135 316 2176 4
344 2150 436 2192 cap.
463 2137 499 2177 1.

301 2222 410 2264 Ibid.
439 2220 478 2263 6.
537 2219 780 2277 ἐξεφώνησε
820 2222 868 2264 δὲ
895 2220 1043 2278 τύπον]
1078 2239 1186 2265 anno
1216 2223 1381 2279 imperii
1407 2223 1445 2275 2,
1474 2229 1516 2263 et
1544 2222 1675 2262 habe-

187 2284 260 2318 tur
291 2279 363 2320 lib.
390 2278 446 2320 42
476 2294 567 2334 cap.
601 2281 652 2320 de
681 2280 864 2335 episcop.
900 2289 941 2322 et
971 2281 1125 2322 clerici.

299 2363 407 2404 Ibid.
440 2363 503 2404 11.
564 2361 585 2405 ὅ
616 2363 661 2404 δὲ
679 2361 806 2413 αὔτὸς
834 2360 1054 2417 βασιλεύς]
1084 2366 1212 2406 verba
1233 2364 1422 2405 chronici
1445 2361 1666 2403 Alexandr.

188 2420 304 2474 quod
335 2419 386 2460 ad
432 2421 718 2475 recipiendam
759 2421 933 2462 Adriani
981 2422 1215 2463 conductus
1248 2437 1412 2477 aquam,
1445 2421 1669 2460 cisternam

186 2477 408 2518 extruxisse
439 2478 730 2532 amplissimam
746 2479 972 2532 subiungit.
1005 2480 1211 2519 cisternae
1243 2493 1378 2533 porro
1417 2478 1668 2527 aedificium,

185 2547 270 2573 non
301 2534 436 2576 minus
486 2551 612 2591 quam
641 2535 760 2575 aulae
799 2536 1126 2589 spatiosissime,
1163 2535 1392 2586 columnis,
1424 2533 1669 2583 fornicibus,

187 2591 431 2644 parietibus,
465 2592 597 2647 tectis,
624 2592 860 2647 porticibus
891 2593 1036 2643 valvis,
1070 2592 1275 2647 adytibus,
1308 2599 1348 2631 ct
1373 2590 1570 2646 gradibus
1603 2590 1669 2629 in-

186 2655 418 2688 stauratum
447 2649 569 2690 fuisse
597 2649 777 2690 edocent
806 2649 988 2703 plurima
1023 2649 1259 2689 huiusmodi
1293 2647 1550 2702 antiquitatis
1573 2660 1671 2686 mo-

188 2711 385 2745 numenta
415 2705 455 2746 in
481 2706 738 2747 monasteriis
770 2713 811 2746 et
840 2706 938 2745 loeis
967 2707 1144 2759 publicis
1176 2705 1311 2745 adhuc
1338 2704 1532 2744 extantia.

297 2777 390 2829 272,
429 2779 464 2822 1.
523 2779 597 2820 καί
634 2779 803 2828 ἐξέθετο
833 2777 854 2818 ὅ
884 2777 1089 2832 βασιλεύς
1132 2776 1284 2832 νόμους
1316 2773 1550 2834 σφοδρούς]
1584 2790 1668 2816 no-

188 2832 291 2874 vella
321 2842 380 2875 est
411 2835 477 2887 77,
510 2835 560 2877 dc
592 2852 674 2892 qua
706 2836 896 2892 Agathias
928 2835 996 2876 lib.
1029 2836 1065 2874 5.
1534 2837 1535 2841 ’
