1728 3184
682 151 881 194 NOTAE.
1421 146 1516 193 375

52 285 233 327 puerum
276 277 444 327 raptum
479 270 653 312 scribit:
693 277 735 312 et
775 272 1052 312 Damascenus
1102 272 1273 313 tandem
1309 272 1425 327 epist.
1468 271 1520 313 de

51 328 248 383 trisagio,
285 329 444 369 virtute
483 326 662 384 quadam
703 328 884 382 angelica
929 327 970 367 in
1005 342 1143 368 aerem
1183 335 1396 379 evectum,
1439 327 1519 384 hy.

51 399 199 425 mnum
230 398 316 440 quo
348 384 512 425 trinitas
543 383 751 435 laudatur,
757 359 983 436 ³‹lidicisse‚
1014 389 1092 424 etc.
1119 383 1242 439 plura
1257 385 1517 440 Nicephorus

49 440 126 481 lib.
165 436 218 480 14
245 455 335 495 cap.
363 439 434 482 46.

163 509 255 562 144,
283 512 347 554 17.
409 508 760 560 Ουαλεντινιανὸς
788 524 838 550 ου
868 508 1012 563 μόνον]
1044 510 1327 565 irruptionem
1342 512 1518 554 Vanda-

48 569 192 608 lorum
223 569 265 610 in
295 569 480 610 Africam
509 569 737 610 chronicon
770 567 1120 618 Alexandrinum,
1150 567 1349 621 Prosper,
1378 576 1419 608 et
1448 569 1518 608 alii

47 625 102 665 ad
131 640 287 666 annum
331 625 559 666 Theodosii
587 623 638 664 20
679 624 896 678 assignant.
966 629 1197 677 eapropter
1240 639 1346 678 quae
1373 624 1441 664 hic
1469 639 1516 665 ex

44 682 261 736 Procopio
295 682 364 723 lib.
402 682 421 722 1
454 682 505 722 de
548 681 659 722 bello
691 680 924 721 vandalico
963 680 1199 719 summatim
1229 680 1417 744 collecta,
1450 681 1518 720 hi-

45 738 205 779 storice
233 753 317 779 non
349 738 548 779 chronice
574 737 727 778 referri
757 737 878 777 facile
909 737 1083 791 quisque
1112 736 1353 791 perspiciet.

157 804 351 858 145,14.
403 806 669 864 “Υπο’γοτθοι]
699 808 958 864 Visigotthos
1002 807 1140 849 reddit
1170 809 1378 863 interpres
1407 809 1516 848 Pro-

46 865 185 920 copii,
207 863 430 920 Ἰσίγοτθοι
467 866 597 907 habet
643 865 721 905 alia
754 865 904 917 lectio,
949 866 1060 920 apud
1100 879 1226 921 quem
1256 864 1515 921 Godigisclus

45 922 212 977 legitui,
242 923 314 978 qui
346 923 413 963 hic
443 921 746 975 Μοδιᾘγισκλος

162 995 356 1046 147,18.
413 994 623 1049 μετετέθη
661 995 708 1035 ἐν
730 988 1044 1050 Ἀλεξανδρεία]
1076 995 1288 1049 Eugeniae
1320 994 1515 1051 martyris

40 1051 225 1117 Philippi
245 1025 478 1107 Augustalis
506 1052 626 1105 filiae,
653 1050 924 1092 Alexandriae
954 1051 1053 1090 olim
1084 1053 1257 1091 Romam
1286 1053 1515 1106 profectae,

41 1123 124 1164 qua
154 1110 195 1148 in
226 1109 332 1149 urbe
360 1108 484 1149 etiam
512 1085 764 1162 mart'yiium
792 1122 908 1161 passa
940 1114 1011 1157 est,
1041 1108 1234 1149 relictuias
1267 1107 1515 1148 Alexandri-

43 1180 111 1204 am
138 1164 279 1219 potius
312 1165 529 1206 translatas
560 1165 807 1215 arbitrarer,
838 1178 963 1219 quam
990 1150 1261 1218 Euphemiae,
1291 1164 1408 1204 cuius
1436 1164 1514 1205 de-

39 1222 229 1276 positum
259 1221 301 1261 in
332 1235 461 1261 annos
480 1226 697 1276 sequentes
718 1220 1058 1261 Chalcedonensis
1079 1221 1222 1262 civitas
1253 1220 1407 1261 diutius
1437 1235 1514 1261 cu-

38 1277 228 1318 stodivit.

152 1349 264 1391 Ibid.
301 1349 366 1389 21.
423 1346 606 1401 μοναχοί
635 1348 682 1389 δέ
709 1363 820 1397 τινες
847 1347 1037 1397 ἐλθόντες
1065 1347 1110 1389 ἐν
1135 1349 1260 1400 ΚΠ.]
1291 1348 1342 1389 de
1367 1348 1511 1389 Theo..

43 1404 152 1446 doro
182 1408 474 1460 Mopsuesteno
506 1421 527 1445 a
556 1406 709 1445 Proclo
737 1413 779 1446 et
826 1407 980 1446 loanne
1008 1405 1270 1446 Antiocheno
1301 1406 1415 1445 ultro
1446 1405 1511 1445 ci·-

38 1467 190 1518 traque
230 1462 343 1503 datas
385 1461 577 1516 epistolas
621 1460 736 1502 dedit
773 1462 1018 1502 Vincentius
1048 1461 1252 1503 Ricardus
1296 1462 1347 1502 ad
1367 1462 1509 1501 Procli

42 1533 223 1573 operum
251 1519 420 1569 calcem,
453 1533 553 1573 quas
586 1518 710 1557 etiam
741 1519 1048 1558 commentariis
1077 1518 1323 1561 illustravit:
1353 1518 1405 1558 de
1434 1531 1508 1557 eo-

40 1574 136 1615 dem
162 1575 367 1616 Baronius
395 1575 562 1616 abunde
591 1579 708 1615 tomo
738 1575 763 1615 5
810 1575 1043 1629 animalium,
1070 1574 1304 1627 Facundus,
1333 1574 1509 1615 Libera..

39 1636 118 1684 tus,
146 1638 189 1672 et
216 1631 299 1672 alii.

157 1701 345 1758 148,12.
396 1700 630 1758 Ἀντίοχον]
676 1718 772 1745 eum
801 1703 1003 1769 suspicor,
1034 1718 1159 1759 quem
1183 1703 1405 1744 Persarum
1437 1716 1508 1742 rex

38 1759 275 1815 Isdegerdes
312 1759 553 1801 Theodosio
603 1761 829 1826 imperium
874 1760 1035 1801 ineunti
1090 1766 1331 1800 curatorem
1379 1759 1508 1809 dedit,

39 1817 197 1872 quique
226 1817 277 1858 ab
317 1831 427 1856 anno
457 1818 542 1857 eius
573 1818 721 1872 quinto
757 1832 779 1856 a
818 1832 975 1857 summa
1008 1831 1152 1858 rerum
1179 1815 1507 1856 administranda

36 1880 295 1923 summotus,
326 1873 492 1927 imperii
524 1874 750 1927 p·itriciuS,
785 1873 1031 1913 Pulcheriae
1061 1872 1352 1913 eunuchorum
1380 1886 1507 1926 prae-

35 1929 210 1983 positus,
239 1929 364 1983 ipsius
393 1929 619 1970 Theodosii
649 1930 816 1970 Baiulus
846 1935 1080 1984 promotus,
1117 1929 1168 1970 de
1194 1935 1403 1982 potestate
1432 1943 1506 1967 au·

36 1991 105 2025 cta
137 1985 335 2025 timorem
363 1985 594 2027 incusserit.
665 1986 863 2026 Antiochi
893 2000 1044 2026 nomen
1077 1991 1118 2026 et
1146 1985 1383 2024 officiorum
1415 1983 1506 2023 affi-

37 2041 144 2082 nitas
173 2041 415 2096 suspicionis
456 2048 552 2082 sunt
594 2047 850 2097 argumenta.
914 2049 1066 2083 auctor
1101 2040 1154 2081 ad
1183 2056 1337 2081 annum
1364 2039 1506 2080 Theo-

36 2096 146 2139 dosii
172 2099 360 2153 primum
389 2103 432 2138 et
460 2098 669 2154 quintum.

147 2180 255 2221 Ibzd.
313 2179 606 2236 πραιπόσιτον]
639 2181 928 2223 eunuchorum
957 2181 1167 2236 princeps,
1203 2186 1243 2221 et
1272 2181 1505 2234 imperato·-

35 2237 124 2278 riae
154 2237 390 2289 custodiae,
421 2245 464 2278 et
493 2238 745 2303 quandoque
785 2238 914 2279 cubili
942 2239 1178 2292 praefectus
1204 2244 1263 2278 est
1288 2249 1503 2304 praepost-

32 2304 106 2336 tus.
165 2293 481 2359 euchologium
499 2294 539 2334 in
576 2295 854 2363 imperatricis
887 2295 1220 2362 inauguratione.
1290 2289 1503 2354 εἰσάγεται

34 2346 64 2402 ἦ
72 2350 325 2416 βασίλισσα
367 2365 483 2402 παρα
523 2351 601 2389 τοῦ
633 2348 940 2402 πραιποσίτου,
984 2365 1053 2390 και
1085 2346 1336 2401 παρίστησιν
1367 2343 1504 2399 αυτὴν

32 2405 92 2462 τῷ
118 2404 695 2462 πατριαρχῃ.ἰ1ηρει·ατι·ιῗ.τ
737 2422 768 2447 a
790 2417 1025 2463 praepostto
1064 2405 1290 2455 mducitur,
1320 2405 1391 2458 qui
1412 2417 1501 2443 eam

28 2463 307 2517 patriarchae
337 2472 585 2531 praesentat.
643 2463 816 2503 Photius
856 2479 896 2502 ιιι
936 2463 1083 2531 politia
1130 2459 1415 2526 llIetrophanis
1459 2465 1503 2499 et

32 2518 269 2562 Alexandri
343 2518 595 2583 συνέτρεχον
640 2519 693 2573 τῇ
722 2518 927 2573 προδοσίᾳ
960 2513 1164 2569 Εὐσέβιός
1191 2529 1264 2568 τε,
1294 2513 1315 2553 ὃ
1347 2513 1501 2555 δυσσε-

31 2569 112 2626 βῆς
139 2571 428 2625 πραιπόσιτος,
460 2573 535 2614 καί
563 2568 682 2614 αλλοι
702 2575 824 2626 τινές,
854 2590 924 2614 και
942 2574 1013 2626 τῆς
1043 2570 1302 2624 δυσσεβείας,
1330 2567 1405 2609 καί
1429 2571 1503 2622 τῆς

36 2627 298 2682 ἅνδρογύνου
329 2629 501 2685 φύσεως
530 2631 832 2671 συνθασιῶται.
900 2630 1190 2670 concur-rebant
1214 2628 1258 2667 in
1284 2641 1333 2667 ea
1352 2627 1501 2681 prodi.

31 2686 142 2725 tione
170 2686 367 2728 Eusebius
394 2687 543 2742 impius
566 2689 820 2743 praeposzcus
837 2716 849 2736 ,
883 2688 979 2738 (ιιοιι
1021 2685 1249 2739 cpiscopuS,
1279 2688 1327 2721 ut
1357 2683 1501 2733 ignare

33 2739 253 2796 inteipres)
282 2753 320 2784 ec
357 2744 438 2783 alii
464 2744 673 2796 nonrmlli,
712 2753 749 2784 et
780 2745 977 2798 impietae
981 2756 1019 2790 s,
1047 2750 1086 2781 et
1114 2741 1295 2781 eviratae
1319 2713 1499 2794 effoemi-
