1794 3250
257 200 357 245 252
478 205 761 258 ANASTAsn
803 206 1063 249 lllSTORlA
1106 205 1517 251 ECCLESIASTICA

252 317 515 373 exiguitatem
545 334 705 370 meam,
734 327 776 361 et
819 322 1089 362 temerarium
1126 320 1321 362 studium.
1380 337 1500 363 causa
1531 337 1633 364 vero
1660 322 1718 364 ti..

250 374 377 414 moris
408 380 450 415 et
491 377 755 417 refutationis
801 393 916 418 meae
947 378 1048 418 haec
1079 384 1165 418 est:
1195 378 1350 432 aspicio
1380 379 1490 419 enim
1522 384 1564 419 et
1593 378 1721 420 video

248 430 484 483 ecclesiam,
519 447 626 487 quae
663 447 790 487 supra
831 440 996 488 petram
1037 433 1248 474 Christum
1278 433 1494 475 dominum
1525 443 1719 477 nostrum

247 486 420 527 fundata
452 494 525 539 est,
554 489 714 529 scissam
747 505 857 530 nunc
899 496 940 531 et
973 490 1156 542 divisam,
1189 497 1228 531 et
1262 505 1334 531 nos
1368 492 1446 531 alia
1477 497 1605 547 atque
1640 492 1721 532 ali-

246 549 313 584 ter
341 543 571 599 loquentes,
601 553 642 587 et
672 545 793 586 aliter
823 561 892 586 eos
924 546 1182 587 Christianos
1214 548 1286 601 qui
1313 547 1355 587 in
1384 547 1562 588 Oriente
1596 548 1721 588 unius

246 600 461 640 nobiscum
486 600 582 642 fidei
608 608 734 650 sunt;
775 602 846 643 sed
887 610 928 643 et
961 602 1019 643 his
1063 603 1364 643 concordantes
1396 603 1715 656 occidentales,

247 670 320 697 nos
351 658 403 697 ab
435 658 627 699 omnibus
658 658 734 699 illis
765 659 962 700 alienatos
993 666 1034 699 et
1065 675 1086 699 a
1115 674 1156 700 se
1181 674 1260 714 per
1285 659 1466 715 singulos
1498 660 1582 701 dies
1616 675 1719 700 ana-

245 712 546 755 thematizatos.
609 715 700 755 dira
729 730 865 770 poena
893 722 952 756 est
973 715 1214 756 anathema:
1250 718 1400 770 procul
1429 733 1452 757 a
1484 716 1563 758 deo
1593 717 1720 758 emit-

245 769 310 821 tit,
340 776 383 810 et
412 785 436 810 a
467 785 598 826 regno
621 773 832 812 caelorum
863 772 1042 826 expellit,
1073 773 1224 813 ducens
1242 774 1283 812 in
1314 773 1503 814 tenebras
1533 774 1719 814 exterio..

112 834 232 880 p.712
248 840 324 866 res.
382 827 514 867 nescit
557 828 750 869 eeclesiae
796 828 858 870 lex
903 829 968 869 vel
997 829 1196 869 terminus
1238 835 1389 869 sectam
1420 829 1505 870 sive
1538 837 1720 871 conten-

247 882 419 935 tionem,
448 883 519 924 sed
548 884 655 925 sicut
685 884 804 925 novit
853 885 1046 925 confiteri
1078 900 1205 925 unum
1239 885 1374 936 deum,
1413 901 1542 926 unum
1573 885 1720 940 bapti-

245 953 344 990 sma,
372 954 498 980 unam
527 940 664 991 fidem,
695 941 750 981 ita
777 946 820 982 et
849 941 1122 982 concordiam
1150 957 1273 982 unam
1304 943 1345 982 in
1376 943 1488 982 omni
1519 943 1716 983 ecclesia..

244 995 350 1036 stico
379 999 560 1052 negotio.
588 997 690 1037 nihil
721 997 830 1037 enim
862 1003 921 1038 est
953 998 992 1037 in
1023 1003 1250 1052 conspectu
1285 997 1349 1038 dei
1384 1004 1466 1038 tam
1501 1005 1719 1053 acceptum

245 1059 370 1108 atque
395 1053 597 1108 placabile
646 1069 771 1109 quam
818 1062 865 1095 ut
906 1069 1034 1094 unum
1062 1054 1182 1094 simul
1214 1060 1256 1094 et
1299 1069 1379 1094 una
1413 1055 1619 1095 efficiatur
1647 1070 1720 1095 ca..

243 1109 399 1150 tholiea
449 1110 650 1158 ecclesia,
696 1110 1051 1165 quemadmodum
1093 1110 1135 1150 in
1180 1110 1369 1151 sincerae
1411 1118 1580 1151 nostrae
1621 1111 1719 1153 fidei

241 1166 431 1221 symbolo
474 1167 739 1207 confitemur.
801 1173 844 1207 et
872 1167 1048 1221 petimus
1079 1181 1182 1218 ηοε,
1212 1168 1385 1219 fratres,
1428 1173 1474 1208 ut
1514 1181 1638 1218 reor,
1677 1175 1721 1209 et

243 1235 340 1273 vos,
385 1224 585 1278 quoniam
621 1223 706 1263 scio
738 1222 936 1264 timorem
980 1238 1053 1264 vos
1085 1223 1152 1264 dei
1184 1222 1362 1275 hahere,
1407 1238 1428 1263 a
1459 1223 1648 1278 piissimis
1676 1230 1719 1265 et

244 1278 488 1319 orthodoxis
522 1279 848 1333 imperatoribus
889 1280 1041 1321 nostris
1083 1279 1291 1335 synodum
1320 1280 1594 1321 universalem
1625 1281 1720 1321 col-

244 1335 344 1390 ligi,
374 1343 421 1376 ut
451 1335 680 1377 efficiamur
710 1350 809 1386 nOS,
840 1336 912 1391 qui
944 1337 1064 1377 unius
1097 1336 1164 1377 dei
1193 1350 1354 1386 sumuS,
1385 1350 1537 1386 unum,
1568 1343 1609 1378 et
1641 1337 1715 1392 qui

243 1392 443 1434 trinitatis
486 1392 667 1434 cultores
709 1392 938 1445 existimus,
987 1393 1093 1433 uniti
1139 1399 1180 1434 et
1207 1393 1417 1433 unanimes
1449 1399 1491 1434 et
1520 1393 1718 1448 collegae,

244 1455 286 1490 et
316 1449 388 1505 qui
418 1449 564 1504 eapitis
605 1449 737 1489 nostri
768 1449 924 1490 Christi
953 1464 1120 1502 sumus,
1150 1448 1380 1490 efficiamur
1408 1463 1561 1504 eorpus
1591 1464 1720 1490 unum

245 1512 511 1560 compactum
558 1511 684 1561 atque
715 1521 967 1558 connexum,
1014 1513 1056 1547 et
1102 1506 1175 1561 qui
1205 1507 1335 1546 sancti
1366 1506 1535 1560 spiritus
1564 1519 1717 1558 sumus,

245 1561 473 1603 efficiamur
504 1577 587 1602 non
620 1568 767 1602 contra
795 1563 972 1603 invicem
999 1562 1068 1604 sed
1097 1577 1179 1618 pro
1213 1562 1402 1612 invicem,
1431 1568 1473 1603 et
1502 1563 1575 1618 qui
1604 1562 1719 1603 veri..

243 1619 338 1659 tatis
370 1619 591 1671 existimus,
623 1618 851 1659 efficiamur
882 1618 923 1658 id
953 1621 1085 1673 ipsum
1125 1619 1329 1673 sapientes
1359 1626 1486 1673 atque
1517 1619 1718 1672 dicentes,

243 1680 286 1716 et
313 1689 396 1714 non
426 1677 479 1716 sit
506 1676 547 1715 in
578 1675 694 1716 nohis
725 1681 934 1717 certamen
964 1676 1050 1716 sive
1077 1676 1287 1726 dissensio,
1322 1683 1370 1716 ut
1390 1689 1468 1730 pax
1499 1674 1579 1726 dei,
1612 1690 1719 1730 quae

244 1739 444 1786 exuperat
490 1746 656 1772 omnem
687 1746 871 1784 sensum,
910 1733 1072 1772 muniat
1112 1747 1185 1771 nos
1226 1746 1382 1774 omnes.
1443 1738 1484 1772 et
1512 1732 1719 1786 siquidem

243 1787 434 1829 iusserint
457 1788 734 1828 orthodoxiae
751 1795 1102 1844 propugnatoreS,
1130 1788 1404 1842 imperatores
1424 1787 1617 1828 videlicet
1637 1802 1718 1828 no..

111 1844 331 1908 p‚⁹713stri,
357 1844 630 1899 postulationi
657 1860 772 1885 meae
794 1861 994 1896 annuere,
1028 1845 1244 1886 consentio
1263 1852 1305 1885 et
1334 1859 1428 1900 egO.
1462 1844 1523 1883 sin
1555 1850 1712 1896 autem,

244 1900 497 1955 impossibile
535 1908 597 1941 est
639 1900 740 1940 mihi
770 1901 852 1942 hoc
882 1902 1037 1953 facere,
1069 1917 1121 1942 ne
1162 1901 1363 1941 subiiciar
1391 1899 1645 1941 anathemati
1675 1908 1718 1942 et

242 1957 432 1998 inveniar
463 1956 758 1998 condemnatus
789 1958 830 1997 in
862 1958 929 1999 die
969 1958 1126 1999 domini
1156 1958 1289 1998 nostri
1319 1963 1360 1998 et
1390 1957 1572 1998 iustitiae
1600 1957 1714 1998 iudi-

242 2014 321 2065 eis,
372 2013 444 2054 ubi
476 2027 613 2068 neque
654 2014 888 2067 imperator
930 2029 1066 2070 neque
1105 2014 1298 2055 sacerdos
1344 2028 1479 2070 neque
1503 2013 1715 2068 principes

241 2085 378 2125 neque
407 2069 623 2110 hominum
654 2070 878 2110 multitudo
911 2071 1073 2124 poterit
1104 2070 1271 2124 eripere
1300 2085 1377 2111 me.
1437 2076 1480 2110 et
1511 2070 1715 2125 quicquid

241 2127 450 2181 placuerit
481 2126 613 2180 vobis,
643 2127 809 2178 fratres,
841 2126 936 2167 date
958 2127 1176 2182 apologiae
1194 2141 1309 2167 meae
1331 2141 1415 2167 uno
1442 2141 1545 2168 vero
1579 2141 1716 2167 asser-

239 2183 366 2224 tionis
398 2190 559 2224 vestrae
587 2182 776 2223 redditae
798 2184 992 2237 petitioni
1021 2198 1136 2224 meae
1165 2185 1449 2237 responsum.''
1507 2189 1550 2223 et
1580 2183 1715 2224 liben-

241 2246 309 2280 ter
337 2239 560 2281 audierunt
602 2253 741 2280 omnes
773 2255 879 2295 quae
911 2241 1022 2280 dicta
1049 2246 1166 2291 sunt,
1196 2254 1440 2280 consensum
1464 2240 1714 2294 praebentes

240 2301 290 2337 ut
316 2296 438 2337 fieret
464 2294 655 2352 synodus.
713 2302 756 2336 at
781 2311 882 2337 vero
909 2296 1102 2337 Tarasius
1140 2310 1282 2337 rursus
1310 2296 1363 2336 ad
1392 2295 1597 2350 populum
1628 2296 1713 2336 dis-

239 2358 391 2406 putans
438 2353 496 2393 ait
535 2353 646 2393 “Leo
691 2352 926 2406 imperator
965 2353 1173 2393 subvertit
1213 2352 1433 2408 imagines;
1467 2358 1508 2392 et
1538 2352 1710 2407 quando

238 2409 418 2464 synodus
448 2410 556 2449 facta
587 2415 675 2460 est,
719 2409 933 2449 subversas
963 2410 1049 2450 illas
1079 2409 1251 2450 invenit.
1312 2416 1354 2449 et
1386 2414 1567 2462 propter
1596 2407 1713 2463 quod

239 2465 514 2519 imperatoria
542 2480 668 2506 manu
696 2466 914 2506 subversae
943 2473 1050 2517 sunt,
1082 2466 1236 2507 iterum
1266 2465 1552 2520 quaestionem
1582 2465 1710 2505 habet

238 2521 347 2562 idem
377 2522 621 2576 capitulum,
653 2521 852 2577 quoniam
883 2522 1096 2576 antiquam
1126 2521 1468 2562 consuetudinem
1500 2521 1540 2560 in
1573 2521 1708 2561 eccle-

236 2578 291 2618 sia
324 2579 522 2619 traditam
547 2584 942 2634 praesumpserunt,
974 2579 1080 2618 sicut
1108 2579 1162 2618 eis
1195 2578 1357 2618 libitum
1387 2578 1480 2628 fuit,
1510 2577 1708 2617 extermi-

238 2649 348 2675 nare.
427 2635 498 2677 sed
544 2635 698 2677 veritas
728 2634 822 2687 dei,
850 2640 898 2674 ut
923 2634 1151 2688 apostolice
1183 2635 1390 2686 dicamus,
1442 2648 1526 2673 non
1556 2640 1616 2674 cst
1646 2633 1711 2673 al-

235 2690 401 2745 ligata-'²

346 2772 491 2826 Itaque
535 2778 687 2812 oct-avo
743 2769 937 2811 kalendas
990 2770 1200 2809 Ianuarias
1250 2776 1424 2809 octavae
1466 2767 1706 2807 indictionis

233 2834 497 2868 consecratus
530 2834 591 2869 est
628 2829 756 2869 almus
793 2833 914 2882 pater
944 2831 1087 2867 noster
1107 2826 1298 2866 Tarasius
1328 2824 1570 2881 patriarcha
1590 2824 1705 2865 Con-
