1768 3268
253 210 353 255 906
461 212 741 257 ANASTASH
785 210 1047 252 msTORIA
1086 207 1497 252 ECCLESIASTlCA

255 334 297 368 te
324 326 480 367 salvum
510 326 658 367 ducam
697 342 827 382 usque
865 326 917 366 ad
965 325 1211 365 maritima.''
1268 329 1440 363 atvero
1472 322 1719 362 Pharasma-

256 383 343 423 nius
372 383 455 422 visa
490 383 729 424 necessitate
751 383 801 423 ad
830 382 1086 437 spatharium
1119 382 1219 420 dixit
1246 383 1388 419 “sume
1417 380 1547 418 filium
1576 394 1712 418 meum

124 441 240 488 p.606
254 438 452 490 obsidem,
484 446 527 479 et
555 441 764 494 profiteor
793 439 971 493 imperio
1004 437 1247 478 deservire.''
1307 437 1379 490 qui
1408 441 1580 488 recepto
1613 442 1713 474 nato

251 496 336 536 eius
368 496 471 536 dicit
501 496 538 535 ei
568 497 759 551 “qualem
790 510 953 535 servum
985 502 1026 535 te
1054 494 1185 547 ipsum
1214 492 1421 546 perhibes,
1455 492 1552 546 quia
1584 491 1720 530 inclu-

250 566 314 592 sus
347 567 443 592 cum
473 551 524 591 sis
551 551 733 607 loqueris
769 552 915 591 nobis?
971 549 1223 602 impossibile
1254 548 1374 588 nobis
1404 554 1465 587 est
1493 547 1718 594 discedere,

252 608 387 649 donec
414 615 597 649 castrum
630 607 874 662 capiamus.''
906 613 1005 646 tunc
1029 605 1131 645 dixit
1157 605 1476 645 pharasmanius
1506 605 1584 644 “da
1615 603 1718 643 mihi

250 666 466 705 verbum.''
526 670 569 704 at
605 678 707 704 vero
743 663 972 718 spatharius
1003 661 1117 702 dedit
1159 662 1196 701 ei
1229 662 1402 700 verbum
1435 660 1534 700 nibil
1567 660 1604 700 ei
1635 674 1716 699 no-

251 720 397 772 cendi,
424 721 495 761 sed
533 736 626 761 cum
657 720 843 775 triginta,
887 719 958 773 qui
988 733 1067 758 una
1098 732 1237 758 secum
1265 716 1622 771 ingrediebantur,
1650 715 1718 755 di..

251 792 344 818 cens
375 780 498 818 “mox
529 783 577 817 ut
609 776 777 830 ingressi
811 776 1030 825 fuerimus,
1059 780 1197 815 tenete
1225 780 1399 828 portaS‚
1433 779 1476 812 et
1504 773 1718 814 introeant

251 837 426 874 omneS.”
484 839 527 874 et
557 833 638 872 hoc
664 835 772 872 facto
805 831 930 871 rediit
955 831 1149 871 missurus
1178 831 1314 886 ignem
1335 831 1375 869 in
1408 836 1560 870 castro.
1619 844 1717 868 cum

250 896 388 929 autem
419 891 572 930 factum
592 889 732 929 fuisset
759 887 995 928 incendium
1015 894 1186 938 vastum,
1217 889 1352 927 exiere
1380 885 1572 937 familiae,
1597 886 1718 940 quic·

251 947 350 1000 qnid
379 952 577 999 poterant
611 951 771 998 gestare
801 944 1005 997 rapientes
1049 958 1096 983 ex
1124 944 1244 984 bonis
1274 943 1367 984 suis.
1427 948 1470 983 et
1499 942 1716 982 transactis

250 1002 335 1040 aliis
376 1003 547 1055 triginta
588 1002 731 1041 diebus
781 1000 983 1040 destruxit
1026 1014 1168 1040 muros
1209 1014 1339 1055 usque
1378 999 1427 1039 ad
1461 1005 1640 1049 terram,
1675 1005 1718 1038 et

248 1065 385 1098 motus
428 1057 636 1098 descendit
677 1058 718 1096 in
756 1056 980 1111 Dapsiliam
1027 1071 1123 1096 cum
1159 1057 1326 1096 Marino
1368 1055 1507 1109 primo
1554 1069 1718 1104 eorum,

249 1119 438 1168 suscepto
482 1130 504 1153 a
548 1114 870 1167 Dapsiliensibus
921 1128 1015 1152 cum
1070 1113 1225 1166 ingenti
1276 1112 1452 1152 honore.
1533 1111 1716 1166 indeque

249 1171 387 1211 abiens
417 1169 468 1209 ad
497 1171 702 1209 maritima
735 1170 945 1220 remeavit,
980 1176 1022 1209 et
1050 1169 1165 1208 venit
1197 1168 1249 1208 ad
1281 1168 1563 1208 lastinianum.
1592 1182 1717 1222 prae-

248 1233 361 1267 terea
392 1226 615 1266 Iustiniano
646 1226 900 1280 interempto
929 1231 971 1265 et
998 1224 1236 1280 Philippico
1266 1225 1356 1265 visu
1387 1225 1609 1265 oculorum
1643 1239 1717 1264 or-

247 1283 347 1323 bato
369 1283 544 1337 imperat
575 1283 795 1332 Artemius,
825 1282 898 1336 qui
926 1289 1180 1336 provexerat
1211 1296 1306 1322 eum
1336 1288 1582 1335 praetorem
1612 1281 1715 1320 Ori-

250 1339 459 1379 entalium.
517 1353 612 1378 cum
645 1353 748 1379 vero
778 1337 1035 1378 Theodosius
1066 1338 1318 1393 imperasset,
1351 1344 1393 1378 ct
1419 1337 1559 1391 pulsus
1585 1338 1712 1380 Arte-

119 1400 236 1442 p.607
251 1396 352 1436 mius
382 1395 589 1445 extitisset,
610 1396 983 1450 Romanorumque
1013 1409 1076 1434 res
1108 1396 1274 1449 publica
1298 1401 1401 1434 esset
1425 1395 1595 1433 confusa
1628 1399 1714 1432 tam

248 1467 295 1491 ex
322 1452 602 1492 barbarorum
630 1452 800 1492 incursu
830 1466 954 1505 quam
976 1466 1022 1491 ex
1054 1451 1268 1492 Iustiniani
1297 1450 1528 1491 homicidiis
1558 1456 1600 1490 et
1614 1449 1714 1489 Phi..

248 1508 390 1561 lippici
421 1508 597 1548 scelestis
631 1508 800 1558 actibus,
833 1507 900 1548 hic
927 1509 1012 1548 Leo
1041 1509 1314 1548 simulabatur
1347 1515 1389 1548 et
1416 1522 1495 1561 pro
1524 1507 1712 1546 Artemio

246 1565 520 1619 expugnabat,
540 1564 777 1605 Theodosio
809 1563 1058 1615 adversatus,
1096 1566 1194 1619 quin
1224 1572 1272 1605 ut
1289 1579 1437 1604 verum
1468 1563 1632 1603 dicatur
1661 1562 1713 1601 ad

245 1634 286 1660 se
316 1620 448 1674 ipsum
479 1621 710 1674 imperium¹
740 1620 968 1662 transferre
1008 1620 1250 1670 decertans3
1281 1619 1397 1675 quod
1423 1627 1464 1660 et
1493 1620 1605 1661 fecit.
1636 1618 1715 1658 ha-

247 1677 374 1716 bebat
401 1684 538 1717 autem
568 1676 895 1717 concordantem
917 1683 959 1718 et
988 1685 1311 1719 concurrentem
1340 1677 1415 1716 sibi
1438 1674 1714 1716 Artabasdum

246 1733 587 1773 Armeniacorum
618 1740 883 1787 praetorem,
914 1749 1037 1789 quem
1067 1741 1109 1774 et
1138 1749 1337 1789 generum
1365 1734 1456 1785 sibi,
1486 1738 1711 1787 postquam

246 1790 454 1843 regnavit,
494 1792 633 1829 Annae
675 1789 781 1829 filiae
820 1804 916 1830 suae
956 1792 1227 1831 coniunctum
1258 1791 1416 1842 effecit,
1458 1803 1711 1844 promovens

245 1845 360 1886 illum
391 1853 432 1886 et
462 1846 713 1886 constituens
746 1848 1043 1901 Curopalaten.

356 1914 517 1953 Interea
549 1914 757 1953 Masalmas
788 1928 882 1954 cum
925 1915 966 1954 in
999 1914 1088 1955 Asia
1116 1914 1342 1965 hiemasset,
1371 1913 1713 1968 praestolabatur

243 1969 391 2009 Leonis
422 1970 634 2024 promissa.
694 1985 872 2025 cumque
915 1972 972 2011 nil
1016 1987 1038 2011 a
1069 1973 1209 2011 Leone
1248 1972 1491 2025 recepisset,
1524 1977 1565 2010 et
1598 1983 1714 2009 com-

244 2030 367 2078 perto
402 2026 514 2080 quod
535 2026 670 2066 illusus
701 2032 801 2067 esset
819 2027 869 2067 ab
892 2027 997 2082 ipso,
1027 2027 1163 2068 adiens
1192 2027 1383 2083 Abydum
1402 2041 1544 2067 rursus
1576 2033 1714 2066 trans-

244 2082 354 2121 vexit
384 2082 590 2136 populum
631 2084 849 2137 copiosum
877 2084 919 2123 iu
940 2084 1170 2135 Thracem,
1203 2090 1244 2124 et
1272 2090 1420 2123 contra
1452 2083 1608 2138 regiam
1638 2097 1712 2122 ur-

243 2137 340 2177 bem
373 2144 606 2178 commotus
631 2145 703 2190 est,
731 2139 913 2180 scribens
943 2148 985 2181 et
1009 2141 1060 2180 ad
1079 2141 1317 2195 Sulehimau
1343 2138 1710 2195 protosymbolum

244 2207 330 2247 quo
358 2194 521 2234 veniret
556 2209 639 2234 una
670 2209 763 2235 cum
809 2198 1070 2251 praeparatis
1112 2197 1315 2238 classibus.
1373 2210 1507 2251 porro
1546 2194 1595 2235 19
1625 2195 1707 2234 kal.

243 2251 524 2304 septembrias
563 2250 751 2292 obsidere
791 2249 933 2307 coepit
968 2254 1116 2293 urbem
1146 2254 1393 2303 Masalmas,
1433 2251 1710 2306 depopulatus

242 2305 435 2347 Thracoa
465 2321 635 2362 quoque
667 2308 841 2348 castella.
901 2309 1219 2350 circumvallato
1251 2324 1352 2351 vero
1383 2315 1555 2349 terreno
1583 2321 1707 2348 muro

242 2361 441 2403 foderunt
469 2364 510 2403 in
556 2364 735 2403 circuitu
769 2365 929 2405 foveam
963 2366 1170 2420 prolixam
1201 2373 1243 2406 et
1272 2381 1477 2421 magnam,
1511 2371 1552 2405 et
1580 2378 1708 2418 super

242 2431 332 2458 eam
364 2419 460 2459 sicci
490 2419 635 2474 lapidis
665 2421 880 2461 materiam
910 2437 1102 2476 posuere.
1129 2423 1314 2463 kalendis
1345 2428 1482 2462 autem
1515 2422 1708 2475 Septem-

240 2473 342 2515 briis
374 2476 536 2530 primae
564 2476 799 2516 indictionis
830 2479 1012 2518 ascendit
1053 2479 1324 2533 impugnator
1356 2478 1509 2519 Christi
1541 2476 1708 2516 Sulehi-

111 2541 337 2586 p,608man
368 2546 463 2572 cum
490 2533 598 2572 stolo
644 2538 685 2572 et
716 2533 886 2573 amereis
924 2535 1027 2585 suis,
1058 2535 1229 2575 habens⁴
1252 2537 1384 2576 mirae
1414 2533 1709 2588 magnitudinis

244 2602 378 2639 naveS,
411 2594 453 2628 et
472 2588 639 2642 scaphas
660 2595 843 2641 sumptus
865 2590 1054 2642 ferentes,
1073 2599 1113 2632 et
1130 2593 1354 2632 dromones
1387 2604 1563 2631 numero
1595 2589 1708 2629 mille

242 2650 283 2683 et
312 2645 585 2698 octingentos,
618 2650 660 2685 et
688 2645 775 2684 fixit
804 2646 1024 2687 stationem
1062 2665 1083 2688 a
1123 2651 1350 2703 Magnaura
1382 2661 1511 2702 usque
1539 2645 1590 2685 ad
1621 2647 1705 2699 Cy-

241 2699 439 2740 clobium.
507 2707 601 2754 post
643 2700 746 2740 duos
791 2715 887 2741 sane
917 2702 1000 2742 dies
1044 2711 1186 2744 austro
1233 2705 1358 2745 flante
1399 2704 1495 2744 inde
1521 2701 1705 2756 profecti

241 2756 403 2810 navigio
436 2763 637 2797 venerunt
668 2756 717 2796 ad
753 2757 912 2807 urbem,
940 2766 981 2798 ct
1017 2760 1185 2813 quidam
1214 2775 1363 2802 eorum
1396 2775 1441 2800 ca
1478 2760 1565 2800 loca
1596 2771 1706 2811 quac

242 2811 440 2855 dicuntur
468 2813 665 2868 Eutropii
690 2819 732 2854 et
762 2814 972 2855 Anthemii
1000 2821 1332 2871 transmearunt,
1366 2816 1534 2871 quidam
1567 2820 1703 2854 autem
