1768 3268
571 213 638 252 Ex
681 211 1025 252 THEOPHANE.
1425 205 1516 252 Α197

73 322 297 363 iustiniano
326 324 590 377 successisset,
621 324 804 365 ascendit
827 324 1082 378 Philippicas
1105 324 1156 363 ad
1180 325 1418 373 inclausum,
1450 323 1524 379 qui

68 378 171 418 dicit
199 379 238 420 ei
268 382 349 420 “ne
378 382 563 420 festines:
595 381 667 421 flet
693 381 811 421 tibiss'
847 394 1026 434 cumque
1056 386 1098 419 et
1126 381 1361 420 Absimarus
1390 381 1525 433 impe-

71 440 210 485 rasset,
238 449 380 475 rursus
409 436 593 476 ascendit
619 435 670 476 ad
693 451 801 487 eum,
831 436 899 476 cui
939 435 1005 475 ille
1033 436 1183 475 iterum
1214 438 1270 476 ait
1296 440 1375 475 “ne
1406 450 1526 475 acce-

70 490 200 531 leres:
230 491 330 531 illud
360 493 468 531 enim
487 492 768 546 praestolatur
785 495 864 532 te.’'
895 505 1030 545 porro
1049 505 1142 531 cum
1161 491 1414 545 Philippieus
1444 492 1526 531 hoc

71 546 315 600 quibusdam
345 548 483 588 amicis
510 549 589 588 suis
619 548 796 588 fidenter
826 548 965 587 fuisset
992 548 1208 597 confessus,
1242 548 1291 586 ab
1323 548 1375 586 eis
1405 547 1527 587 Absi-

65 615 184 642 maro
216 603 452 644 nuntiatum
480 609 552 654 est,
584 605 654 659 qui
684 619 845 644 caesum
872 618 920 643 ac
940 610 1104 644 tonsum
1135 618 1182 642 ac
1202 602 1347 643 ferreis
1378 604 1523 642 vincu-

64 657 112 698 lis
140 657 351 712 alligatum
377 659 490 699 hunc
511 660 552 699 in
571 660 877 714 Cephalleniam
898 659 1055 699 exulem
1083 659 1207 702 misit.
1263 674 1357 698 cum
1388 666 1524 699 autem

66 714 312 755 lastinianus
345 715 566 770 imperium
593 716 848 769 suscepisset,
877 715 1091 755 revocavit
1122 730 1231 762 eum,
1267 721 1310 754 ct
1335 729 1428 754 cum
1458 730 1525 755 re-

65 777 242 824 gnaret,
286 771 386 819 fecit
425 772 790 828 pseudosynodum
844 772 1138 826 episcoporum
1193 771 1304 810 iuxta
1344 770 1525 824 pseudo-
1540 777 1659 821 p-585

64 825 259 866 monachi
289 832 332 867 et
362 827 530 868 inclausi
547 842 795 879 sermonem,
826 835 869 869 et
899 828 1049 867 abiecit
1073 833 1257 866 sanctam
1288 832 1329 867 et
1359 827 1527 867 univer-

67 882 191 922 salem
228 888 382 923 sextam
417 883 640 939 synodum.
711 884 944 939 eodemque
988 898 1096 922 anno
1141 897 1268 923 vanus
1309 884 1530 923 oculorum

66 938 311 979 caecitatem
339 939 541 988 incnrrit;
577 940 733 996 quique
766 955 861 980 cum
891 941 933 979 in
962 939 1089 979 multa
1120 939 1279 992 positus
1309 939 1531 979 securitate

65 993 109 1032 in
139 993 344 1048 regalibus
377 994 572 1050 degeret,
604 996 997 1051 multitudinemque
1027 995 1298 1048 pecuniarum
1321 1001 1363 1035 et
1390 996 1529 1048 splen-

64 1048 369 1091 didissimarum
396 1053 719 1093 substantiarum
749 1054 849 1104 illic,
881 1067 928 1093 ex
954 1051 1093 1091 multis
1122 1059 1238 1091 retro
1270 1051 1529 1105 temporibus

66 1105 119 1145 ab
153 1105 213 1146 his
243 1107 316 1161 qui
345 1112 464 1149 antea
490 1108 812 1163 imperaverant,
843 1123 889 1149 ex
918 1107 1298 1162 proscriptionibus
1321 1113 1363 1147 et
1393 1107 1531 1147 diver-

66 1161 118 1200 sis
145 1163 446 1213 occasionibus,
476 1166 733 1219 maximeque
760 1181 781 1204 a
824 1164 1043 1219 praedicto
1075 1163 1299 1203 lustiniano
1330 1163 1531 1203 collecta-

68 1232 170 1257 rum.
192 1218 437 1274 invenisset,
474 1220 579 1261 haec
608 1221 763 1260 frustra
792 1226 833 1261 et
872 1221 1070 1260 incassum
1103 1233 1150 1258 ae
1176 1219 1262 1258 sine
1290 1218 1436 1260 dolore
1464 1219 1531 1259 di-

66 1274 230 1326 spersit.
287 1282 331 1316 et
351 1276 392 1315 in
415 1276 764 1330 disputationibus
783 1277 950 1331 quidem
970 1276 1050 1315 suis
1073 1274 1329 1315 rationabilis
1356 1282 1399 1316 et
1426 1289 1528 1329 pru·

69 1329 168 1370 dens
196 1331 483 1382 extimabatur,
506 1333 546 1371 in
567 1333 726 1373 actibus
749 1340 888 1372 autem
912 1332 1127 1372 inhoneste
1149 1345 1196 1369 ac
1217 1329 1381 1385 indigne
1404 1331 1531 1371 vitam

67 1399 353 1427 consummans
396 1388 684 1441 improbabilis
715 1390 872 1443 ubique
912 1387 1303 1429 demonstrabatur:
1336 1393 1426 1427 erat
1454 1402 1532 1426 au-

68 1448 154 1482 tem
182 1442 416 1484 haereticus
465 1451 506 1484 ct
545 1445 724 1484 adulter.
801 1459 932 1498 porro
975 1445 1087 1499 Cyro
1130 1443 1369 1497 patriarcha
1412 1443 1531 1497 pulso

69 1498 267 1539 Ioannem
299 1500 699 1541 communicatorem
736 1515 856 1540 suum
886 1505 1010 1555 atque
1038 1499 1293 1539 haereticum
1325 1500 1364 1539 in
1396 1499 1533 1554 patri-

70 1553 240 1594 archam
268 1555 499 1609 promovit.

181 1633 328 1673 Mundi
357 1649 467 1674 anno
499 1629 625 1684 6204,
658 1633 822 1674 divinae
850 1633 1150 1674 incarnationis
1185 1648 1293 1673 anno
1325 1631 1420 1683 704,
1454 1633 1534 1672 im-

67 1694 189 1742 perat
212 1690 406 1730 Romanis
436 1689 705 1744 Philippicas,
737 1690 807 1744 qui
840 1690 1060 1744 imperavit
1090 1690 1204 1729 annis
1223 1689 1397 1729 duobus.
1429 1691 1535 1728 Ara-

67 1744 187 1785 bibus
219 1752 384 1800 praeest
412 1747 574 1797 Hualid,
607 1747 679 1801 qui
710 1745 907 1786 ducatum
937 1761 1085 1786 novem
1114 1746 1251 1786 tenuit
1279 1747 1406 1786 annis.
1466 1747 1535 1784 Io-

69 1815 192 1841 annes
221 1816 392 1857 qnoque
424 1803 912 1856 Constantinopolitanus
942 1808 1068 1858 atque
1087 1804 1260 1843 Ioannes
1290 1801 1536 1853 Hierosoly-

68 1856 247 1897 mitanus
277 1858 483 1898 habentur
504 1907 506 1909 Ι
526 1859 749 1910 antistites,
779 1873 962 1914 quorum
1001 1858 1106 1899 alter
1135 1858 1269 1898 tribus
1302 1858 1406 1898 alter
1434 1871 1536 1897 vero

71 1912 244 1967 triginta
275 1915 458 1968 praefuit
489 1918 602 1956 annis
637 1915 842 1956 ecclesiae.

183 1993 302 2030 Anno
332 1991 461 2046 igitur
493 1993 656 2047 imperii
687 1993 750 2033 sui
778 1993 1038 2048 Philippicas
1066 1993 1204 2047 primo
1234 1991 1449 2032 Armenios
1487 1989 1538 2029 de

71 2051 185 2086 terra
226 2062 298 2087 sua
326 2048 479 2102 pellens
520 2050 562 2088 in
606 2050 802 2089 Armenia
840 2055 989 2105 quarta
1030 2055 1072 2089 et
1112 2049 1307 2090 Melitene
1349 2048 1537 2087 habitare

69 2103 219 2156 coc'git.
250 2117 387 2157 porro
415 2120 498 2145 non
529 2105 765 2160 praevaluit
791 2106 948 2146 saevius
979 2105 1141 2145 moveri
1175 2110 1323 2144 contra
1354 2109 1534 2142 sanctam
1549 2123 1582 2156 p.
1599 2111 1670 2148 586

71 2165 112 2198 et
141 2159 414 2199 universalem
458 2169 612 2202 sextam
651 2162 882 2217 synodum,
918 2162 1162 2202 subvertere
1191 2161 1356 2201 studens
1384 2159 1535 2206 divina,

69 2229 175 2269 quae
207 2215 258 2255 ab
289 2217 567 2262 earoborata
585 2225 694 2269 sunt,
725 2217 931 2272 dogmata.
990 2218 1150 2271 reperit
1182 2223 1319 2257 autem
1350 2216 1411 2254 sni
1440 2229 1535 2254 sen-

69 2285 136 2310 sus
166 2272 374 2321 loannem,
407 2288 530 2328 quem
562 2275 802 2328 episcopum
822 2273 1238 2328 Constantinopoleos
1259 2273 1368 2323 fecit,
1400 2271 1534 2323 depo-

69 2327 150 2366 sito
183 2328 295 2382 Cyro
326 2331 518 2382 praesule
544 2329 681 2378 huius,
716 2346 839 2385 quem
868 2331 988 2371 exilio
1023 2331 1221 2384 relegavit
1252 2329 1291 2367 in
1325 2332 1533 2367 monaste-

70 2382 134 2423 rio
162 2383 346 2434 Chorus,
374 2385 674 2440 NIcolaumque
715 2402 737 2425 a
783 2387 960 2427 diacono
999 2401 1172 2426 caucum
1217 2385 1420 2433 effectum,
1461 2382 1533 2435 qui

69 2452 162 2478 cum
194 2439 428 2481 medicinali
455 2449 558 2482 esset
589 2442 803 2496 disciplina
829 2443 1030 2497 sophista,
1072 2448 1173 2482 tunc
1202 2446 1397 2494 quaestor
1430 2445 1532 2487 erat,

67 2495 411 2551 Agelpidiumque
440 2497 662 2537 diaconum
689 2513 860 2553 magnae
889 2499 1095 2548 ecclcsiae,
1125 2504 1249 2551 atque
1280 2494 1533 2534 Antiochum

71 2551 458 2606 chartophylacem,
491 2561 531 2594 et
561 2555 660 2594 alios
690 2570 858 2595 morum
900 2554 1142 2603 eorundem,
1174 2553 1242 2606 qui
1276 2551 1399 2590 etiam
1429 2551 1533 2588 scri-

69 2613 144 2660 pto
174 2608 626 2650 anathematizaverunt
669 2617 851 2650 sanctam
897 2617 1047 2651 sextam
1092 2608 1312 2663 synodum.
1372 2607 1532 2645 interea

70 2662 272 2717 Vulgares
302 2679 380 2718 per
405 2665 547 2706 Philea
579 2666 682 2706 clam
715 2668 754 2707 in
791 2675 1008 2721 angustum
1038 2665 1278 2711 incidentes,
1313 2669 1353 2703 et
1386 2676 1532 2714 magna

69 2718 192 2760 caede
228 2721 334 2761 facta
365 2736 493 2776 usque
518 2722 570 2762 ad
602 2723 749 2763 urbem
779 2724 1068 2772 discurrentes,
1097 2727 1138 2760 et
1166 2720 1317 2759 multos
1346 2725 1531 2759 transve-

67 2772 223 2826 tientes,
253 2778 489 2833 nuptiisque
519 2779 726 2834 opulentis
756 2787 796 2820 et
827 2779 1047 2834 dapsilibus
1077 2775 1261 2831 prandiis
1290 2790 1382 2816 cum
1413 2773 1529 2813 vario
