<?xml version="1.0" encoding="UTF-8"?>
<!DOCTYPE html PUBLIC "-//W3C//DTD XHTML 1.0 Transitional//EN"
    "http://www.w3.org/TR/xhtml1/DTD/xhtml1-transitional.dtd">
<html xmlns="http://www.w3.org/1999/xhtml" xml:lang="en" lang="en">
 <head>
  <title>
</title>
<meta http-equiv="Content-Type" content="text/html;charset=utf-8" />
  <meta name='ocr-system' content='tesseract 3.04.00' />
  <meta name='ocr-capabilities' content='ocr_page ocr_carea ocr_par ocr_line ocrx_word'/>
</head>
<body>
  <div class='ocr_page' id='page_1' title='image "./corpusscriptorum47niebuoft_0241.png"; bbox 0 0 1728 3242; ppageno 0'>
   <div class='ocr_carea' id='block_1_1' title="bbox 483 153 1505 224">
    <p class='ocr_par' dir='ltr' id='par_1_1' title="bbox 483 153 1505 224">
     <span class='ocr_line' id='line_1_1' title="bbox 483 153 1505 224; baseline 0.004 -4"><span class='ocrx_word' id='word_1_1' title='bbox 483 178 485 181; x_wconf 78' lang='grc'><strong>’</strong></span> <span class='ocrx_word' id='word_1_2' title='bbox 551 176 620 221; x_wconf 70' lang='lat' dir='ltr'><strong>Ex</strong></span> <span class='ocrx_word' id='word_1_3' title='bbox 665 176 1011 222; x_wconf 54' lang='lat' dir='ltr'><strong>‘satornana</strong></span> <span class='ocrx_word' id='word_1_4' title='bbox 1329 153 1337 159; x_wconf 66' lang='grc'><strong><em>’</em></strong></span> <span class='ocrx_word' id='word_1_5' title='bbox 1413 178 1505 224; x_wconf 72' lang='lat'><strong>231</strong></span> 
     </span>
    </p>
   </div>
   <div class='ocr_carea' id='block_1_2' title="bbox 48 288 1651 782">
    <p class='ocr_par' dir='ltr' id='par_1_2' title="bbox 53 288 1510 348">
     <span class='ocr_line' id='line_1_2' title="bbox 53 288 1510 348; baseline 0.003 -17"><span class='ocrx_word' id='word_1_6' title='bbox 53 288 269 332; x_wconf 67' lang='lat' dir='ltr'><strong>codonium</strong></span> <span class='ocrx_word' id='word_1_7' title='bbox 304 290 457 347; x_wconf 82' lang='lat' dir='ltr'><strong>positas</strong></span> <span class='ocrx_word' id='word_1_8' title='bbox 494 293 720 347; x_wconf 75' lang='lat' dir='ltr'><strong>captivavit</strong></span> <span class='ocrx_word' id='word_1_9' title='bbox 761 298 804 334; x_wconf 90' lang='lat' dir='ltr'><strong>et</strong></span> <span class='ocrx_word' id='word_1_10' title='bbox 841 293 1021 347; x_wconf 82' lang='lat' dir='ltr'><strong>reliquos</strong></span> <span class='ocrx_word' id='word_1_11' title='bbox 1060 294 1305 348; x_wconf 76' lang='lat' dir='ltr'><strong>subiugavit.</strong></span> <span class='ocrx_word' id='word_1_12' title='bbox 1362 295 1510 336; x_wconf 81' lang='lat' dir='ltr'><strong>eodem</strong></span> 
     </span>
    </p>

    <p class='ocr_par' dir='ltr' id='par_1_3' title="bbox 52 346 1651 459">
     <span class='ocr_line' id='line_1_3' title="bbox 52 346 1651 408; baseline 0.004 -21"><span class='ocrx_word' id='word_1_13' title='bbox 52 360 153 387; x_wconf 80' lang='lat' dir='ltr'><strong>vero</strong></span> <span class='ocrx_word' id='word_1_14' title='bbox 182 356 292 388; x_wconf 78' lang='lat' dir='ltr'><strong>anno</strong></span> <span class='ocrx_word' id='word_1_15' title='bbox 324 347 494 402; x_wconf 87' lang='lat' dir='ltr'><strong>quidam</strong></span> <span class='ocrx_word' id='word_1_16' title='bbox 524 363 571 389; x_wconf 87' lang='lat' dir='ltr'><strong>ex</strong></span> <span class='ocrx_word' id='word_1_17' title='bbox 603 349 900 403; x_wconf 87' lang='lat' dir='ltr'><strong>Maurophoris</strong></span> <span class='ocrx_word' id='word_1_18' title='bbox 931 348 1078 399; x_wconf 78' lang='lat' dir='ltr'><strong>Persis,</strong></span> <span class='ocrx_word' id='word_1_19' title='bbox 1107 362 1201 391; x_wconf 83' lang='lat' dir='ltr'><strong>cum</strong></span> <span class='ocrx_word' id='word_1_20' title='bbox 1229 351 1412 408; x_wconf 78' lang='lat' dir='ltr'><strong>magicae</strong></span> <span class='ocrx_word' id='word_1_21' title='bbox 1442 360 1510 392; x_wconf 78' lang='lat' dir='ltr'><strong>re·</strong></span> <span class='ocrx_word' id='word_1_22' title='bbox 1526 360 1559 393; x_wconf 80' lang='grc' dir='ltr'><strong>Ρ·</strong></span> <span class='ocrx_word' id='word_1_23' title='bbox 1579 346 1651 385; x_wconf 74' lang='grc'><strong>664</strong></span> 
     </span>
     <span class='ocr_line' id='line_1_4' title="bbox 52 402 1513 459; baseline 0.003 -17"><span class='ocrx_word' id='word_1_24' title='bbox 52 402 214 458; x_wconf 80' lang='lat' dir='ltr'><strong>ligionis</strong></span> <span class='ocrx_word' id='word_1_25' title='bbox 239 410 386 454; x_wconf 59' lang='lat' dir='ltr'><strong>essent,</strong></span> <span class='ocrx_word' id='word_1_26' title='bbox 417 404 663 459; x_wconf 81' lang='lat' dir='ltr'>deceptione</span> <span class='ocrx_word' id='word_1_27' title='bbox 681 404 839 446; x_wconf 85' lang='lat' dir='ltr'><strong>detenti</strong></span> <span class='ocrx_word' id='word_1_28' title='bbox 858 405 1026 456; x_wconf 84' lang='lat' dir='ltr'><strong>diaboli,</strong></span> <span class='ocrx_word' id='word_1_29' title='bbox 1055 407 1291 447; x_wconf 77' lang='lat' dir='ltr'><strong>venundata</strong></span> <span class='ocrx_word' id='word_1_30' title='bbox 1320 409 1513 448; x_wconf 80' lang='lat' dir='ltr'><strong>substan-</strong></span> 
     </span>
    </p>

    <p class='ocr_par' dir='ltr' id='par_1_4' title="bbox 50 459 1514 628">
     <span class='ocr_line' id='line_1_5' title="bbox 50 459 1514 516; baseline 0.003 -17"><span class='ocrx_word' id='word_1_31' title='bbox 50 460 109 499; x_wconf 85' lang='lat' dir='ltr'><strong>tia</strong></span> <span class='ocrx_word' id='word_1_32' title='bbox 151 473 222 500; x_wconf 88' lang='lat' dir='ltr'><strong>sua</strong></span> <span class='ocrx_word' id='word_1_33' title='bbox 269 459 368 500; x_wconf 88' lang='lat' dir='ltr'><strong>nudi</strong></span> <span class='ocrx_word' id='word_1_34' title='bbox 413 475 540 515; x_wconf 89' lang='lat' dir='ltr'><strong>supra</strong></span> <span class='ocrx_word' id='word_1_35' title='bbox 580 476 722 502; x_wconf 87' lang='lat' dir='ltr'><strong>muros</strong></span> <span class='ocrx_word' id='word_1_36' title='bbox 764 461 1026 501; x_wconf 83' lang='lat' dir='ltr'><strong>ascendentes</strong></span> <span class='ocrx_word' id='word_1_37' title='bbox 1072 463 1353 516; x_wconf 87' lang='lat' dir='ltr'><strong>proiiciebant</strong></span> <span class='ocrx_word' id='word_1_38' title='bbox 1385 470 1514 505; x_wconf 89' lang='lat' dir='ltr'><strong>semet</strong></span> 
     </span>
     <span class='ocr_line' id='line_1_6' title="bbox 52 515 1513 574; baseline 0.004 -20"><span class='ocrx_word' id='word_1_39' title='bbox 52 515 175 570; x_wconf 82' lang='lat' dir='ltr'><strong>ipsos,</strong></span> <span class='ocrx_word' id='word_1_40' title='bbox 208 515 266 556; x_wconf 88' lang='lat' dir='ltr'><strong>ita</strong></span> <span class='ocrx_word' id='word_1_41' title='bbox 292 523 340 556; x_wconf 89' lang='lat' dir='ltr'><strong>ut</strong></span> <span class='ocrx_word' id='word_1_42' title='bbox 365 531 408 557; x_wconf 91' lang='lat' dir='ltr'><strong>se</strong></span> <span class='ocrx_word' id='word_1_43' title='bbox 441 518 589 558; x_wconf 84' lang='lat' dir='ltr'><strong>volare</strong></span> <span class='ocrx_word' id='word_1_44' title='bbox 628 518 669 557; x_wconf 91' lang='lat' dir='ltr'><strong>in</strong></span> <span class='ocrx_word' id='word_1_45' title='bbox 713 518 873 558; x_wconf 85' lang='lat' dir='ltr'><strong>caelum</strong></span> <span class='ocrx_word' id='word_1_46' title='bbox 922 518 1254 568; x_wconf 81' lang='lat' dir='ltr'><strong>arbitrarentur3</strong></span> <span class='ocrx_word' id='word_1_47' title='bbox 1294 521 1366 574; x_wconf 91' lang='lat' dir='ltr'><strong>qui</strong></span> <span class='ocrx_word' id='word_1_48' title='bbox 1413 521 1513 560; x_wconf 90' lang='lat' dir='ltr'><strong>nihil</strong></span> 
     </span>
     <span class='ocr_line' id='line_1_7' title="bbox 51 571 1511 628; baseline 0.003 -16"><span class='ocrx_word' id='word_1_49' title='bbox 51 571 217 612; x_wconf 86' lang='lat' dir='ltr'><strong>ratione</strong></span> <span class='ocrx_word' id='word_1_50' title='bbox 245 571 415 627; x_wconf 80' lang='lat' dir='ltr'><strong>dignum</strong></span> <span class='ocrx_word' id='word_1_51' title='bbox 453 573 577 614; x_wconf 83' lang='lat' dir='ltr'><strong>sortis</strong></span> <span class='ocrx_word' id='word_1_52' title='bbox 608 573 713 613; x_wconf 86' lang='lat' dir='ltr'><strong>illius</strong></span> <span class='ocrx_word' id='word_1_53' title='bbox 754 573 971 628; x_wconf 85' lang='lat' dir='ltr'><strong>habentes,</strong></span> <span class='ocrx_word' id='word_1_54' title='bbox 1004 580 1118 614; x_wconf 86' lang='lat' dir='ltr'><strong>artus</strong></span> <span class='ocrx_word' id='word_1_55' title='bbox 1148 577 1424 616; x_wconf 83' lang='lat' dir='ltr'><strong>conterebant</strong></span> <span class='ocrx_word' id='word_1_56' title='bbox 1460 576 1511 616; x_wconf 89' lang='lat' dir='ltr'><strong>ad</strong></span> 
     </span>
    </p>

    <p class='ocr_par' dir='ltr' id='par_1_5' title="bbox 48 627 1514 782">
     <span class='ocr_line' id='line_1_8' title="bbox 51 627 1513 685; baseline 0.004 -18"><span class='ocrx_word' id='word_1_57' title='bbox 51 628 133 667; x_wconf 83' lang='lat' dir='ltr'><strong>ima</strong></span> <span class='ocrx_word' id='word_1_58' title='bbox 160 627 350 672; x_wconf 86' lang='lat' dir='ltr'><strong>demersi.</strong></span> <span class='ocrx_word' id='word_1_59' title='bbox 376 643 576 685; x_wconf 80' lang='lat' dir='ltr'><strong>=quorum</strong></span> <span class='ocrx_word' id='word_1_60' title='bbox 607 629 822 680; x_wconf 82' lang='lat' dir='ltr'><strong>sexdecim,</strong></span> <span class='ocrx_word' id='word_1_61' title='bbox 850 644 919 671; x_wconf 91' lang='lat' dir='ltr'><strong>eos</strong></span> <span class='ocrx_word' id='word_1_62' title='bbox 949 630 1161 671; x_wconf 81' lang='lat' dir='ltr'><strong>dumtaxat</strong></span> <span class='ocrx_word' id='word_1_63' title='bbox 1188 632 1260 685; x_wconf 84' lang='lat' dir='ltr'><strong>qui</strong></span> <span class='ocrx_word' id='word_1_64' title='bbox 1293 633 1336 671; x_wconf 88' lang='lat' dir='ltr'><strong>in</strong></span> <span class='ocrx_word' id='word_1_65' title='bbox 1365 647 1513 674; x_wconf 81' lang='lat' dir='ltr'><strong>errore</strong></span> 
     </span>
     <span class='ocr_line' id='line_1_9' title="bbox 48 683 1514 740; baseline 0.005 -17"><span class='ocrx_word' id='word_1_66' title='bbox 48 683 390 738; x_wconf 83' lang='lat' dir='ltr'><strong>praeminebant,</strong></span> <span class='ocrx_word' id='word_1_67' title='bbox 431 685 603 727; x_wconf 81' lang='lat' dir='ltr'><strong>Abdelas</strong></span> <span class='ocrx_word' id='word_1_68' title='bbox 644 700 723 740; x_wconf 91' lang='lat' dir='ltr'><strong>per</strong></span> <span class='ocrx_word' id='word_1_69' title='bbox 758 686 887 726; x_wconf 88' lang='lat' dir='ltr'><strong>Salim</strong></span> <span class='ocrx_word' id='word_1_70' title='bbox 937 687 1146 727; x_wconf 80' lang='lat' dir='ltr'><strong>interfecit</strong></span> <span class='ocrx_word' id='word_1_71' title='bbox 1189 687 1230 727; x_wconf 89' lang='lat' dir='ltr'><strong>in</strong></span> <span class='ocrx_word' id='word_1_72' title='bbox 1273 689 1431 729; x_wconf 82' lang='lat' dir='ltr'><strong>Beroea</strong></span> <span class='ocrx_word' id='word_1_73' title='bbox 1470 695 1514 730; x_wconf 87' lang='lat' dir='ltr'><strong>et</strong></span> 
     </span>
     <span class='ocr_line' id='line_1_10' title="bbox 50 740 258 782; baseline 0.005 -3"><span class='ocrx_word' id='word_1_74' title='bbox 50 740 258 782; x_wconf 78' lang='lat' dir='ltr'><strong>Chalcide.</strong></span> 
     </span>
    </p>
   </div>
   <div class='ocr_carea' id='block_1_3' title="bbox 41 807 1514 1581">
    <p class='ocr_par' dir='ltr' id='par_1_6' title="bbox 41 807 1514 1581">
     <span class='ocr_line' id='line_1_11' title="bbox 161 807 1514 865; baseline 0.001 -19"><span class='ocrx_word' id='word_1_75' title='bbox 161 809 280 847; x_wconf 81' lang='lat' dir='ltr'><strong>Anno</strong></span> <span class='ocrx_word' id='word_1_76' title='bbox 310 807 475 862; x_wconf 84' lang='lat' dir='ltr'><strong>imperii</strong></span> <span class='ocrx_word' id='word_1_77' title='bbox 506 808 766 849; x_wconf 82' lang='lat' dir='ltr'><strong>Constantini</strong></span> <span class='ocrx_word' id='word_1_78' title='bbox 810 808 861 850; x_wconf 83' lang='lat'><strong>19</strong></span> <span class='ocrx_word' id='word_1_79' title='bbox 904 809 1057 850; x_wconf 86' lang='lat' dir='ltr'><strong>invidia</strong></span> <span class='ocrx_word' id='word_1_80' title='bbox 1086 810 1340 851; x_wconf 85' lang='lat' dir='ltr'><strong>Christianos</strong></span> <span class='ocrx_word' id='word_1_81' title='bbox 1362 811 1514 865; x_wconf 79' lang='lat' dir='ltr'><strong>prohi-</strong></span> 
     </span>
     <span class='ocr_line' id='line_1_12' title="bbox 47 862 1513 921; baseline 0.004 -19"><span class='ocrx_word' id='word_1_82' title='bbox 47 862 234 903; x_wconf 82' lang='lat' dir='ltr'><strong>buerunt</strong></span> <span class='ocrx_word' id='word_1_83' title='bbox 251 865 403 904; x_wconf 79' lang='lat' dir='ltr'><strong>Arabes</strong></span> <span class='ocrx_word' id='word_1_84' title='bbox 433 880 453 904; x_wconf 88' lang='lat' dir='ltr'><strong>a</strong></span> <span class='ocrx_word' id='word_1_85' title='bbox 476 865 651 919; x_wconf 87' lang='lat' dir='ltr'><strong>publicis</strong></span> <span class='ocrx_word' id='word_1_86' title='bbox 684 865 975 906; x_wconf 80' lang='lat' dir='ltr'><strong>chartothesiis</strong></span> <span class='ocrx_word' id='word_1_87' title='bbox 1021 866 1071 906; x_wconf 88' lang='lat' dir='ltr'><strong>ad</strong></span> <span class='ocrx_word' id='word_1_88' title='bbox 1100 866 1513 921; x_wconf 73' lang='lat' dir='ltr'><strong>modicum‘tempus.</strong></span> 
     </span>
     <span class='ocr_line' id='line_1_13' title="bbox 47 919 1513 978; baseline 0.003 -20"><span class='ocrx_word' id='word_1_89' title='bbox 47 919 117 959; x_wconf 83' lang='lat' dir='ltr'><strong>sed</strong></span> <span class='ocrx_word' id='word_1_90' title='bbox 146 934 288 960; x_wconf 81' lang='lat' dir='ltr'><strong>rursus</strong></span> <span class='ocrx_word' id='word_1_91' title='bbox 317 921 455 961; x_wconf 86' lang='lat' dir='ltr'><strong>coacti</strong></span> <span class='ocrx_word' id='word_1_92' title='bbox 497 922 769 962; x_wconf 87' lang='lat' dir='ltr'><strong>committunt</strong></span> <span class='ocrx_word' id='word_1_93' title='bbox 814 922 868 962; x_wconf 85' lang='lat' dir='ltr'><strong>eis</strong></span> <span class='ocrx_word' id='word_1_94' title='bbox 898 923 1042 963; x_wconf 82' lang='lat' dir='ltr'><strong>eadem</strong></span> <span class='ocrx_word' id='word_1_95' title='bbox 1075 923 1174 978; x_wconf 85' lang='lat' dir='ltr'><strong>ipsa,</strong></span> <span class='ocrx_word' id='word_1_96' title='bbox 1203 938 1253 964; x_wconf 89' lang='lat' dir='ltr'><strong>eo</strong></span> <span class='ocrx_word' id='word_1_97' title='bbox 1285 923 1397 978; x_wconf 90' lang='lat' dir='ltr'><strong>quod</strong></span> <span class='ocrx_word' id='word_1_98' title='bbox 1430 937 1513 962; x_wconf 91' lang='lat' dir='ltr'><strong>non</strong></span> 
     </span>
     <span class='ocr_line' id='line_1_14' title="bbox 46 975 1513 1034; baseline 0.002 -20"><span class='ocrx_word' id='word_1_99' title='bbox 46 975 205 1028; x_wconf 84' lang='lat' dir='ltr'><strong>possint</strong></span> <span class='ocrx_word' id='word_1_100' title='bbox 233 976 308 1030; x_wconf 87' lang='lat' dir='ltr'><strong>ipsi</strong></span> <span class='ocrx_word' id='word_1_101' title='bbox 348 977 530 1018; x_wconf 87' lang='lat' dir='ltr'><strong>scribere</strong></span> <span class='ocrx_word' id='word_1_102' title='bbox 559 977 879 1029; x_wconf 82' lang='lat' dir='ltr'><strong>calculationes,</strong></span> <span class='ocrx_word' id='word_1_103' title='bbox 911 979 1099 1034; x_wconf 82' lang='lat' dir='ltr'><strong>aciesque</strong></span> <span class='ocrx_word' id='word_1_104' title='bbox 1130 980 1372 1020; x_wconf 82' lang='lat' dir='ltr'><strong>direxerunt</strong></span> <span class='ocrx_word' id='word_1_105' title='bbox 1404 979 1513 1019; x_wconf 85' lang='lat' dir='ltr'><strong>mul..</strong></span> 
     </span>
     <span class='ocr_line' id='line_1_15' title="bbox 50 1032 1512 1090; baseline 0.003 -19"><span class='ocrx_word' id='word_1_106' title='bbox 50 1037 121 1074; x_wconf 81' lang='lat' dir='ltr'><strong>tas,</strong></span> <span class='ocrx_word' id='word_1_107' title='bbox 177 1032 247 1072; x_wconf 83' lang='lat' dir='ltr'><strong>sed</strong></span> <span class='ocrx_word' id='word_1_108' title='bbox 279 1040 320 1073; x_wconf 89' lang='lat' dir='ltr'><strong>et</strong></span> <span class='ocrx_word' id='word_1_109' title='bbox 348 1033 523 1074; x_wconf 88' lang='lat' dir='ltr'><strong>Paulum</strong></span> <span class='ocrx_word' id='word_1_110' title='bbox 549 1040 792 1088; x_wconf 80' lang='lat' dir='ltr'><strong>praetorem</strong></span> <span class='ocrx_word' id='word_1_111' title='bbox 821 1036 1166 1076; x_wconf 85' lang='lat' dir='ltr'><strong>Armeniacorum</strong></span> <span class='ocrx_word' id='word_1_112' title='bbox 1199 1036 1354 1076; x_wconf 90' lang='lat' dir='ltr'><strong>bellum</strong></span> <span class='ocrx_word' id='word_1_113' title='bbox 1383 1050 1512 1090; x_wconf 78' lang='lat' dir='ltr'><strong>agen-</strong></span> 
     </span>
     <span class='ocr_line' id='line_1_16' title="bbox 46 1089 1513 1144; baseline 0.004 -18"><span class='ocrx_word' id='word_1_114' title='bbox 46 1093 104 1127; x_wconf 90' lang='lat' dir='ltr'><strong>tes</strong></span> <span class='ocrx_word' id='word_1_115' title='bbox 135 1089 248 1142; x_wconf 88' lang='lat' dir='ltr'><strong>apud</strong></span> <span class='ocrx_word' id='word_1_116' title='bbox 278 1090 427 1130; x_wconf 81' lang='lat' dir='ltr'><strong>Melam</strong></span> <span class='ocrx_word' id='word_1_117' title='bbox 453 1098 725 1144; x_wconf 82' lang='lat' dir='ltr'><strong>peremerunt</strong></span> <span class='ocrx_word' id='word_1_118' title='bbox 754 1105 849 1130; x_wconf 88' lang='lat' dir='ltr'><strong>cum</strong></span> <span class='ocrx_word' id='word_1_119' title='bbox 867 1093 1070 1132; x_wconf 84' lang='lat' dir='ltr'><strong>exercitus</strong></span> <span class='ocrx_word' id='word_1_120' title='bbox 1100 1092 1379 1142; x_wconf 84' lang='lat' dir='ltr'><strong>multitudine,</strong></span> <span class='ocrx_word' id='word_1_121' title='bbox 1411 1107 1513 1132; x_wconf 84' lang='lat' dir='ltr'><strong>nec-</strong></span> 
     </span>
     <span class='ocr_line' id='line_1_17' title="bbox 46 1142 1509 1202; baseline 0.003 -19"><span class='ocrx_word' id='word_1_122' title='bbox 46 1158 131 1183; x_wconf 89' lang='lat' dir='ltr'><strong>non</strong></span> <span class='ocrx_word' id='word_1_123' title='bbox 160 1151 202 1187; x_wconf 88' lang='lat' dir='ltr'><strong>et</strong></span> <span class='ocrx_word' id='word_1_124' title='bbox 229 1142 284 1184; x_wconf 80' lang='lat'><strong>42</strong></span> <span class='ocrx_word' id='word_1_125' title='bbox 316 1145 489 1200; x_wconf 83' lang='lat' dir='ltr'><strong>insignes</strong></span> <span class='ocrx_word' id='word_1_126' title='bbox 519 1147 631 1186; x_wconf 87' lang='lat' dir='ltr'><strong>viros</strong></span> <span class='ocrx_word' id='word_1_127' title='bbox 663 1147 823 1186; x_wconf 88' lang='lat' dir='ltr'><strong>vinctos</strong></span> <span class='ocrx_word' id='word_1_128' title='bbox 867 1147 1089 1197; x_wconf 84' lang='lat' dir='ltr'><strong>duxerunt,</strong></span> <span class='ocrx_word' id='word_1_129' title='bbox 1129 1155 1170 1189; x_wconf 89' lang='lat' dir='ltr'><strong>et</strong></span> <span class='ocrx_word' id='word_1_130' title='bbox 1202 1148 1339 1202; x_wconf 84' lang='lat' dir='ltr'><strong>capita</strong></span> <span class='ocrx_word' id='word_1_131' title='bbox 1365 1148 1509 1188; x_wconf 87' lang='lat' dir='ltr'><strong>multa.</strong></span> 
     </span>
     <span class='ocr_line' id='line_1_18' title="bbox 46 1199 1510 1258; baseline 0.005 -20"><span class='ocrx_word' id='word_1_132' title='bbox 46 1199 281 1253; x_wconf 83' lang='lat' dir='ltr'><strong>imperator</strong></span> <span class='ocrx_word' id='word_1_133' title='bbox 314 1208 452 1242; x_wconf 85' lang='lat' dir='ltr'><strong>autem</strong></span> <span class='ocrx_word' id='word_1_134' title='bbox 482 1203 709 1243; x_wconf 85' lang='lat' dir='ltr'><strong>exercitum</strong></span> <span class='ocrx_word' id='word_1_135' title='bbox 737 1203 871 1243; x_wconf 90' lang='lat' dir='ltr'><strong>movit</strong></span> <span class='ocrx_word' id='word_1_136' title='bbox 910 1204 951 1244; x_wconf 93' lang='lat' dir='ltr'><strong>in</strong></span> <span class='ocrx_word' id='word_1_137' title='bbox 981 1205 1238 1258; x_wconf 84' lang='lat' dir='ltr'><strong>Vulgariam,</strong></span> <span class='ocrx_word' id='word_1_138' title='bbox 1273 1212 1314 1245; x_wconf 89' lang='lat' dir='ltr'><strong>et</strong></span> <span class='ocrx_word' id='word_1_139' title='bbox 1342 1205 1510 1245; x_wconf 85' lang='lat' dir='ltr'><strong>veniens</strong></span> 
     </span>
     <span class='ocr_line' id='line_1_19' title="bbox 45 1256 1511 1314; baseline 0.003 -19"><span class='ocrx_word' id='word_1_140' title='bbox 45 1256 86 1295; x_wconf 83' lang='lat' dir='ltr'><strong>in</strong></span> <span class='ocrx_word' id='word_1_141' title='bbox 118 1256 364 1311; x_wconf 82' lang='lat' dir='ltr'><strong>Veregaban</strong></span> <span class='ocrx_word' id='word_1_142' title='bbox 396 1258 448 1298; x_wconf 79' lang='lat' dir='ltr'><strong>ad</strong></span> <span class='ocrx_word' id='word_1_143' title='bbox 478 1260 725 1309; x_wconf 82' lang='lat' dir='ltr'><strong>clausuram,</strong></span> <span class='ocrx_word' id='word_1_144' title='bbox 757 1259 925 1300; x_wconf 82' lang='lat' dir='ltr'><strong>obviam</strong></span> <span class='ocrx_word' id='word_1_145' title='bbox 953 1261 990 1301; x_wconf 88' lang='lat' dir='ltr'><strong>ei</strong></span> <span class='ocrx_word' id='word_1_146' title='bbox 1020 1261 1222 1314; x_wconf 82' lang='lat' dir='ltr'><strong>Vulgares</strong></span> <span class='ocrx_word' id='word_1_147' title='bbox 1251 1260 1511 1301; x_wconf 83' lang='lat' dir='ltr'><strong>advenerunt</strong></span> 
     </span>
     <span class='ocr_line' id='line_1_20' title="bbox 45 1313 1508 1371; baseline 0.003 -19"><span class='ocrx_word' id='word_1_148' title='bbox 45 1316 88 1352; x_wconf 91' lang='lat' dir='ltr'><strong>et</strong></span> <span class='ocrx_word' id='word_1_149' title='bbox 113 1313 265 1353; x_wconf 88' lang='lat' dir='ltr'><strong>multos</strong></span> <span class='ocrx_word' id='word_1_150' title='bbox 294 1315 496 1355; x_wconf 83' lang='lat' dir='ltr'><strong>exercitus</strong></span> <span class='ocrx_word' id='word_1_151' title='bbox 530 1315 614 1356; x_wconf 87' lang='lat' dir='ltr'><strong>eius</strong></span> <span class='ocrx_word' id='word_1_152' title='bbox 645 1315 976 1368; x_wconf 86' lang='lat' dir='ltr'><strong>trucidaverunt,</strong></span> <span class='ocrx_word' id='word_1_153' title='bbox 1008 1317 1048 1357; x_wconf 92' lang='lat' dir='ltr'><strong>in</strong></span> <span class='ocrx_word' id='word_1_154' title='bbox 1082 1318 1231 1371; x_wconf 86' lang='lat' dir='ltr'><strong>quibus</strong></span> <span class='ocrx_word' id='word_1_155' title='bbox 1261 1323 1303 1357; x_wconf 93' lang='lat' dir='ltr'><strong>et</strong></span> <span class='ocrx_word' id='word_1_156' title='bbox 1324 1318 1508 1358; x_wconf 89' lang='lat' dir='ltr'><strong>Leonem</strong></span> 
     </span>
     <span class='ocr_line' id='line_1_21' title="bbox 42 1369 1510 1425; baseline 0.004 -18"><span class='ocrx_word' id='word_1_157' title='bbox 42 1369 273 1422; x_wconf 86' lang='lat' dir='ltr'><strong>patricium</strong></span> <span class='ocrx_word' id='word_1_158' title='bbox 302 1376 347 1411; x_wconf 87' lang='lat' dir='ltr'><strong>et</strong></span> <span class='ocrx_word' id='word_1_159' title='bbox 373 1377 612 1425; x_wconf 83' lang='lat' dir='ltr'><strong>praetorem</strong></span> <span class='ocrx_word' id='word_1_160' title='bbox 637 1372 973 1423; x_wconf 83' lang='lat' dir='ltr'><strong>Thracesiorum‚</strong></span> <span class='ocrx_word' id='word_1_161' title='bbox 1006 1379 1047 1414; x_wconf 91' lang='lat' dir='ltr'><strong>et</strong></span> <span class='ocrx_word' id='word_1_162' title='bbox 1077 1374 1201 1413; x_wconf 85' lang='lat' dir='ltr'><strong>alium</strong></span> <span class='ocrx_word' id='word_1_163' title='bbox 1234 1375 1419 1413; x_wconf 87' lang='lat' dir='ltr'><strong>Leonem</strong></span> <span class='ocrx_word' id='word_1_164' title='bbox 1447 1373 1510 1413; x_wconf 86' lang='lat' dir='ltr'><strong>lo-</strong></span> 
     </span>
     <span class='ocr_line' id='line_1_22' title="bbox 42 1423 1508 1483; baseline 0.003 -19"><span class='ocrx_word' id='word_1_165' title='bbox 42 1423 255 1478; x_wconf 80' lang='lat' dir='ltr'><strong>gothetam</strong></span> <span class='ocrx_word' id='word_1_166' title='bbox 282 1440 448 1478; x_wconf 83' lang='lat' dir='ltr'><strong>cursuS,</strong></span> <span class='ocrx_word' id='word_1_167' title='bbox 496 1435 538 1470; x_wconf 86' lang='lat' dir='ltr'><strong>et</strong></span> <span class='ocrx_word' id='word_1_168' title='bbox 563 1429 769 1483; x_wconf 88' lang='lat' dir='ltr'><strong>populum</strong></span> <span class='ocrx_word' id='word_1_169' title='bbox 799 1428 976 1469; x_wconf 88' lang='lat' dir='ltr'><strong>multum</strong></span> <span class='ocrx_word' id='word_1_170' title='bbox 994 1460 1007 1479; x_wconf 92' lang='lat'>,</span> <span class='ocrx_word' id='word_1_171' title='bbox 1036 1444 1084 1470; x_wconf 88' lang='lat' dir='ltr'><strong>ac</strong></span> <span class='ocrx_word' id='word_1_172' title='bbox 1112 1435 1365 1483; x_wconf 84' lang='lat' dir='ltr'><strong>acceperunt</strong></span> <span class='ocrx_word' id='word_1_173' title='bbox 1393 1445 1508 1470; x_wconf 83' lang='lat' dir='ltr'><strong>arma</strong></span> 
     </span>
     <span class='ocr_line' id='line_1_23' title="bbox 41 1482 1509 1541; baseline 0.004 -21"><span class='ocrx_word' id='word_1_174' title='bbox 41 1495 213 1530; x_wconf 86' lang='lat' dir='ltr'><strong>eorum;</strong></span> <span class='ocrx_word' id='word_1_175' title='bbox 241 1488 284 1522; x_wconf 89' lang='lat' dir='ltr'><strong>et</strong></span> <span class='ocrx_word' id='word_1_176' title='bbox 313 1482 372 1523; x_wconf 90' lang='lat' dir='ltr'><strong>sic</strong></span> <span class='ocrx_word' id='word_1_177' title='bbox 415 1483 631 1525; x_wconf 87' lang='lat' dir='ltr'><strong>inhoneste</strong></span> <span class='ocrx_word' id='word_1_178' title='bbox 674 1485 830 1526; x_wconf 83' lang='lat' dir='ltr'><strong>reversi</strong></span> <span class='ocrx_word' id='word_1_179' title='bbox 872 1492 969 1526; x_wconf 87' lang='lat' dir='ltr'><strong>sunt</strong></span> <span class='ocrx_word' id='word_1_180' title='bbox 998 1485 1245 1541; x_wconf 65' lang='lat' dir='ltr'><strong>‘imperator</strong></span> <span class='ocrx_word' id='word_1_181' title='bbox 1275 1493 1316 1526; x_wconf 91' lang='lat' dir='ltr'><strong>et</strong></span> <span class='ocrx_word' id='word_1_182' title='bbox 1343 1485 1404 1526; x_wconf 90' lang='lat' dir='ltr'><strong>sui</strong></span> <span class='ocrx_word' id='word_1_183' title='bbox 1436 1485 1509 1541; x_wconf 84' lang='lat' dir='ltr'><strong>qui</strong></span> 
     </span>
     <span class='ocr_line' id='line_1_24' title="bbox 42 1544 341 1581; baseline 0 -3"><span class='ocrx_word' id='word_1_184' title='bbox 42 1544 341 1581; x_wconf 85' lang='lat' dir='ltr'><strong>remanserunt.</strong></span> 
     </span>
    </p>
   </div>
   <div class='ocr_carea' id='block_1_4' title="bbox 39 1606 1646 1776">
    <p class='ocr_par' dir='ltr' id='par_1_7' title="bbox 39 1606 1646 1776">
     <span class='ocr_line' id='line_1_25' title="bbox 153 1606 1646 1663; baseline 0.001 -18"><span class='ocrx_word' id='word_1_185' title='bbox 153 1606 274 1645; x_wconf 87' lang='lat' dir='ltr'><strong>Anno</strong></span> <span class='ocrx_word' id='word_1_186' title='bbox 318 1606 483 1661; x_wconf 83' lang='lat' dir='ltr'><strong>imperii</strong></span> <span class='ocrx_word' id='word_1_187' title='bbox 515 1608 775 1649; x_wconf 81' lang='lat' dir='ltr'><strong>Constantini</strong></span> <span class='ocrx_word' id='word_1_188' title='bbox 820 1608 872 1649; x_wconf 81' lang='lat'><strong>20</strong></span> <span class='ocrx_word' id='word_1_189' title='bbox 905 1609 1036 1650; x_wconf 77' lang='lat' dir='ltr'><strong>factus</strong></span> <span class='ocrx_word' id='word_1_190' title='bbox 1079 1615 1138 1650; x_wconf 88' lang='lat' dir='ltr'><strong>est</strong></span> <span class='ocrx_word' id='word_1_191' title='bbox 1166 1624 1290 1649; x_wconf 86' lang='lat' dir='ltr'><strong>error</strong></span> <span class='ocrx_word' id='word_1_192' title='bbox 1320 1608 1508 1663; x_wconf 78' lang='lat' dir='ltr'><strong>paschae,</strong></span> <span class='ocrx_word' id='word_1_193' title='bbox 1523 1621 1557 1657; x_wconf 84' lang='lat' dir='ltr'><strong>p·</strong></span> <span class='ocrx_word' id='word_1_194' title='bbox 1576 1612 1646 1648; x_wconf 81' lang='lat'><strong>665</strong></span> 
     </span>
     <span class='ocr_line' id='line_1_26' title="bbox 40 1661 1510 1720; baseline 0.003 -19"><span class='ocrx_word' id='word_1_195' title='bbox 40 1666 84 1701; x_wconf 87' lang='lat' dir='ltr'><strong>et</strong></span> <span class='ocrx_word' id='word_1_196' title='bbox 113 1661 343 1703; x_wconf 81' lang='lat' dir='ltr'><strong>orthodoxi</strong></span> <span class='ocrx_word' id='word_1_197' title='bbox 365 1663 543 1718; x_wconf 79' lang='lat' dir='ltr'><strong>quidem</strong></span> <span class='ocrx_word' id='word_1_198' title='bbox 570 1664 611 1704; x_wconf 92' lang='lat' dir='ltr'><strong>in</strong></span> <span class='ocrx_word' id='word_1_199' title='bbox 644 1665 823 1706; x_wconf 85' lang='lat' dir='ltr'><strong>Oriente</strong></span> <span class='ocrx_word' id='word_1_200' title='bbox 851 1671 1002 1706; x_wconf 88' lang='lat' dir='ltr'><strong>octavo</strong></span> <span class='ocrx_word' id='word_1_201' title='bbox 1036 1666 1124 1706; x_wconf 77' lang='lat' dir='ltr'><strong>idus</strong></span> <span class='ocrx_word' id='word_1_202' title='bbox 1151 1665 1327 1719; x_wconf 85' lang='lat' dir='ltr'><strong>Aprilias</strong></span> <span class='ocrx_word' id='word_1_203' title='bbox 1360 1666 1510 1720; x_wconf 84' lang='lat' dir='ltr'><strong>pascha</strong></span> 
     </span>
     <span class='ocr_line' id='line_1_27' title="bbox 39 1716 1341 1776; baseline 0.003 -19"><span class='ocrx_word' id='word_1_204' title='bbox 39 1716 376 1773; x_wconf 75' lang='lat' dir='ltr'><strong>celebraverunt,</strong></span> <span class='ocrx_word' id='word_1_205' title='bbox 401 1726 444 1760; x_wconf 87' lang='lat' dir='ltr'><strong>at</strong></span> <span class='ocrx_word' id='word_1_206' title='bbox 470 1735 572 1762; x_wconf 90' lang='lat' dir='ltr'><strong>vero</strong></span> <span class='ocrx_word' id='word_1_207' title='bbox 599 1721 769 1763; x_wconf 83' lang='lat' dir='ltr'><strong>erronei</strong></span> <span class='ocrx_word' id='word_1_208' title='bbox 801 1722 1001 1763; x_wconf 89' lang='lat' dir='ltr'><strong>haeretici</strong></span> <span class='ocrx_word' id='word_1_209' title='bbox 1032 1721 1121 1762; x_wconf 86' lang='lat' dir='ltr'><strong>idus</strong></span> <span class='ocrx_word' id='word_1_210' title='bbox 1152 1722 1341 1776; x_wconf 87' lang='lat' dir='ltr'><strong>Aprilias.</strong></span> 
     </span>
    </p>
   </div>
   <div class='ocr_carea' id='block_1_5' title="bbox 36 1796 1510 2189">
    <p class='ocr_par' dir='ltr' id='par_1_8' title="bbox 36 1796 1510 2189">
     <span class='ocr_line' id='line_1_28' title="bbox 148 1796 1509 1854; baseline 0.002 -18"><span class='ocrx_word' id='word_1_211' title='bbox 148 1796 310 1838; x_wconf 89' lang='lat' dir='ltr'><strong>Eodem</strong></span> <span class='ocrx_word' id='word_1_212' title='bbox 341 1813 450 1838; x_wconf 87' lang='lat' dir='ltr'><strong>anno</strong></span> <span class='ocrx_word' id='word_1_213' title='bbox 482 1799 726 1841; x_wconf 86' lang='lat' dir='ltr'><strong>translatum</strong></span> <span class='ocrx_word' id='word_1_214' title='bbox 753 1807 813 1840; x_wconf 92' lang='lat' dir='ltr'><strong>est</strong></span> <span class='ocrx_word' id='word_1_215' title='bbox 843 1806 969 1854; x_wconf 87' lang='lat' dir='ltr'><strong>caput</strong></span> <span class='ocrx_word' id='word_1_216' title='bbox 990 1801 1030 1841; x_wconf 91' lang='lat' dir='ltr'><strong>S.</strong></span> <span class='ocrx_word' id='word_1_217' title='bbox 1062 1800 1227 1840; x_wconf 85' lang='lat' dir='ltr'><strong>loannis</strong></span> <span class='ocrx_word' id='word_1_218' title='bbox 1256 1814 1509 1854; x_wconf 84' lang='lat' dir='ltr'><strong>praecurso-</strong></span> 
     </span>
     <span class='ocr_line' id='line_1_29' title="bbox 40 1851 1510 1911; baseline 0.003 -20"><span class='ocrx_word' id='word_1_219' title='bbox 40 1851 97 1892; x_wconf 86' lang='lat' dir='ltr'><strong>ris</strong></span> <span class='ocrx_word' id='word_1_220' title='bbox 126 1858 253 1908; x_wconf 79' lang='lat' dir='ltr'><strong>atque</strong></span> <span class='ocrx_word' id='word_1_221' title='bbox 283 1854 486 1909; x_wconf 87' lang='lat' dir='ltr'><strong>baptistae</strong></span> <span class='ocrx_word' id='word_1_222' title='bbox 532 1872 556 1896; x_wconf 91' lang='lat' dir='ltr'><strong>a</strong></span> <span class='ocrx_word' id='word_1_223' title='bbox 581 1857 836 1897; x_wconf 88' lang='lat' dir='ltr'><strong>monasterio</strong></span> <span class='ocrx_word' id='word_1_224' title='bbox 880 1857 1042 1911; x_wconf 86' lang='lat' dir='ltr'><strong>Spelaei</strong></span> <span class='ocrx_word' id='word_1_225' title='bbox 1081 1857 1121 1896; x_wconf 91' lang='lat' dir='ltr'><strong>in</strong></span> <span class='ocrx_word' id='word_1_226' title='bbox 1160 1857 1359 1911; x_wconf 85' lang='lat' dir='ltr'><strong>templum</strong></span> <span class='ocrx_word' id='word_1_227' title='bbox 1390 1871 1510 1896; x_wconf 88' lang='lat' dir='ltr'><strong>suum</strong></span> 
     </span>
     <span class='ocr_line' id='line_1_30' title="bbox 40 1908 1508 1964; baseline 0.004 -16"><span class='ocrx_word' id='word_1_228' title='bbox 40 1908 82 1948; x_wconf 92' lang='lat' dir='ltr'><strong>in</strong></span> <span class='ocrx_word' id='word_1_229' title='bbox 113 1908 447 1952; x_wconf 81' lang='lat' dir='ltr'><strong>Emesenensium</strong></span> <span class='ocrx_word' id='word_1_230' title='bbox 486 1911 654 1954; x_wconf 86' lang='lat' dir='ltr'><strong>civitate</strong></span> <span class='ocrx_word' id='word_1_231' title='bbox 692 1913 842 1964; x_wconf 89' lang='lat' dir='ltr'><strong>situm,</strong></span> <span class='ocrx_word' id='word_1_232' title='bbox 872 1926 968 1954; x_wconf 87' lang='lat' dir='ltr'><strong>cum</strong></span> <span class='ocrx_word' id='word_1_233' title='bbox 999 1920 1101 1954; x_wconf 89' lang='lat' dir='ltr'><strong>esset</strong></span> <span class='ocrx_word' id='word_1_234' title='bbox 1133 1914 1312 1961; x_wconf 87' lang='lat' dir='ltr'><strong>illustre;</strong></span> <span class='ocrx_word' id='word_1_235' title='bbox 1361 1919 1402 1953; x_wconf 92' lang='lat' dir='ltr'><strong>et</strong></span> <span class='ocrx_word' id='word_1_236' title='bbox 1431 1913 1508 1954; x_wconf 87' lang='lat' dir='ltr'><strong>de-</strong></span> 
     </span>
     <span class='ocr_line' id='line_1_31' title="bbox 37 1966 1506 2025; baseline 0.003 -21"><span class='ocrx_word' id='word_1_237' title='bbox 37 1978 198 2005; x_wconf 88' lang='lat' dir='ltr'><strong>scensus</strong></span> <span class='ocrx_word' id='word_1_238' title='bbox 242 1966 479 2007; x_wconf 85' lang='lat' dir='ltr'><strong>aedificatus</strong></span> <span class='ocrx_word' id='word_1_239' title='bbox 515 1976 586 2009; x_wconf 88' lang='lat' dir='ltr'><strong>est.</strong></span> <span class='ocrx_word' id='word_1_240' title='bbox 654 1969 725 2010; x_wconf 89' lang='lat' dir='ltr'><strong>ubi</strong></span> <span class='ocrx_word' id='word_1_241' title='bbox 754 1983 885 2025; x_wconf 87' lang='lat' dir='ltr'><strong>usque</strong></span> <span class='ocrx_word' id='word_1_242' title='bbox 922 1969 1049 2010; x_wconf 90' lang='lat' dir='ltr'><strong>hodie</strong></span> <span class='ocrx_word' id='word_1_243' title='bbox 1081 1986 1102 2009; x_wconf 86' lang='lat' dir='ltr'><strong>a</strong></span> <span class='ocrx_word' id='word_1_244' title='bbox 1134 1969 1319 2010; x_wconf 83' lang='lat' dir='ltr'><strong>fidelibus</strong></span> <span class='ocrx_word' id='word_1_245' title='bbox 1352 1970 1506 2009; x_wconf 84' lang='lat' dir='ltr'><strong>adora-</strong></span> 
     </span>
     <span class='ocr_line' id='line_1_32' title="bbox 38 2023 1508 2081; baseline 0.003 -20"><span class='ocrx_word' id='word_1_246' title='bbox 38 2028 130 2061; x_wconf 89' lang='lat' dir='ltr'><strong>tum</strong></span> <span class='ocrx_word' id='word_1_247' title='bbox 160 2023 272 2062; x_wconf 90' lang='lat' dir='ltr'><strong>omni</strong></span> <span class='ocrx_word' id='word_1_248' title='bbox 302 2024 506 2065; x_wconf 88' lang='lat' dir='ltr'><strong>suavitate</strong></span> <span class='ocrx_word' id='word_1_249' title='bbox 537 2025 752 2080; x_wconf 86' lang='lat' dir='ltr'><strong>corporali</strong></span> <span class='ocrx_word' id='word_1_250' title='bbox 780 2026 936 2066; x_wconf 83' lang='lat' dir='ltr'><strong>scilicet</strong></span> <span class='ocrx_word' id='word_1_251' title='bbox 962 2041 1011 2066; x_wconf 86' lang='lat' dir='ltr'><strong>ac</strong></span> <span class='ocrx_word' id='word_1_252' title='bbox 1031 2026 1238 2081; x_wconf 86' lang='lat' dir='ltr'><strong>spirituali</strong></span> <span class='ocrx_word' id='word_1_253' title='bbox 1270 2025 1508 2066; x_wconf 84' lang='lat' dir='ltr'><strong>honoratur</strong></span> 
     </span>
     <span class='ocr_line' id='line_1_33' title="bbox 39 2076 1505 2138; baseline 0.001 -20"><span class='ocrx_word' id='word_1_254' title='bbox 39 2076 198 2130; x_wconf 84' lang='lat' dir='ltr'><strong>odore,</strong></span> <span class='ocrx_word' id='word_1_255' title='bbox 239 2083 280 2118; x_wconf 91' lang='lat' dir='ltr'><strong>et</strong></span> <span class='ocrx_word' id='word_1_256' title='bbox 312 2093 502 2121; x_wconf 87' lang='lat' dir='ltr'><strong>emanans</strong></span> <span class='ocrx_word' id='word_1_257' title='bbox 532 2082 709 2123; x_wconf 83' lang='lat' dir='ltr'><strong>effundit</strong></span> <span class='ocrx_word' id='word_1_258' title='bbox 753 2083 946 2123; x_wconf 83' lang='lat' dir='ltr'><strong>omnibus</strong></span> <span class='ocrx_word' id='word_1_259' title='bbox 973 2084 1180 2134; x_wconf 77' lang='lat' dir='ltr'><strong>sanitates,</strong></span> <span class='ocrx_word' id='word_1_260' title='bbox 1211 2083 1284 2138; x_wconf 86' lang='lat' dir='ltr'><strong>qui</strong></span> <span class='ocrx_word' id='word_1_261' title='bbox 1317 2081 1397 2123; x_wconf 82' lang='lat' dir='ltr'><strong>fide</strong></span> <span class='ocrx_word' id='word_1_262' title='bbox 1426 2082 1505 2122; x_wconf 87' lang='lat' dir='ltr'><strong>fla..</strong></span> 
     </span>
     <span class='ocr_line' id='line_1_34' title="bbox 36 2139 477 2189; baseline 0.007 -15"><span class='ocrx_word' id='word_1_263' title='bbox 36 2139 202 2189; x_wconf 78' lang='lat' dir='ltr'><strong>grantes</strong></span> <span class='ocrx_word' id='word_1_264' title='bbox 232 2144 477 2178; x_wconf 85' lang='lat' dir='ltr'><strong>occurrunt.</strong></span> 
     </span>
    </p>
   </div>
   <div class='ocr_carea' id='block_1_6' title="bbox 31 2206 1634 2827">
    <p class='ocr_par' dir='ltr' id='par_1_9' title="bbox 31 2206 1634 2827">
     <span class='ocr_line' id='line_1_35' title="bbox 148 2206 1504 2264; baseline 0.003 -18"><span class='ocrx_word' id='word_1_265' title='bbox 148 2206 394 2263; x_wconf 85' lang='lat' dir='ltr'><strong>Eodemque</strong></span> <span class='ocrx_word' id='word_1_266' title='bbox 433 2224 541 2250; x_wconf 89' lang='lat' dir='ltr'><strong>auno</strong></span> <span class='ocrx_word' id='word_1_267' title='bbox 581 2209 739 2252; x_wconf 87' lang='lat' dir='ltr'><strong>docites</strong></span> <span class='ocrx_word' id='word_1_268' title='bbox 775 2211 1000 2252; x_wconf 85' lang='lat' dir='ltr'><strong>clarissima</strong></span> <span class='ocrx_word' id='word_1_269' title='bbox 1033 2210 1072 2250; x_wconf 88' lang='lat' dir='ltr'><strong>in</strong></span> <span class='ocrx_word' id='word_1_270' title='bbox 1105 2210 1280 2250; x_wconf 87' lang='lat' dir='ltr'><strong>Oriente</strong></span> <span class='ocrx_word' id='word_1_271' title='bbox 1308 2210 1504 2264; x_wconf 83' lang='lat' dir='ltr'><strong>apparuit</strong></span> 
     </span>
     <span class='ocr_line' id='line_1_36' title="bbox 36 2262 1504 2322; baseline 0.001 -19"><span class='ocrx_word' id='word_1_272' title='bbox 36 2277 115 2316; x_wconf 86' lang='lat' dir='ltr'><strong>per</strong></span> <span class='ocrx_word' id='word_1_273' title='bbox 149 2262 198 2303; x_wconf 86' lang='lat'><strong>10</strong></span> <span class='ocrx_word' id='word_1_274' title='bbox 231 2263 342 2315; x_wconf 79' lang='lat' dir='ltr'><strong>dies,</strong></span> <span class='ocrx_word' id='word_1_275' title='bbox 388 2271 430 2305; x_wconf 88' lang='lat' dir='ltr'><strong>et</strong></span> <span class='ocrx_word' id='word_1_276' title='bbox 461 2266 611 2306; x_wconf 88' lang='lat' dir='ltr'><strong>iterum</strong></span> <span class='ocrx_word' id='word_1_277' title='bbox 640 2266 691 2308; x_wconf 86' lang='lat' dir='ltr'><strong>ad</strong></span> <span class='ocrx_word' id='word_1_278' title='bbox 729 2268 1003 2308; x_wconf 88' lang='lat' dir='ltr'><strong>Occidentem</strong></span> <span class='ocrx_word' id='word_1_279' title='bbox 1033 2266 1175 2307; x_wconf 83' lang='lat' dir='ltr'><strong>diebus</strong></span> <span class='ocrx_word' id='word_1_280' title='bbox 1209 2267 1275 2306; x_wconf 79' lang='lat'><strong>21.</strong></span> <span class='ocrx_word' id='word_1_281' title='bbox 1335 2265 1504 2322; x_wconf 81' lang='lat' dir='ltr'><strong>quidam</strong></span> 
     </span>
     <span class='ocr_line' id='line_1_37' title="bbox 35 2320 1502 2376; baseline 0.002 -18"><span class='ocrx_word' id='word_1_282' title='bbox 35 2333 138 2359; x_wconf 88' lang='lat' dir='ltr'><strong>vero</strong></span> <span class='ocrx_word' id='word_1_283' title='bbox 162 2320 318 2375; x_wconf 77' lang='lat' dir='ltr'><strong>Syru5‚</strong></span> <span class='ocrx_word' id='word_1_284' title='bbox 359 2321 607 2362; x_wconf 85' lang='lat' dir='ltr'><strong>Theodorus</strong></span> <span class='ocrx_word' id='word_1_285' title='bbox 645 2324 837 2376; x_wconf 90' lang='lat' dir='ltr'><strong>nomine,</strong></span> <span class='ocrx_word' id='word_1_286' title='bbox 881 2323 1092 2365; x_wconf 87' lang='lat' dir='ltr'><strong>Libanites</strong></span> <span class='ocrx_word' id='word_1_287' title='bbox 1131 2323 1243 2363; x_wconf 90' lang='lat' dir='ltr'><strong>circa</strong></span> <span class='ocrx_word' id='word_1_288' title='bbox 1289 2323 1502 2376; x_wconf 80' lang='lat' dir='ltr'><strong>regionem</strong></span> 
     </span>
     <span class='ocr_line' id='line_1_38' title="bbox 34 2375 1500 2431; baseline -0.001 -17"><span class='ocrx_word' id='word_1_289' title='bbox 34 2375 317 2430; x_wconf 87' lang='lat' dir='ltr'><strong>Heliopoleos,</strong></span> <span class='ocrx_word' id='word_1_290' title='bbox 345 2391 452 2431; x_wconf 86' lang='lat' dir='ltr'><strong>quae</strong></span> <span class='ocrx_word' id='word_1_291' title='bbox 479 2385 538 2419; x_wconf 90' lang='lat' dir='ltr'><strong>est</strong></span> <span class='ocrx_word' id='word_1_292' title='bbox 567 2378 619 2418; x_wconf 88' lang='lat' dir='ltr'><strong>ad</strong></span> <span class='ocrx_word' id='word_1_293' title='bbox 646 2380 876 2431; x_wconf 84' lang='lat' dir='ltr'><strong>Libanum,</strong></span> <span class='ocrx_word' id='word_1_294' title='bbox 909 2379 1100 2421; x_wconf 88' lang='lat' dir='ltr'><strong>adversus</strong></span> <span class='ocrx_word' id='word_1_295' title='bbox 1129 2378 1283 2418; x_wconf 83' lang='lat' dir='ltr'><strong>Arabes</strong></span> <span class='ocrx_word' id='word_1_296' title='bbox 1314 2379 1500 2417; x_wconf 77' lang='lat' dir='ltr'><strong>insurre-</strong></span> 
     </span>
     <span class='ocr_line' id='line_1_39' title="bbox 34 2431 1502 2489; baseline 0.002 -18"><span class='ocrx_word' id='word_1_297' title='bbox 34 2431 109 2484; x_wconf 85' lang='lat' dir='ltr'><strong>xit,</strong></span> <span class='ocrx_word' id='word_1_298' title='bbox 142 2438 182 2472; x_wconf 82' lang='lat' dir='ltr'><strong>et</strong></span> <span class='ocrx_word' id='word_1_299' title='bbox 213 2446 309 2472; x_wconf 87' lang='lat' dir='ltr'><strong>cum</strong></span> <span class='ocrx_word' id='word_1_300' title='bbox 352 2433 505 2474; x_wconf 86' lang='lat' dir='ltr'><strong>bellum</strong></span> <span class='ocrx_word' id='word_1_301' title='bbox 536 2435 728 2476; x_wconf 87' lang='lat' dir='ltr'><strong>movisset</strong></span> <span class='ocrx_word' id='word_1_302' title='bbox 757 2436 799 2476; x_wconf 91' lang='lat' dir='ltr'><strong>in</strong></span> <span class='ocrx_word' id='word_1_303' title='bbox 830 2451 927 2489; x_wconf 86' lang='lat' dir='ltr'><strong>eos,</strong></span> <span class='ocrx_word' id='word_1_304' title='bbox 970 2436 1214 2476; x_wconf 85' lang='lat' dir='ltr'><strong>ceciderunt</strong></span> <span class='ocrx_word' id='word_1_305' title='bbox 1240 2446 1286 2474; x_wconf 82' lang='lat' dir='ltr'><strong>ex</strong></span> <span class='ocrx_word' id='word_1_306' title='bbox 1313 2433 1502 2487; x_wconf 83' lang='lat' dir='ltr'><strong>utrisque</strong></span> 
     </span>
     <span class='ocr_line' id='line_1_40' title="bbox 34 2487 1501 2547; baseline 0 -20"><span class='ocrx_word' id='word_1_307' title='bbox 34 2487 180 2528; x_wconf 81' lang='lat' dir='ltr'><strong>multi:</strong></span> <span class='ocrx_word' id='word_1_308' title='bbox 213 2489 430 2530; x_wconf 86' lang='lat' dir='ltr'><strong>novissime</strong></span> <span class='ocrx_word' id='word_1_309' title='bbox 462 2505 561 2530; x_wconf 83' lang='lat' dir='ltr'><strong>vero</strong></span> <span class='ocrx_word' id='word_1_310' title='bbox 591 2498 706 2546; x_wconf 83' lang='lat' dir='ltr'><strong>terga</strong></span> <span class='ocrx_word' id='word_1_311' title='bbox 744 2498 786 2533; x_wconf 91' lang='lat' dir='ltr'><strong>et</strong></span> <span class='ocrx_word' id='word_1_312' title='bbox 814 2492 900 2547; x_wconf 87' lang='lat' dir='ltr'><strong>ipse</strong></span> <span class='ocrx_word' id='word_1_313' title='bbox 926 2500 1092 2533; x_wconf 89' lang='lat' dir='ltr'><strong>vertens</strong></span> <span class='ocrx_word' id='word_1_314' title='bbox 1126 2490 1280 2544; x_wconf 79' lang='lat' dir='ltr'><strong>effugit,</strong></span> <span class='ocrx_word' id='word_1_315' title='bbox 1310 2495 1354 2529; x_wconf 85' lang='lat' dir='ltr'><strong>et</strong></span> <span class='ocrx_word' id='word_1_316' title='bbox 1377 2489 1501 2528; x_wconf 87' lang='lat' dir='ltr'><strong>Liba-</strong></span> 
     </span>
     <span class='ocr_line' id='line_1_41' title="bbox 35 2544 1500 2601; baseline 0.001 -17"><span class='ocrx_word' id='word_1_317' title='bbox 35 2544 160 2595; x_wconf 79' lang='lat' dir='ltr'><strong>uitae,</strong></span> <span class='ocrx_word' id='word_1_318' title='bbox 191 2545 386 2600; x_wconf 87' lang='lat' dir='ltr'><strong>quicum</strong></span> <span class='ocrx_word' id='word_1_319' title='bbox 430 2546 518 2601; x_wconf 89' lang='lat' dir='ltr'><strong>ipso</strong></span> <span class='ocrx_word' id='word_1_320' title='bbox 552 2554 696 2599; x_wconf 81' lang='lat' dir='ltr'><strong>erant,</strong></span> <span class='ocrx_word' id='word_1_321' title='bbox 735 2563 877 2590; x_wconf 89' lang='lat' dir='ltr'><strong>omnes</strong></span> <span class='ocrx_word' id='word_1_322' title='bbox 917 2555 1013 2590; x_wconf 90' lang='lat' dir='ltr'><strong>sunt</strong></span> <span class='ocrx_word' id='word_1_323' title='bbox 1044 2547 1296 2599; x_wconf 81' lang='lat' dir='ltr'><strong>interempti.</strong></span> <span class='ocrx_word' id='word_1_324' title='bbox 1364 2545 1500 2585; x_wconf 86' lang='lat' dir='ltr'><strong>factae</strong></span> 
     </span>
     <span class='ocr_line' id='line_1_42' title="bbox 34 2601 1499 2655; baseline 0.001 -16"><span class='ocrx_word' id='word_1_325' title='bbox 34 2605 175 2641; x_wconf 84' lang='lat' dir='ltr'><strong>autem</strong></span> <span class='ocrx_word' id='word_1_326' title='bbox 204 2609 300 2642; x_wconf 87' lang='lat' dir='ltr'><strong>sunt</strong></span> <span class='ocrx_word' id='word_1_327' title='bbox 327 2609 369 2642; x_wconf 91' lang='lat' dir='ltr'><strong>et</strong></span> <span class='ocrx_word' id='word_1_328' title='bbox 401 2603 439 2645; x_wconf 83' lang='lat' dir='ltr'><strong>iu</strong></span> <span class='ocrx_word' id='word_1_329' title='bbox 473 2604 612 2643; x_wconf 83' lang='lat' dir='ltr'><strong>Africa</strong></span> <span class='ocrx_word' id='word_1_330' title='bbox 643 2604 864 2645; x_wconf 87' lang='lat' dir='ltr'><strong>seditiones</strong></span> <span class='ocrx_word' id='word_1_331' title='bbox 892 2611 934 2646; x_wconf 90' lang='lat' dir='ltr'><strong>et</strong></span> <span class='ocrx_word' id='word_1_332' title='bbox 960 2605 1081 2654; x_wconf 84' lang='lat' dir='ltr'><strong>bella,</strong></span> <span class='ocrx_word' id='word_1_333' title='bbox 1114 2604 1239 2644; x_wconf 77' lang='lat' dir='ltr'><strong>solari</strong></span> <span class='ocrx_word' id='word_1_334' title='bbox 1268 2601 1410 2655; x_wconf 89' lang='lat' dir='ltr'><strong>eclipsi</strong></span> <span class='ocrx_word' id='word_1_335' title='bbox 1439 2602 1499 2641; x_wconf 85' lang='lat' dir='ltr'><strong>fa-</strong></span> 
     </span>
     <span class='ocr_line' id='line_1_43' title="bbox 34 2657 1634 2713; baseline 0.004 -17"><span class='ocrx_word' id='word_1_336' title='bbox 34 2662 100 2696; x_wconf 89' lang='lat' dir='ltr'><strong>cta</strong></span> <span class='ocrx_word' id='word_1_337' title='bbox 136 2657 184 2697; x_wconf 85' lang='lat'><strong>18</strong></span> <span class='ocrx_word' id='word_1_338' title='bbox 214 2658 406 2698; x_wconf 86' lang='lat' dir='ltr'><strong>kalendas</strong></span> <span class='ocrx_word' id='word_1_339' title='bbox 442 2660 747 2713; x_wconf 87' lang='lat' dir='ltr'><strong>Septembrias,</strong></span> <span class='ocrx_word' id='word_1_340' title='bbox 775 2662 875 2702; x_wconf 89' lang='lat' dir='ltr'><strong>feria</strong></span> <span class='ocrx_word' id='word_1_341' title='bbox 906 2660 959 2712; x_wconf 84' lang='grc'><strong>6,</strong></span> <span class='ocrx_word' id='word_1_342' title='bbox 990 2661 1094 2700; x_wconf 84' lang='lat' dir='ltr'><strong>hora</strong></span> <span class='ocrx_word' id='word_1_343' title='bbox 1128 2658 1191 2698; x_wconf 85' lang='lat'><strong>10.</strong></span> <span class='ocrx_word' id='word_1_344' title='bbox 1262 2672 1397 2712; x_wconf 81' lang='lat' dir='ltr'><strong>porro</strong></span> <span class='ocrx_word' id='word_1_345' title='bbox 1430 2657 1634 2702; x_wconf 75' lang='lat' dir='ltr'><strong>in-p.666</strong></span> 
     </span>
     <span class='ocr_line' id='line_1_44' title="bbox 31 2713 1498 2772; baseline 0 -20"><span class='ocrx_word' id='word_1_346' title='bbox 31 2721 304 2754; x_wconf 82' lang='lat' dir='ltr'><strong>surrexerunt</strong></span> <span class='ocrx_word' id='word_1_347' title='bbox 347 2715 518 2770; x_wconf 85' lang='lat' dir='ltr'><strong>quidam</strong></span> <span class='ocrx_word' id='word_1_348' title='bbox 545 2731 591 2756; x_wconf 83' lang='lat' dir='ltr'><strong>ex</strong></span> <span class='ocrx_word' id='word_1_349' title='bbox 623 2718 920 2772; x_wconf 70' lang='lat' dir='ltr'><strong>Maur-ephoris</strong></span> <span class='ocrx_word' id='word_1_350' title='bbox 964 2716 1075 2770; x_wconf 85' lang='lat' dir='ltr'><strong>apud</strong></span> <span class='ocrx_word' id='word_1_351' title='bbox 1102 2715 1286 2764; x_wconf 81' lang='lat' dir='ltr'><strong>Dabem,</strong></span> <span class='ocrx_word' id='word_1_352' title='bbox 1317 2713 1498 2753; x_wconf 87' lang='lat' dir='ltr'><strong>dicentes</strong></span> 
     </span>
     <span class='ocr_line' id='line_1_45' title="bbox 34 2769 1500 2827; baseline 0 -18"><span class='ocrx_word' id='word_1_353' title='bbox 34 2769 164 2810; x_wconf 84' lang='lat' dir='ltr'><strong>filium</strong></span> <span class='ocrx_word' id='word_1_354' title='bbox 205 2772 515 2827; x_wconf 81' lang='lat' dir='ltr'><strong>protosymboli</strong></span> <span class='ocrx_word' id='word_1_355' title='bbox 558 2773 681 2814; x_wconf 87' lang='lat' dir='ltr'><strong>deum</strong></span> <span class='ocrx_word' id='word_1_356' title='bbox 710 2780 757 2815; x_wconf 90' lang='lat' dir='ltr'><strong>ut</strong></span> <span class='ocrx_word' id='word_1_357' title='bbox 794 2773 1047 2815; x_wconf 78' lang='lat' dir='ltr'><strong>nutritorem</strong></span> <span class='ocrx_word' id='word_1_358' title='bbox 1076 2786 1206 2822; x_wconf 86' lang='lat' dir='ltr'><strong>suum,</strong></span> <span class='ocrx_word' id='word_1_359' title='bbox 1237 2776 1279 2811; x_wconf 90' lang='lat' dir='ltr'><strong>et</strong></span> <span class='ocrx_word' id='word_1_360' title='bbox 1307 2769 1500 2825; x_wconf 83' lang='lat' dir='ltr'><strong>protule-</strong></span> 
     </span>
    </p>
   </div>
  </div>
 </body>
</html>
