1728 3184
248 144 343 191 576
753 149 829 193 AD
877 150 1251 196 THEOPHANEM

244 275 291 311 ut
322 275 364 311 et
389 268 512 311 Cedr.
555 267 601 310 ἐκ
643 269 715 324 τῆς
760 271 808 312 δὲ
848 266 1020 320 τάσεως.
1059 270 1117 320 ως
1154 272 1257 315 ἐτων
1286 272 1339 314 δ.
1397 287 1523 315 annos
1550 275 1715 317 cvrciler

242 336 428 392 quattuor
453 335 605 370 natum
653 327 780 393 quod
810 331 1028 383 sequitur,
1056 328 1364 384 συμπαοούσης
1396 331 1470 370 καί
1500 332 1718 386 Ἰουστίπης

240 383 314 437 τῆς
342 379 504 438 μητρὸς
535 382 670 423 αὐτοῦ
696 384 740 425 ἐν
769 388 819 439 τῇ
838 384 1079 425 Παννονία·
1111 385 1235 426 aliter
1263 401 1339 441 ego
1369 386 1637 438 distinxerim,
1670 396 1717 427 ut

242 440 376 479 clausa
404 440 585 494 periodo
627 440 667 480 in
707 456 812 482 voce
850 441 982 481 αὐτοῦ
1010 447 1224 497 sequatur.
1267 443 1313 483 ἐν
1342 442 1389 483 δὲ
1416 442 1466 498 τῇ
1496 445 1714 484 Παννονίιι

237 495 361 552 χώρᾳ
389 495 515 536 τοῦτο
542 494 698 548 μαθών
728 495 977 549 Γρατιανός.
1053 498 1085 539 is
1130 499 1240 538 enim
1270 499 1411 540 absens
1440 506 1543 551 enat,
1573 486 1715 556 sicque

241 554 411 593 absente
441 554 686 594 acclamatus
719 555 1026 609 estimperator
1051 555 1193 595 iuni01
1221 556 1365 607 frater,
1395 557 1467 611 qui
1503 572 1596 597 cum
1627 573 1713 596 mi..

239 615 307 650 tre
338 609 503 662 aderat,
534 611 726 667 eiusque,
756 618 803 652 ut
834 611 1024 662 videtur,
1056 611 1288 651 industria·
1277 627 1290 664 3
1322 618 1368 651 ut
1398 619 1440 652 et
1467 613 1552 667 ipsa
1583 614 1714 653 filium

240 667 415 708 haberet
444 667 772 722 impenderem,
809 666 923 722 quod
952 668 1009 707 ita
1040 668 1287 708 Gratianum
1318 668 1504 720 offendit,
1537 676 1584 710 ut
1611 671 1718 710 solet

239 724 352 765 inter
388 723 540 765 fratres
579 738 625 763 ex
655 724 750 778 alio,
781 729 823 764 et
854 724 936 764 alio
965 722 1095 765 thoro
1127 730 1274 777 natos,
1305 740 1537 782 eorumque
1563 741 1718 781 paren-

239 787 298 822 tes
327 781 447 822 facile
481 781 615 822 enasci
646 779 814 820 invidia.

347 853 485 906 98,1.
546 850 863 919 ὖηουοηθέυτας
888 851 1131 905 βασιλεύειν
1171 850 1254 894 α’πό
1286 855 1366 894 τοῦ
1394 856 1628 923 στοιχείου]
1657 858 1714 897 sic

236 924 376 951 omnes
409 908 534 951 codd.
567 924 663 966 quos
691 909 895 949 vaticiniis
921 909 1101 951 inductus
1126 925 1181 951 ex
1203 912 1359 954 initiali
1390 914 1564 953 nommis
1595 916 1707 954 theta

234 976 500 1024 imperaturos
528 966 821 1022 suspicabatur.

346 1034 412 1086 99,
432 1034 495 1075 12.
527 1033 580 1073 ad
609 1030 876 1085 βαλλιζουσι]
910 1032 1206 1074 adduntBarb.
1240 1033 1364 1091 Peyr.
1395 1041 1472 1078 etc.
1506 1033 1581 1076 καί
1608 1051 1712 1090 καρ-

233 1091 469 1142 ταλίζουσι·
503 1090 642 1130 malim
674 1090 983 1143 κροταλίζουσι,
1019 1090 1131 1145 quod
1163 1096 1204 1131 et
1233 1094 1375 1132 Anast.
1403 1092 1512 1146 legit.
1569 1095 1713 1147 strepi-

231 1158 315 1189 tum
343 1157 481 1202 agunt,
511 1148 596 1188 sive
643 1162 841 1186 manuum
870 1146 1016 1202 plausu
1055 1147 1139 1188 sive
1168 1123 1464 1201 crepitaculis?
1503 1151 1714 1205 plaudunt

230 1206 435 1256 manibus,
467 1203 618 1260 inquit.
648 1199 862 1256 κοόταλον.
904 1208 1000 1244 sunt
1043 1203 1115 1259 qui
1144 1205 1349 1245 musicum
1390 1206 1712 1247 instrumentum

230 1269 454 1316 exponant,
485 1275 570 1316 quo
590 1260 783 1315 Aegyptii
815 1260 1043 1300 utebantur
1071 1262 1111 1301 in
1141 1260 1319 1302 deorum
1338 1263 1590 1304 cerimoniis.
1623 1278 1705 1318 pro

228 1317 481 1372 βαλλίζουσι
511 1317 609 1373 legit
647 1321 788 1357 Anast.
824 1315 1077 1370 βαδίζουσι,
1102 1318 1318 1373 psallentes
1347 1320 1559 1360 incedunt.-
1593 1319 1711 1384 quod

230 1376 343 1416 forte
374 1375 540 1415 melius:
550 1349 798 1429 ”pluraque
820 1380 917 1414 sunt
943 1373 1180 1428 prophetae
1221 1374 1326 1427 loca,
1358 1377 1509 1431 quibus
1538 1377 1710 1417 classius

231 1431 475 1487 intellectis,
508 1430 552 1470 hi
580 1445 700 1471 suum
726 1431 843 1470 illum
866 1444 1072 1483 errorem,
1105 1435 1152 1469 ut
1183 1431 1235 1471 ab
1264 1433 1476 1473 Anastasio
1511 1431 1710 1482 traditur,

229 1488 454 1532 hauserint.
512 1492 608 1542 post
636 1485 951 1527 ὲνθουσιαστῶν
980 1485 1097 1527 addit
1138 1486 1373 1529 Cedr.-1013
1404 1486 1478 1529 καί
1510 1490 1711 1542 Βωγομί-

227 1548 335 1586 λων·
378 1546 452 1602 qui
491 1553 531 1585 et
559 1544 762 1598 Bogomili
791 1543 893 1584 dicti
928 1553 1044 1595 srmt5
1082 1544 1199 1599 quod
1231 1546 1300 1586 f01
1304 1552 1344 1586 te
1375 1560 1523 1586 eorum
1555 1560 1708 1586 nomen

227 1608 329 1643 tunc
362 1600 570 1657 vulgatius
602 1606 716 1641 esset.

341 1668 432 1724 100,
473 1668 514 1711 7.
582 1671 669 1718 τοῖς
714 1665 786 1707 ὑπ’
828 1664 961 1708 αυτοῦ
1004 1665 1347 1722 φοοντιζομένοις
1386 1669 1708 1723 λελωβημὲνοις]

226 1727 425 1791 leprosis,
477 1739 645 1782 quorum
688 1739 785 1765 cura
827 1724 992 1765 Basilio
1021 1724 1283 1765 ιιιοιιηιῦεὗατ.
1344 1725 1401 1765 ita
1426 1727 1556 1767 vertit
1588 1726 1708 1780 Trip.

228 1783 457 1838 Gregoxius
487 1781 707 1836 theologus
738 1781 876 1822 multis
920 1781 1207 1835 commendat,
1242 1796 1366 1836 quam
1405 1783 1576 1823 Basilius
1610 1797 1708 1837 erga

227 1839 271 1880 id
298 1814 515 1880 Ιιῧοῐῐιίηυιη
546 1853 671 1893 genus
702 1837 743 1877 in
769 1852 843 1878 suo
890 1837 962 1877 illo
1004 1836 1249 1878 nosocomio
1295 1838 1612 1893 humanitatem,
1657 1854 1708 1880 ac

229 1896 487 1951 diligentiam
520 1895 712 1936 habebat.
779 1894 894 1935 haud
928 1901 1065 1935 tamen
1103 1899 1250 1948 putem
1280 1895 1326 1935 iis
1359 1896 1560 1937 duntaxat
1590 1895 1710 1936 addi-

225 1958 340 1994 ctum
369 1953 520 2005 locum,
555 1958 596 1992 et
625 1951 760 1991 Basilii
803 1965 1002 2005 operam;
1045 1964 1209 2005 voxque
1238 1952 1527 2007 λελωβημένος
1559 1952 1706 1992 vitium

226 2024 352 2051 omne
381 2008 577 2064 corpoiis
606 2015 746 2048 sonat.
775 2021 853 2048 nec
870 2007 1102 2062 Gregoiius
1125 2008 1281 2060 ulcera,
1311 2011 1572 2065 morbosque
1601 2010 1703 2050 alios

227 2067 538 2123 t·1cet,quibus
566 2065 736 2105 Basilius
763 2063 948 2104 studium
977 2064 1262 2118 impendebat.

338 2145 532 2202 101,12.
587 2143 688 2199 neoc
719 2138 1023 2197 Ἀθανάριχον]
1056 2143 1178 2184 Barb.
1208 2143 1333 2199 Peyr.
1366 2149 1444 2184 etc.

339 2220 434 2270 102,
471 2219 512 2263 3.
566 2215 656 2259 ἕνα.

339 2299 431 2352 103,
462 2299 504 2340 9.
561 2299 701 2368 placet
730 2298 854 2354 Pey.r
887 2297 985 2338 cod.
1018 2297 1326 2363 interpunctio,
1356 2293 1481 2363 γιούς
1510 2296 1706 2350 Γρατια-

224 2354 297 2407 νὸς
332 2371 352 2397 ο
371 2350 634 2422 Αυγουστος,
663 2354 707 2395 ἐν
736 2354 786 2411 τῇ
792 2344 1029 2409 Παννονίᾳ
1048 2351 1359 2407 κατερχόμενος
1374 2368 1436 2400 ως
1463 2351 1571 2419 πρὸς
1597 2351 1704 2408 βοή..

223 2415 359 2455 θειαν.
417 2414 486 2453 ubi
509 2413 675 2453 rescivit
693 2398 917 2451 Gratianus
946 2410 1160 2465 Augustus,
1191 2420 1383 2467 tanquam
1409 2411 1609 2466 suppetias
1639 2412 1703 2450 la-

223 2480 335 2511 turus
365 2486 408 2510 ιη
437 2470 696 2510 Pannoniam
723 2470 903 2518 veniens,
927 2473 1007 2507 etc.
1045 2467 1167 2507 Cedr.
1189 2468 1427 2507 ambustum
1456 2481 1549 2506 cum
1579 2469 1700 2506 sociis

224 2528 443 2568 Valentem
473 2528 530 2566 ait
560 2526 598 2566 in
631 2540 680 2566 eo
702 2523 1108 2579 tuguiiolo,a'yv01'a
1139 2523 1223 2564 τῶν
1249 2522 1574 2576 κεκρυμμένων·
1606 2538 1701 2563 cum

223 2584 396 2636 Scythae
423 2582 553 2638 ignem
573 2585 856 2623 committentes
882 2590 1086 2631 nescirent,
1108 2581 1180 2636 qui
1194 2580 1281 2619 illic
1299 2581 1476 2620 laterent.
1522 2584 1563 2619 et
1594 2594 1697 2620 vero

221 2640 352 2681 simile
394 2641 474 2680 alio
513 2640 660 2680 mortis
708 2636 858 2693 genele
889 2636 1213 2691 extinguendOS,
1244 2636 1328 2677 sive
1353 2636 1476 2677 etiam
1511 2636 1697 2691 captivos

224 2695 505 2748 abducendos,
539 2703 586 2737 ut
619 2695 771 2737 detecti
804 2695 855 2734 ab
889 2693 942 2733 eis
970 2694 1151 2734 fuissent.

337 2766 524 2824 104713.
556 2775 651 2824 post
679 2764 922 2817 ἐπισκόπου,
952 2767 1090 2821 suppl.
1126 2781 1173 2806 ex
1201 2767 1297 2808 Vat.
1331 2765 1349 2806 1
1382 2766 1470 2806 Pal.
1501 2766 1624 2820 Peyr.
1653 2765 1698 2805 ἐν
