1768 3268
571 197 640 238 Ex
677 194 1026 238 THEOPHANE.
1445 190 1537 236 105

61 319 103 353 et
133 315 271 354 factus
303 319 365 354 est
396 328 479 368 pro
510 313 601 368 ipso
634 311 897 368 Euthychius
928 311 1228 366 apocrisiarius
1271 311 1457 353 Amasiae
1490 325 1538 351 ac

60 370 286 411 monachus
316 370 563 411 monasterii
591 369 707 425 quod
736 375 797 411 est
828 383 954 424 penes
972 369 1191 419 Amasiam,
1219 383 1267 409 ac
1298 369 1534 425 presbyter.

59 427 204 468 eadem
232 441 330 468 sane
346 429 494 469 Menae
511 427 668 468 funeris
696 425 792 477 die,
826 440 922 466 cum
939 426 1079 466 adhuc
1108 426 1264 466 iaceret
1293 427 1335 466 in
1365 426 1586 478 sacello,p.
1607 429 1679 466 354

59 499 199 525 meuse
224 487 412 539 Augusto
443 490 622 540 tropaea
645 488 858 524 venerunt
886 497 910 524 e
938 484 1074 524 Roma
1105 483 1245 523 Narsis
1287 483 1536 524 cubicularii

59 547 102 581 et
132 539 299 582 exarchi
319 543 624 582 Romanorum.
682 540 787 580 inito
817 539 977 595 quippe
1006 540 1117 580 bello
1139 555 1236 580 cum
1268 540 1408 580 Totila
1439 554 1538 595 rege

59 597 301 638 Gothorum
329 597 615 653 potentissime
640 597 879 654 superavit,
911 604 953 638 et
983 596 1098 651 cepit
1125 598 1319 648 Romam,
1351 603 1393 637 et
1419 598 1539 637 occi-

60 653 122 694 dit
149 654 352 705 Totilam‚
384 660 427 696 et
454 655 699 697 vestimenta
728 655 813 696 eius
843 659 1062 695 cruentata
1091 669 1185 695 cum
1206 654 1452 695 carnilaucio
1481 655 1539 694 la-

58 710 224 765 pidibus
266 711 459 767 pretiosis
506 718 661 752 ornato
704 711 816 752 misit
842 711 1281 767 Constantinopolim,
1312 719 1356 754 et
1388 712 1539 752 iactata

59 774 157 810 sunt
186 768 238 810 ad
263 769 389 824 pedes
418 768 689 825 imperatoris
721 783 868 810 coram
897 773 1060 810 senatu.

128 857 129 860 ¹
170 843 292 883 Anno
327 842 495 899 imperii
521 843 736 884 Iustiniani
772 841 971 883 vicesimo
1010 847 1125 883 sexto
1166 842 1275 882 facta
1309 847 1369 882 est
1397 849 1538 882 sancta

57 903 99 937 et
131 899 372 941 univers-alis
416 901 565 956 quinta
604 900 787 957 synodus
818 905 970 940 contra
1001 899 1229 953 Origenem
1269 913 1466 939 vesanum
1497 905 1539 940 et

55 954 284 1011 Didymum
313 971 484 998 caecum
524 964 568 998 et
594 957 827 1013 Euagrium
869 962 999 1012 atque
1030 956 1193 1012 gentilis
1222 970 1359 996 sensus
1390 971 1538 996 eorum

58 1010 393 1066 deliramentum,
425 1020 468 1055 et
499 1029 644 1056 rursus
666 1020 816 1055 contra
839 1012 1034 1068 capitula.
1096 1013 1271 1068 Vigilius
1291 1018 1428 1053 autem
1448 1014 1539 1052 Ro·-

53 1084 198 1110 manus
239 1071 589 1113 convenientibus
625 1086 710 1112 non
751 1071 954 1112 consedit.
1016 1069 1203 1110 dimissus
1234 1076 1373 1110 autem
1398 1070 1538 1111 multis

54 1127 179 1167 motis
211 1127 264 1168 ‘ab
293 1127 565 1183 imperatore,
596 1128 639 1168 in
668 1128 840 1184 Illyrico
870 1127 1056 1168 moritur
1083 1127 1243 1168 rediens
1270 1128 1461 1168 Romam.

166 1212 377 1255 vicesimo
405 1214 585 1269 septimo
615 1213 782 1269 imperii
812 1213 1028 1255 Iustiniani
1057 1228 1167 1253 anno
1191 1214 1324 1254 sactus
1350 1220 1410 1255 est
1442 1219 1532 1254 ter..

55 1282 128 1309 rae
157 1276 296 1311 motus
327 1270 527 1325 terribilis
559 1270 927 1326 Constantinopoli
956 1276 998 1312 et
1026 1270 1187 1311 circum
1211 1285 1379 1326 quaque
1410 1271 1531 1311 urbi-

52 1324 142 1376 bus,
177 1327 251 1382 qui
293 1327 430 1368 tenuit
466 1326 611 1369 diebus
642 1326 724 1380 40,
757 1335 800 1369 et
826 1328 1028 1383 paulatim
1069 1327 1257 1368 homines
1286 1329 1667 1382 compunctip.355
1695 1336 1718 1372 3

50 1388 172 1432 sunt,
218 1383 413 1424 letaniam
455 1391 621 1440 agentes
661 1391 704 1425 et
744 1386 1061 1440 frequentantes
1098 1390 1226 1439 atque
1263 1384 1304 1425 in
1353 1385 1532 1426 ecclesiis

50 1443 357 1482 commanentes
386 1443 433 1493 *).
469 1456 650 1497 cumque
671 1443 800 1482 multa
823 1442 890 1483 dei
913 1441 1203 1482 misericordia
1234 1442 1343 1482 facta
1372 1443 1528 1490 fuisset,

50 1495 239 1537 homines
278 1496 330 1538 ad
361 1497 510 1553 peiora
549 1498 694 1553 dilapsi
737 1506 846 1540 sunt.
905 1499 952 1538 fit
983 1504 1124 1540 autem
1156 1499 1360 1540 memoria
1390 1505 1531 1540 terrae

47 1560 188 1649 }notus
219 1553 339 1596 huius
369 1569 448 1610 per
474 1555 657 1613 singulos
691 1569 823 1598 annos
862 1555 903 1596 in
932 1557 1111 1612 Campo,
1141 1555 1338 1597 letaniam
1366 1556 1528 1612 populo

66 1610 239 1653 aciente.

161 1683 309 1726 Mundi
341 1700 450 1726 anno
481 1683 605 1738 6047,
640 1685 807 1728 divinae
854 1686 1155 1728 incarnationis
1186 1702 1298 1728 anno
1332 1683 1429 1739 547,
1463 1687 1529 1727 vi-

48 1741 200 1781 cesimo
232 1748 383 1783 octavo
414 1743 579 1799 imperii
611 1743 824 1784 Iustiniani
860 1758 971 1784 anno
1006 1745 1115 1784 sacta
1140 1749 1237 1784 sunt
1267 1744 1456 1785 tonitrua
1488 1752 1530 1785 et

47 1798 215 1854 fulgura
245 1799 476 1852 horrenda,
507 1806 549 1841 et
581 1807 726 1841 ventus
757 1801 921 1841 Africus
945 1800 1162 1852 terribilis,
1194 1801 1251 1841 ita
1281 1807 1328 1842 ut
1358 1800 1528 1843 caderet

49 1870 164 1907 crux,
195 1870 303 1912 quae
330 1859 468 1899 stabat
491 1857 603 1898 intra
632 1864 805 1913 portam
834 1857 987 1900 Rhesii.

160 1930 370 1972 vicesimo
401 1946 514 1972 nono
547 1932 714 1987 imperii
745 1932 962 1974 Iustiniani
1003 1946 1115 1973 anno
1145 1931 1392 1973 seditionem
1424 1947 1527 1972 con-

47 1987 287 2028 citaverunt
315 1987 452 2030 Iudaei
485 1994 526 2029 et
544 1990 777 2030 Samaritae
798 1989 1023 2031 Caesareae
1053 1990 1324 2040 Palaestinae,
1359 1995 1401 2029 et
1429 1990 1658 2041 sactip.356

48 2043 163 2098 quasi
197 2043 236 2083 in
269 2043 419 2086 ordine
447 2046 879 2088 Prasinovenetorum
922 2048 1147 2087 irruerunt
1187 2047 1228 2088 in
1268 2046 1527 2087 Christianos

46 2099 231 2141 eiusdem
260 2100 467 2153 civitatis,
508 2109 551 2143 et
582 2104 735 2144 multos
765 2103 1082 2156 interfecerunt,
1119 2109 1161 2144 et
1189 2104 1377 2145 ccclesias
1407 2118 1527 2144 com-

45 2157 282 2207 busserunt,
310 2158 659 2215 Stephanumque
683 2161 945 2215 praefectum
965 2161 1091 2215 ipsius
1108 2161 1223 2202 urhis
1244 2161 1284 2201 in
1306 2162 1524 2215 praetorio

46 2222 335 2267 peremerunt,
361 2222 403 2256 et
422 2216 695 2257 substantiam
715 2218 800 2259 eius
819 2218 1132 2272 surripuerunt.
1166 2233 1274 2259 uxor
1293 2233 1395 2258 vero
1418 2218 1524 2257 illius

44 2271 268 2312 ascendens
300 2270 352 2311 ad
382 2273 531 2313 urbem
560 2274 664 2314 adiit
694 2275 1024 2329 imperatorem,
1060 2275 1132 2330 qui
1163 2275 1278 2316 iussit
1311 2274 1524 2315 Adaman-

44 2328 105 2368 tio
137 2330 336 2384 magistro
356 2329 536 2369 militum
560 2330 812 2372 descendere
832 2332 872 2372 in
889 2332 1166 2372 Palaestinam
1198 2339 1240 2373 et
1269 2331 1524 2372 occisionem

44 2385 266 2440 exquirere
294 2385 509 2440 Stephani.
580 2389 652 2443 qui
695 2390 862 2429 veniens
902 2404 1052 2429 eorum
1096 2403 1201 2444 quos
1234 2388 1394 2443 reperit
1424 2387 1525 2427 alios

44 2442 283 2496 suspendit,
322 2442 422 2483 alios
451 2443 698 2496 decollavit,
732 2445 833 2486 alios
869 2460 969 2486 vero
998 2444 1232 2487 debilitavit
1259 2452 1301 2485 et
1331 2444 1523 2498 publica..

44 2499 121 2539 vit.
198 2505 241 2541 et
280 2499 414 2541 sactus
450 2507 511 2542 est
554 2502 684 2543 timor
733 2502 877 2558 ingens
922 2502 965 2544 in
1010 2503 1204 2544 omnibus
1235 2500 1527 2543 Orientalibus

44 2556 247 2609 partibus.

153 2630 387 2673 Tricesimo
424 2633 591 2687 imperii
621 2633 838 2675 Iustiniani
876 2648 985 2675 anno
1017 2633 1204 2688 Pelagius
1233 2632 1648 2692 Romanorump,357
1676 2644 1698 2678 6

92 2794 123 2841 ‘)
150 2798 435 2842 commanentes]
473 2796 633 2831 Russinus
671 2799 707 2832 in
735 2798 967 2844 praefatione
1007 2797 1090 2830 libri
1132 2798 1155 2832 2
1185 2796 1228 2831 tle
1255 2797 1339 2832 vitis
1366 2797 1528 2833 Panum:

139 2850 366 2879 commanent
395 2850 516 2880 autem
547 2857 611 2893 per
637 2858 795 2881 eremum
826 2846 988 2892 dispersi.
1042 2846 1147 2880 Fur..
