<?xml version="1.0" encoding="UTF-8"?>
<!DOCTYPE html PUBLIC "-//W3C//DTD XHTML 1.0 Transitional//EN"
    "http://www.w3.org/TR/xhtml1/DTD/xhtml1-transitional.dtd">
<html xmlns="http://www.w3.org/1999/xhtml" xml:lang="en" lang="en">
 <head>
  <title>
</title>
<meta http-equiv="Content-Type" content="text/html;charset=utf-8" />
  <meta name='ocr-system' content='tesseract 3.04.00' />
  <meta name='ocr-capabilities' content='ocr_page ocr_carea ocr_par ocr_line ocrx_word'/>
</head>
<body>
  <div class='ocr_page' id='page_1' title='image "./corpusscriptorum47niebuoft_0251.png"; bbox 0 0 1794 3250; ppageno 0'>
   <div class='ocr_carea' id='block_1_1' title="bbox 591 185 1549 237">
    <p class='ocr_par' dir='ltr' id='par_1_1' title="bbox 591 185 1549 237">
     <span class='ocr_line' id='line_1_1' title="bbox 591 185 1549 237; baseline 0.001 -3"><span class='ocrx_word' id='word_1_1' title='bbox 591 194 659 234; x_wconf 71' lang='lat' dir='ltr'>Ex</span> <span class='ocrx_word' id='word_1_2' title='bbox 701 193 1045 236; x_wconf 74' lang='lat' dir='ltr'><strong>THEOPHANE.</strong></span> <span class='ocrx_word' id='word_1_3' title='bbox 1457 185 1549 237; x_wconf 72' lang='lat'>241</span> 
     </span>
    </p>
   </div>
   <div class='ocr_carea' id='block_1_2' title="bbox 95 308 1693 587">
    <p class='ocr_par' dir='ltr' id='par_1_2' title="bbox 95 308 1693 587">
     <span class='ocr_line' id='line_1_2' title="bbox 95 308 1571 362; baseline -0.003 -9"><span class='ocrx_word' id='word_1_4' title='bbox 95 311 308 353; x_wconf 83' lang='lat' dir='ltr'>diffamans</span> <span class='ocrx_word' id='word_1_5' title='bbox 337 323 419 350; x_wconf 83' lang='lat' dir='ltr'>una</span> <span class='ocrx_word' id='word_1_6' title='bbox 464 323 560 350; x_wconf 82' lang='lat' dir='ltr'>cum</span> <span class='ocrx_word' id='word_1_7' title='bbox 587 309 627 349; x_wconf 90' lang='lat' dir='ltr'>in</span> <span class='ocrx_word' id='word_1_8' title='bbox 660 309 824 359; x_wconf 82' lang='lat' dir='ltr'>clauso,</span> <span class='ocrx_word' id='word_1_9' title='bbox 858 313 903 346; x_wconf 84' lang='lat' dir='ltr'>nt</span> <span class='ocrx_word' id='word_1_10' title='bbox 932 308 1195 362; x_wconf 83' lang='lat' dir='ltr'>praedictum</span> <span class='ocrx_word' id='word_1_11' title='bbox 1226 317 1299 362; x_wconf 86' lang='lat' dir='ltr'>cst,</span> <span class='ocrx_word' id='word_1_12' title='bbox 1331 309 1571 350; x_wconf 68' lang='lat' dir='ltr'>interfecit.⁴</span> 
     </span>
     <span class='ocr_line' id='line_1_3' title="bbox 99 364 1572 418; baseline -0.003 -9"><span class='ocrx_word' id='word_1_13' title='bbox 99 370 198 409; x_wconf 82' lang='lat' dir='ltr'>fecit</span> <span class='ocrx_word' id='word_1_14' title='bbox 226 373 366 408; x_wconf 83' lang='lat' dir='ltr'>autem</span> <span class='ocrx_word' id='word_1_15' title='bbox 406 365 620 406; x_wconf 84' lang='lat' dir='ltr'>abundare</span> <span class='ocrx_word' id='word_1_16' title='bbox 666 364 805 404; x_wconf 87' lang='lat' dir='ltr'>horno</span> <span class='ocrx_word' id='word_1_17' title='bbox 845 364 1001 418; x_wconf 83' lang='lat' dir='ltr'>species</span> <span class='ocrx_word' id='word_1_18' title='bbox 1037 365 1085 404; x_wconf 86' lang='lat' dir='ltr'>·iu</span> <span class='ocrx_word' id='word_1_19' title='bbox 1128 366 1256 406; x_wconf 83' lang='lat' dir='ltr'>urbe:</span> <span class='ocrx_word' id='word_1_20' title='bbox 1292 380 1420 406; x_wconf 89' lang='lat' dir='ltr'>novus</span> <span class='ocrx_word' id='word_1_21' title='bbox 1450 365 1572 406; x_wconf 67' lang='lat' dir='ltr'>enim&#39;</span> 
     </span>
     <span class='ocr_line' id='line_1_4' title="bbox 96 420 1559 475; baseline -0.002 -10"><span class='ocrx_word' id='word_1_22' title='bbox 96 425 227 465; x_wconf 86' lang='lat' dir='ltr'>Midas</span> <span class='ocrx_word' id='word_1_23' title='bbox 254 424 387 464; x_wconf 80' lang='lat' dir='ltr'>factus</span> <span class='ocrx_word' id='word_1_24' title='bbox 411 436 561 462; x_wconf 90' lang='lat' dir='ltr'>aurum</span> <span class='ocrx_word' id='word_1_25' title='bbox 580 420 845 462; x_wconf 78' lang='lat' dir='ltr'><strong>coacervavit</strong></span> <span class='ocrx_word' id='word_1_26' title='bbox 872 428 914 461; x_wconf 91' lang='lat' dir='ltr'>et</span> <span class='ocrx_word' id='word_1_27' title='bbox 933 420 1140 475; x_wconf 80' lang='lat' dir='ltr'>agricolas</span> <span class='ocrx_word' id='word_1_28' title='bbox 1167 422 1407 473; x_wconf 81' lang='lat' dir='ltr'>denudavit,</span> <span class='ocrx_word' id='word_1_29' title='bbox 1436 428 1478 462; x_wconf 90' lang='lat' dir='ltr'>et</span> <span class='ocrx_word' id='word_1_30' title='bbox 1503 421 1559 462; x_wconf 84' lang='lat' dir='ltr'>ob</span> 
     </span>
     <span class='ocr_line' id='line_1_5' title="bbox 98 477 1693 533; baseline -0.002 -13"><span class='ocrx_word' id='word_1_31' title='bbox 98 481 358 521; x_wconf 88' lang='lat' dir='ltr'>tributorum</span> <span class='ocrx_word' id='word_1_32' title='bbox 391 478 648 519; x_wconf 85' lang='lat' dir='ltr'>exactionem</span> <span class='ocrx_word' id='word_1_33' title='bbox 682 477 941 531; x_wconf 78' lang='lat' dir='ltr'>cogebantur</span> <span class='ocrx_word' id='word_1_34' title='bbox 969 477 1154 517; x_wconf 87' lang='lat' dir='ltr'>homines</span> <span class='ocrx_word' id='word_1_35' title='bbox 1183 477 1313 532; x_wconf 81' lang='lat' dir='ltr'>largas</span> <span class='ocrx_word' id='word_1_36' title='bbox 1346 478 1411 518; x_wconf 90' lang='lat' dir='ltr'>dei</span> <span class='ocrx_word' id='word_1_37' title='bbox 1441 478 1561 533; x_wconf 82' lang='lat' dir='ltr'>geni-</span> <span class='ocrx_word' id='word_1_38' title='bbox 1574 496 1607 531; x_wconf 85' lang='lat' dir='ltr'>p.</span> <span class='ocrx_word' id='word_1_39' title='bbox 1621 481 1693 518; x_wconf 80' lang='lat'>686</span> 
     </span>
     <span class='ocr_line' id='line_1_6' title="bbox 98 532 1410 587; baseline -0.002 -10"><span class='ocrx_word' id='word_1_40' title='bbox 98 537 257 577; x_wconf 89' lang='lat' dir='ltr'>minum</span> <span class='ocrx_word' id='word_1_41' title='bbox 289 534 587 575; x_wconf 82' lang='lat' dir='ltr'>munificentias</span> <span class='ocrx_word' id='word_1_42' title='bbox 631 532 750 573; x_wconf 84' lang='lat' dir='ltr'>facile</span> <span class='ocrx_word' id='word_1_43' title='bbox 780 546 851 573; x_wconf 91' lang='lat' dir='ltr'>seu</span> <span class='ocrx_word' id='word_1_44' title='bbox 882 533 953 573; x_wconf 84' lang='lat' dir='ltr'>vili</span> <span class='ocrx_word' id='word_1_45' title='bbox 984 533 1125 587; x_wconf 87' lang='lat' dir='ltr'>pretio</span> <span class='ocrx_word' id='word_1_46' title='bbox 1156 533 1410 574; x_wconf 79' lang='lat' dir='ltr'><strong>venundare.</strong></span> 
     </span>
    </p>
   </div>
   <div class='ocr_carea' id='block_1_3' title="bbox 98 617 1566 891">
    <p class='ocr_par' dir='ltr' id='par_1_3' title="bbox 98 617 1566 891">
     <span class='ocr_line' id='line_1_7' title="bbox 211 617 1564 674; baseline -0.001 -14"><span class='ocrx_word' id='word_1_47' title='bbox 211 619 458 674; x_wconf 84' lang='lat' dir='ltr'>Eodemque</span> <span class='ocrx_word' id='word_1_48' title='bbox 478 632 588 658; x_wconf 86' lang='lat' dir='ltr'>anno</span> <span class='ocrx_word' id='word_1_49' title='bbox 607 617 768 657; x_wconf 88' lang='lat' dir='ltr'>Nicetas</span> <span class='ocrx_word' id='word_1_50' title='bbox 788 617 877 657; x_wconf 89' lang='lat' dir='ltr'>falsi</span> <span class='ocrx_word' id='word_1_51' title='bbox 902 617 1078 657; x_wconf 87' lang='lat' dir='ltr'>nominis</span> <span class='ocrx_word' id='word_1_52' title='bbox 1097 618 1336 671; x_wconf 86' lang='lat' dir='ltr'>patriarcha</span> <span class='ocrx_word' id='word_1_53' title='bbox 1358 618 1495 658; x_wconf 87' lang='lat' dir='ltr'>iconas</span> <span class='ocrx_word' id='word_1_54' title='bbox 1517 633 1564 658; x_wconf 85' lang='lat' dir='ltr'>cx</span> 
     </span>
     <span class='ocr_line' id='line_1_8' title="bbox 98 673 1564 730; baseline -0.004 -14"><span class='ocrx_word' id='word_1_55' title='bbox 98 677 231 716; x_wconf 85' lang='lat' dir='ltr'>musio</span> <span class='ocrx_word' id='word_1_56' title='bbox 260 677 403 725; x_wconf 71' lang='lat' dir='ltr'>factas,</span> <span class='ocrx_word' id='word_1_57' title='bbox 431 688 539 730; x_wconf 85' lang='lat' dir='ltr'>quae</span> <span class='ocrx_word' id='word_1_58' title='bbox 564 675 603 714; x_wconf 93' lang='lat' dir='ltr'>in</span> <span class='ocrx_word' id='word_1_59' title='bbox 635 673 891 728; x_wconf 86' lang='lat' dir='ltr'>patriarchio</span> <span class='ocrx_word' id='word_1_60' title='bbox 921 674 1080 714; x_wconf 86' lang='lat' dir='ltr'>Secreti</span> <span class='ocrx_word' id='word_1_61' title='bbox 1110 674 1282 715; x_wconf 89' lang='lat' dir='ltr'>minoris</span> <span class='ocrx_word' id='word_1_62' title='bbox 1305 681 1438 725; x_wconf 82' lang='lat' dir='ltr'>erant,</span> <span class='ocrx_word' id='word_1_63' title='bbox 1469 689 1564 714; x_wconf 78' lang='lat' dir='ltr'>era-</span> 
     </span>
     <span class='ocr_line' id='line_1_9' title="bbox 98 730 1564 786; baseline -0.003 -13"><span class='ocrx_word' id='word_1_64' title='bbox 98 733 165 783; x_wconf 84' lang='lat' dir='ltr'>sit,</span> <span class='ocrx_word' id='word_1_65' title='bbox 194 739 236 773; x_wconf 87' lang='lat' dir='ltr'>et</span> <span class='ocrx_word' id='word_1_66' title='bbox 267 732 457 786; x_wconf 76' lang='lat' dir='ltr'>imagines</span> <span class='ocrx_word' id='word_1_67' title='bbox 484 730 620 785; x_wconf 80' lang='lat' dir='ltr'>magni</span> <span class='ocrx_word' id='word_1_68' title='bbox 652 730 829 780; x_wconf 72' lang='lat' dir='ltr'>Sacrati,</span> <span class='ocrx_word' id='word_1_69' title='bbox 864 745 971 784; x_wconf 81' lang='lat' dir='ltr'>quae</span> <span class='ocrx_word' id='word_1_70' title='bbox 999 730 1186 783; x_wconf 84' lang='lat' dir='ltr'>sculptae</span> <span class='ocrx_word' id='word_1_71' title='bbox 1216 731 1256 769; x_wconf 93' lang='lat' dir='ltr'>in</span> <span class='ocrx_word' id='word_1_72' title='bbox 1287 731 1398 784; x_wconf 79' lang='lat' dir='ltr'>ligno</span> <span class='ocrx_word' id='word_1_73' title='bbox 1429 736 1564 780; x_wconf 85' lang='lat' dir='ltr'>erant,</span> 
     </span>
     <span class='ocr_line' id='line_1_10' title="bbox 102 786 1566 843; baseline -0.003 -14"><span class='ocrx_word' id='word_1_74' title='bbox 102 788 324 843; x_wconf 79' lang='lat' dir='ltr'><strong>deposuit,</strong></span> <span class='ocrx_word' id='word_1_75' title='bbox 355 794 396 827; x_wconf 85' lang='lat' dir='ltr'>et</span> <span class='ocrx_word' id='word_1_76' title='bbox 425 793 659 827; x_wconf 86' lang='lat' dir='ltr'>ceterarum</span> <span class='ocrx_word' id='word_1_77' title='bbox 684 787 907 842; x_wconf 80' lang='lat' dir='ltr'>imaginum</span> <span class='ocrx_word' id='word_1_78' title='bbox 937 788 1056 826; x_wconf 83' lang='lat' dir='ltr'>facies</span> <span class='ocrx_word' id='word_1_79' title='bbox 1088 787 1292 826; x_wconf 85' lang='lat' dir='ltr'>delinivit.</span> <span class='ocrx_word' id='word_1_80' title='bbox 1352 786 1422 826; x_wconf 86' lang='lat' dir='ltr'>scd</span> <span class='ocrx_word' id='word_1_81' title='bbox 1449 793 1493 827; x_wconf 92' lang='lat' dir='ltr'>et</span> <span class='ocrx_word' id='word_1_82' title='bbox 1524 787 1566 825; x_wconf 91' lang='lat' dir='ltr'>in</span> 
     </span>
     <span class='ocr_line' id='line_1_11' title="bbox 102 842 667 891; baseline -0.007 -5"><span class='ocrx_word' id='word_1_83' title='bbox 102 845 303 886; x_wconf 84' lang='lat' dir='ltr'>Abramio</span> <span class='ocrx_word' id='word_1_84' title='bbox 336 843 528 884; x_wconf 86' lang='lat' dir='ltr'>similiter</span> <span class='ocrx_word' id='word_1_85' title='bbox 554 842 667 891; x_wconf 85' lang='lat' dir='ltr'>fecit.</span> 
     </span>
    </p>
   </div>
   <div class='ocr_carea' id='block_1_4' title="bbox 100 924 1573 1603">
    <p class='ocr_par' dir='ltr' id='par_1_4' title="bbox 100 924 1573 1603">
     <span class='ocr_line' id='line_1_12' title="bbox 213 924 1568 981; baseline -0.002 -13"><span class='ocrx_word' id='word_1_86' title='bbox 213 931 334 968; x_wconf 91' lang='lat' dir='ltr'>Anno</span> <span class='ocrx_word' id='word_1_87' title='bbox 388 926 554 981; x_wconf 88' lang='lat' dir='ltr'>imperii</span> <span class='ocrx_word' id='word_1_88' title='bbox 596 925 654 966; x_wconf 90' lang='lat' dir='ltr'>sui</span> <span class='ocrx_word' id='word_1_89' title='bbox 701 924 755 966; x_wconf 81' lang='lat'>28</span> <span class='ocrx_word' id='word_1_90' title='bbox 803 925 1024 966; x_wconf 82' lang='lat' dir='ltr'>coronavit</span> <span class='ocrx_word' id='word_1_91' title='bbox 1068 926 1303 980; x_wconf 87' lang='lat' dir='ltr'>imperator</span> <span class='ocrx_word' id='word_1_92' title='bbox 1337 924 1568 965; x_wconf 87' lang='lat' dir='ltr'>Eudociam</span> 
     </span>
     <span class='ocr_line' id='line_1_13' title="bbox 104 981 1568 1036; baseline -0.003 -11"><span class='ocrx_word' id='word_1_93' title='bbox 104 999 276 1025; x_wconf 84' lang='lat' dir='ltr'>uxorem</span> <span class='ocrx_word' id='word_1_94' title='bbox 295 999 424 1035; x_wconf 89' lang='lat' dir='ltr'>suam,</span> <span class='ocrx_word' id='word_1_95' title='bbox 451 998 545 1023; x_wconf 89' lang='lat' dir='ltr'>cum</span> <span class='ocrx_word' id='word_1_96' title='bbox 575 988 677 1022; x_wconf 86' lang='lat' dir='ltr'>esset</span> <span class='ocrx_word' id='word_1_97' title='bbox 698 981 897 1036; x_wconf 76' lang='lat' dir='ltr'>trigamus</span> <span class='ocrx_word' id='word_1_98' title='bbox 928 987 969 1022; x_wconf 92' lang='lat' dir='ltr'>ct</span> <span class='ocrx_word' id='word_1_99' title='bbox 990 981 1093 1022; x_wconf 89' lang='lat' dir='ltr'>haec</span> <span class='ocrx_word' id='word_1_100' title='bbox 1115 987 1216 1022; x_wconf 85' lang='lat' dir='ltr'>esset</span> <span class='ocrx_word' id='word_1_101' title='bbox 1245 981 1370 1022; x_wconf 86' lang='lat' dir='ltr'>tertia</span> <span class='ocrx_word' id='word_1_102' title='bbox 1402 982 1568 1031; x_wconf 84' lang='lat' dir='ltr'>coniux,</span> 
     </span>
     <span class='ocr_line' id='line_1_14' title="bbox 102 1037 1568 1092; baseline -0.003 -11"><span class='ocrx_word' id='word_1_103' title='bbox 102 1042 144 1082; x_wconf 88' lang='lat' dir='ltr'>in</span> <span class='ocrx_word' id='word_1_104' title='bbox 165 1040 390 1081; x_wconf 85' lang='lat' dir='ltr'>trihunalio</span> <span class='ocrx_word' id='word_1_105' title='bbox 423 1040 564 1080; x_wconf 88' lang='lat' dir='ltr'>decem</span> <span class='ocrx_word' id='word_1_106' title='bbox 596 1045 635 1079; x_wconf 87' lang='lat' dir='ltr'>et</span> <span class='ocrx_word' id='word_1_107' title='bbox 659 1053 809 1078; x_wconf 90' lang='lat' dir='ltr'>novem</span> <span class='ocrx_word' id='word_1_108' title='bbox 837 1039 1107 1078; x_wconf 86' lang='lat' dir='ltr'>accubituum</span> <span class='ocrx_word' id='word_1_109' title='bbox 1137 1037 1320 1078; x_wconf 84' lang='lat' dir='ltr'>kalendis</span> <span class='ocrx_word' id='word_1_110' title='bbox 1338 1037 1568 1092; x_wconf 73' lang='lat' dir='ltr'>Aprilibus:</span> 
     </span>
     <span class='ocr_line' id='line_1_15' title="bbox 103 1094 1571 1149; baseline -0.004 -11"><span class='ocrx_word' id='word_1_111' title='bbox 103 1097 208 1138; x_wconf 87' lang='lat' dir='ltr'>filios</span> <span class='ocrx_word' id='word_1_112' title='bbox 237 1111 337 1137; x_wconf 88' lang='lat' dir='ltr'>vero</span> <span class='ocrx_word' id='word_1_113' title='bbox 366 1110 460 1137; x_wconf 90' lang='lat' dir='ltr'>suos</span> <span class='ocrx_word' id='word_1_114' title='bbox 488 1110 535 1136; x_wconf 86' lang='lat' dir='ltr'>ex</span> <span class='ocrx_word' id='word_1_115' title='bbox 565 1096 650 1149; x_wconf 88' lang='lat' dir='ltr'>ipsa</span> <span class='ocrx_word' id='word_1_116' title='bbox 679 1100 939 1148; x_wconf 85' lang='lat' dir='ltr'>procreatos,</span> <span class='ocrx_word' id='word_1_117' title='bbox 961 1094 1314 1148; x_wconf 89' lang='lat' dir='ltr'>Christophorum</span> <span class='ocrx_word' id='word_1_118' title='bbox 1343 1095 1500 1134; x_wconf 85' lang='lat' dir='ltr'>scilicet</span> <span class='ocrx_word' id='word_1_119' title='bbox 1529 1099 1571 1133; x_wconf 88' lang='lat' dir='ltr'>et</span> 
     </span>
     <span class='ocr_line' id='line_1_16' title="bbox 101 1151 1571 1208; baseline -0.005 -14"><span class='ocrx_word' id='word_1_120' title='bbox 101 1153 411 1208; x_wconf 80' lang='lat' dir='ltr'>Nicephorum,</span> <span class='ocrx_word' id='word_1_121' title='bbox 452 1158 621 1206; x_wconf 87' lang='lat' dir='ltr'>postera</span> <span class='ocrx_word' id='word_1_122' title='bbox 654 1151 748 1201; x_wconf 72' lang='lat' dir='ltr'>die,</span> <span class='ocrx_word' id='word_1_123' title='bbox 779 1166 861 1205; x_wconf 89' lang='lat' dir='ltr'>qua</span> <span class='ocrx_word' id='word_1_124' title='bbox 897 1157 1084 1191; x_wconf 87' lang='lat' dir='ltr'>sanctum</span> <span class='ocrx_word' id='word_1_125' title='bbox 1116 1151 1370 1191; x_wconf 88' lang='lat' dir='ltr'>celebratum</span> <span class='ocrx_word' id='word_1_126' title='bbox 1406 1155 1465 1190; x_wconf 85' lang='lat' dir='ltr'>est</span> <span class='ocrx_word' id='word_1_127' title='bbox 1492 1164 1571 1203; x_wconf 80' lang='lat' dir='ltr'>pa-</span> 
     </span>
     <span class='ocr_line' id='line_1_17' title="bbox 100 1206 1573 1260; baseline -0.003 -10"><span class='ocrx_word' id='word_1_128' title='bbox 100 1210 212 1260; x_wconf 86' lang='lat' dir='ltr'>scha,</span> <span class='ocrx_word' id='word_1_129' title='bbox 242 1209 435 1249; x_wconf 88' lang='lat' dir='ltr'>Caesares</span> <span class='ocrx_word' id='word_1_130' title='bbox 463 1207 700 1258; x_wconf 86' lang='lat' dir='ltr'>ordinavit,</span> <span class='ocrx_word' id='word_1_131' title='bbox 748 1206 992 1260; x_wconf 87' lang='lat' dir='ltr'>patriarcha</span> <span class='ocrx_word' id='word_1_132' title='bbox 1034 1207 1268 1247; x_wconf 89' lang='lat' dir='ltr'>orationem</span> <span class='ocrx_word' id='word_1_133' title='bbox 1311 1207 1499 1256; x_wconf 82' lang='lat' dir='ltr'>faciente,</span> <span class='ocrx_word' id='word_1_134' title='bbox 1530 1213 1573 1246; x_wconf 91' lang='lat' dir='ltr'>et</span> 
     </span>
     <span class='ocr_line' id='line_1_18' title="bbox 102 1262 1572 1320; baseline -0.005 -14"><span class='ocrx_word' id='word_1_135' title='bbox 102 1266 428 1320; x_wconf 84' lang='lat' dir='ltr'>imperatoribus</span> <span class='ocrx_word' id='word_1_136' title='bbox 454 1278 581 1318; x_wconf 88' lang='lat' dir='ltr'>super</span> <span class='ocrx_word' id='word_1_137' title='bbox 609 1277 678 1303; x_wconf 90' lang='lat' dir='ltr'>eos</span> <span class='ocrx_word' id='word_1_138' title='bbox 707 1262 941 1318; x_wconf 82' lang='lat' dir='ltr'>chlamydes</span> <span class='ocrx_word' id='word_1_139' title='bbox 971 1269 1014 1303; x_wconf 91' lang='lat' dir='ltr'>et</span> <span class='ocrx_word' id='word_1_140' title='bbox 1036 1263 1281 1303; x_wconf 87' lang='lat' dir='ltr'>Caesaricias</span> <span class='ocrx_word' id='word_1_141' title='bbox 1314 1262 1572 1317; x_wconf 84' lang='lat' dir='ltr'>imponenti-</span> 
     </span>
     <span class='ocr_line' id='line_1_19' title="bbox 100 1319 1572 1377; baseline -0.005 -14"><span class='ocrx_word' id='word_1_142' title='bbox 100 1322 179 1363; x_wconf 88' lang='lat' dir='ltr'>hus</span> <span class='ocrx_word' id='word_1_143' title='bbox 208 1322 353 1377; x_wconf 77' lang='lat' dir='ltr'>galeas.</span> <span class='ocrx_word' id='word_1_144' title='bbox 411 1322 503 1375; x_wconf 85' lang='lat' dir='ltr'>pari</span> <span class='ocrx_word' id='word_1_145' title='bbox 532 1319 660 1360; x_wconf 91' lang='lat' dir='ltr'>modo</span> <span class='ocrx_word' id='word_1_146' title='bbox 690 1325 733 1359; x_wconf 88' lang='lat' dir='ltr'>et</span> <span class='ocrx_word' id='word_1_147' title='bbox 753 1319 951 1370; x_wconf 80' lang='lat' dir='ltr'>Nicetam‚</span> <span class='ocrx_word' id='word_1_148' title='bbox 994 1319 1259 1359; x_wconf 87' lang='lat' dir='ltr'>novissimum</span> <span class='ocrx_word' id='word_1_149' title='bbox 1292 1320 1464 1359; x_wconf 89' lang='lat' dir='ltr'>fratrem</span> <span class='ocrx_word' id='word_1_150' title='bbox 1495 1333 1572 1357; x_wconf 89' lang='lat' dir='ltr'>eo..</span> 
     </span>
     <span class='ocr_line' id='line_1_20' title="bbox 104 1375 1570 1430; baseline -0.003 -12"><span class='ocrx_word' id='word_1_151' title='bbox 104 1394 222 1429; x_wconf 87' lang='lat' dir='ltr'>rum,</span> <span class='ocrx_word' id='word_1_152' title='bbox 263 1377 518 1418; x_wconf 88' lang='lat' dir='ltr'>nobilissimo</span> <span class='ocrx_word' id='word_1_153' title='bbox 550 1377 685 1426; x_wconf 84' lang='lat' dir='ltr'>facto,</span> <span class='ocrx_word' id='word_1_154' title='bbox 716 1377 984 1429; x_wconf 81' lang='lat' dir='ltr'>superposuit</span> <span class='ocrx_word' id='word_1_155' title='bbox 1027 1375 1063 1415; x_wconf 91' lang='lat' dir='ltr'>ei</span> <span class='ocrx_word' id='word_1_156' title='bbox 1109 1375 1371 1430; x_wconf 82' lang='lat' dir='ltr'>chlamydem</span> <span class='ocrx_word' id='word_1_157' title='bbox 1402 1389 1570 1414; x_wconf 86' lang='lat' dir='ltr'>auream</span> 
     </span>
     <span class='ocr_line' id='line_1_21' title="bbox 105 1431 1572 1486; baseline -0.004 -11"><span class='ocrx_word' id='word_1_158' title='bbox 105 1440 147 1475; x_wconf 91' lang='lat' dir='ltr'>et</span> <span class='ocrx_word' id='word_1_159' title='bbox 176 1448 402 1481; x_wconf 87' lang='lat' dir='ltr'>coronam;</span> <span class='ocrx_word' id='word_1_160' title='bbox 449 1439 491 1473; x_wconf 87' lang='lat' dir='ltr'>et</span> <span class='ocrx_word' id='word_1_161' title='bbox 518 1433 575 1473; x_wconf 89' lang='lat' dir='ltr'>ita</span> <span class='ocrx_word' id='word_1_162' title='bbox 607 1437 924 1486; x_wconf 87' lang='lat' dir='ltr'>processerunt,</span> <span class='ocrx_word' id='word_1_163' title='bbox 952 1431 1202 1472; x_wconf 86' lang='lat' dir='ltr'>iactantibus</span> <span class='ocrx_word' id='word_1_164' title='bbox 1246 1431 1572 1486; x_wconf 69' lang='lat' dir='ltr'>imperatoribus</span> 
     </span>
     <span class='ocr_line' id='line_1_22' title="bbox 100 1485 1570 1548; baseline -0.004 -17"><span class='ocrx_word' id='word_1_165' title='bbox 100 1490 316 1548; x_wconf 79' lang='lat' dir='ltr'>bypatiam</span> <span class='ocrx_word' id='word_1_166' title='bbox 345 1489 517 1530; x_wconf 85' lang='lat' dir='ltr'>trimisia</span> <span class='ocrx_word' id='word_1_167' title='bbox 537 1491 572 1542; x_wconf 86' lang='lat'>*)</span> <span class='ocrx_word' id='word_1_168' title='bbox 600 1494 643 1529; x_wconf 91' lang='lat' dir='ltr'>et</span> <span class='ocrx_word' id='word_1_169' title='bbox 671 1487 830 1528; x_wconf 87' lang='lat' dir='ltr'>semisia</span> <span class='ocrx_word' id='word_1_170' title='bbox 863 1494 905 1529; x_wconf 85' lang='lat' dir='ltr'>et</span> <span class='ocrx_word' id='word_1_171' title='bbox 934 1488 1177 1528; x_wconf 86' lang='lat' dir='ltr'>numismata</span> <span class='ocrx_word' id='word_1_172' title='bbox 1207 1502 1331 1540; x_wconf 87' lang='lat' dir='ltr'>nova,</span> <span class='ocrx_word' id='word_1_173' title='bbox 1361 1502 1490 1542; x_wconf 86' lang='lat' dir='ltr'>usque</span> <span class='ocrx_word' id='word_1_174' title='bbox 1517 1485 1570 1525; x_wconf 85' lang='lat' dir='ltr'>ad</span> 
     </span>
     <span class='ocr_line' id='line_1_23' title="bbox 102 1546 548 1603; baseline -0.009 -15"><span class='ocrx_word' id='word_1_175' title='bbox 102 1562 294 1603; x_wconf 83' lang='lat' dir='ltr'>magnam</span> <span class='ocrx_word' id='word_1_176' title='bbox 323 1546 548 1586; x_wconf 87' lang='lat' dir='ltr'>ecclesiam.</span> 
     </span>
    </p>
   </div>
   <div class='ocr_carea' id='block_1_5' title="bbox 101 1620 1759 2398">
    <p class='ocr_par' dir='ltr' id='par_1_5' title="bbox 101 1620 1759 2398">
     <span class='ocr_line' id='line_1_24' title="bbox 158 1620 1759 1678; baseline -0.002 -12"><span class='ocrx_word' id='word_1_177' title='bbox 158 1621 162 1624; x_wconf 45' lang='grc'><em>’</em></span> <span class='ocrx_word' id='word_1_178' title='bbox 211 1628 332 1666; x_wconf 86' lang='lat' dir='ltr'>Anno</span> <span class='ocrx_word' id='word_1_179' title='bbox 364 1624 527 1678; x_wconf 90' lang='lat' dir='ltr'>imperii</span> <span class='ocrx_word' id='word_1_180' title='bbox 580 1621 841 1662; x_wconf 85' lang='lat' dir='ltr'>Constantini</span> <span class='ocrx_word' id='word_1_181' title='bbox 873 1620 925 1662; x_wconf 78' lang='lat'>29</span> <span class='ocrx_word' id='word_1_182' title='bbox 971 1621 1150 1678; x_wconf 84' lang='lat' dir='ltr'>ingressa</span> <span class='ocrx_word' id='word_1_183' title='bbox 1193 1627 1253 1662; x_wconf 92' lang='lat' dir='ltr'>est</span> <span class='ocrx_word' id='word_1_184' title='bbox 1286 1621 1436 1662; x_wconf 85' lang='lat' dir='ltr'>urbem</span> <span class='ocrx_word' id='word_1_185' title='bbox 1467 1620 1615 1676; x_wconf 90' lang='lat' dir='ltr'>Hei-p.</span> <span class='ocrx_word' id='word_1_186' title='bbox 1631 1629 1698 1666; x_wconf 84' lang='lat'>687</span> <span class='ocrx_word' id='word_1_187' title='bbox 1734 1629 1759 1664; x_wconf 89' lang='lat'><strong>8</strong></span> 
     </span>
     <span class='ocr_line' id='line_1_25' title="bbox 101 1676 1570 1732; baseline -0.005 -9"><span class='ocrx_word' id='word_1_188' title='bbox 101 1695 203 1723; x_wconf 86' lang='lat' dir='ltr'>rene</span> <span class='ocrx_word' id='word_1_189' title='bbox 235 1682 287 1722; x_wconf 87' lang='lat' dir='ltr'>ab</span> <span class='ocrx_word' id='word_1_190' title='bbox 317 1681 488 1722; x_wconf 85' lang='lat' dir='ltr'>Athenis</span> <span class='ocrx_word' id='word_1_191' title='bbox 528 1680 695 1720; x_wconf 87' lang='lat' dir='ltr'>veniens</span> <span class='ocrx_word' id='word_1_192' title='bbox 725 1678 999 1719; x_wconf 87' lang='lat' dir='ltr'>dromonibus</span> <span class='ocrx_word' id='word_1_193' title='bbox 1044 1684 1086 1719; x_wconf 90' lang='lat' dir='ltr'>et</span> <span class='ocrx_word' id='word_1_194' title='bbox 1115 1676 1337 1718; x_wconf 88' lang='lat' dir='ltr'>chelandiis</span> <span class='ocrx_word' id='word_1_195' title='bbox 1366 1677 1570 1732; x_wconf 84' lang='lat' dir='ltr'>plurimis,</span> 
     </span>
     <span class='ocr_line' id='line_1_26' title="bbox 103 1734 1570 1790; baseline -0.004 -12"><span class='ocrx_word' id='word_1_196' title='bbox 103 1738 316 1779; x_wconf 86' lang='lat' dir='ltr'>adornatis</span> <span class='ocrx_word' id='word_1_197' title='bbox 347 1737 485 1778; x_wconf 90' lang='lat' dir='ltr'>sericis</span> <span class='ocrx_word' id='word_1_198' title='bbox 515 1735 647 1790; x_wconf 88' lang='lat' dir='ltr'>palliis</span> <span class='ocrx_word' id='word_1_199' title='bbox 667 1765 680 1787; x_wconf 92' lang='lat'>‚</span> <span class='ocrx_word' id='word_1_200' title='bbox 726 1741 768 1775; x_wconf 85' lang='lat' dir='ltr'>et</span> <span class='ocrx_word' id='word_1_201' title='bbox 812 1735 1061 1789; x_wconf 88' lang='lat' dir='ltr'>proceribus</span> <span class='ocrx_word' id='word_1_202' title='bbox 1103 1734 1218 1775; x_wconf 88' lang='lat' dir='ltr'>urbis</span> <span class='ocrx_word' id='word_1_203' title='bbox 1246 1749 1343 1774; x_wconf 91' lang='lat' dir='ltr'>cum</span> <span class='ocrx_word' id='word_1_204' title='bbox 1373 1734 1570 1774; x_wconf 86' lang='lat' dir='ltr'>uxoribus</span> 
     </span>
     <span class='ocr_line' id='line_1_27' title="bbox 104 1790 1572 1846; baseline -0.004 -11"><span class='ocrx_word' id='word_1_205' title='bbox 104 1795 272 1834; x_wconf 84' lang='lat' dir='ltr'>obviam</span> <span class='ocrx_word' id='word_1_206' title='bbox 303 1793 620 1835; x_wconf 86' lang='lat' dir='ltr'>occurrentibus</span> <span class='ocrx_word' id='word_1_207' title='bbox 668 1798 710 1832; x_wconf 91' lang='lat' dir='ltr'>et</span> <span class='ocrx_word' id='word_1_208' title='bbox 736 1790 1084 1846; x_wconf 88' lang='lat' dir='ltr'>praecedentibus</span> <span class='ocrx_word' id='word_1_209' title='bbox 1123 1806 1230 1831; x_wconf 89' lang='lat' dir='ltr'>eam.</span> <span class='ocrx_word' id='word_1_210' title='bbox 1290 1805 1468 1844; x_wconf 88' lang='lat' dir='ltr'>cumque</span> <span class='ocrx_word' id='word_1_211' title='bbox 1497 1804 1572 1844; x_wconf 88' lang='lat' dir='ltr'>pa·</span> 
     </span>
     <span class='ocr_line' id='line_1_28' title="bbox 104 1846 1574 1902; baseline -0.005 -11"><span class='ocrx_word' id='word_1_212' title='bbox 104 1850 293 1891; x_wconf 88' lang='lat' dir='ltr'>triarcha</span> <span class='ocrx_word' id='word_1_213' title='bbox 323 1851 498 1891; x_wconf 85' lang='lat' dir='ltr'>venisset</span> <span class='ocrx_word' id='word_1_214' title='bbox 528 1848 579 1889; x_wconf 88' lang='lat' dir='ltr'>ad</span> <span class='ocrx_word' id='word_1_215' title='bbox 609 1848 812 1902; x_wconf 89' lang='lat' dir='ltr'>palatium</span> <span class='ocrx_word' id='word_1_216' title='bbox 852 1848 893 1887; x_wconf 93' lang='lat' dir='ltr'>in</span> <span class='ocrx_word' id='word_1_217' title='bbox 922 1847 1134 1888; x_wconf 88' lang='lat' dir='ltr'>ecclesiam</span> <span class='ocrx_word' id='word_1_218' title='bbox 1161 1846 1304 1895; x_wconf 87' lang='lat' dir='ltr'>Phari,</span> <span class='ocrx_word' id='word_1_219' title='bbox 1335 1847 1445 1886; x_wconf 82' lang='lat' dir='ltr'>facta</span> <span class='ocrx_word' id='word_1_220' title='bbox 1476 1851 1574 1885; x_wconf 90' lang='lat' dir='ltr'>sunt</span> 
     </span>
     <span class='ocr_line' id='line_1_29' title="bbox 104 1902 1570 1958; baseline -0.004 -11"><span class='ocrx_word' id='word_1_221' title='bbox 104 1906 157 1947; x_wconf 87' lang='lat' dir='ltr'>ad</span> <span class='ocrx_word' id='word_1_222' title='bbox 185 1907 360 1947; x_wconf 88' lang='lat' dir='ltr'>eandem</span> <span class='ocrx_word' id='word_1_223' title='bbox 391 1907 613 1947; x_wconf 84' lang='lat' dir='ltr'>Heirenem</span> <span class='ocrx_word' id='word_1_224' title='bbox 642 1904 793 1945; x_wconf 90' lang='lat' dir='ltr'>Leonis</span> <span class='ocrx_word' id='word_1_225' title='bbox 836 1903 1104 1958; x_wconf 87' lang='lat' dir='ltr'>imperatoris</span> <span class='ocrx_word' id='word_1_226' title='bbox 1134 1904 1352 1958; x_wconf 88' lang='lat' dir='ltr'>sponsalia,</span> <span class='ocrx_word' id='word_1_227' title='bbox 1382 1909 1424 1942; x_wconf 88' lang='lat' dir='ltr'>et</span> <span class='ocrx_word' id='word_1_228' title='bbox 1456 1902 1570 1941; x_wconf 87' lang='lat' dir='ltr'>deci-</span> 
     </span>
     <span class='ocr_line' id='line_1_30' title="bbox 102 1959 1571 2011; baseline -0.004 -7"><span class='ocrx_word' id='word_1_229' title='bbox 102 1969 287 2003; x_wconf 86' lang='lat' dir='ltr'>mosexto</span> <span class='ocrx_word' id='word_1_230' title='bbox 319 1962 509 2003; x_wconf 85' lang='lat' dir='ltr'>kalendas</span> <span class='ocrx_word' id='word_1_231' title='bbox 541 1960 748 2001; x_wconf 84' lang='lat' dir='ltr'>lanuarias</span> <span class='ocrx_word' id='word_1_232' title='bbox 777 1967 981 2000; x_wconf 86' lang='lat' dir='ltr'>coronata</span> <span class='ocrx_word' id='word_1_233' title='bbox 1010 1966 1070 2000; x_wconf 89' lang='lat' dir='ltr'>est</span> <span class='ocrx_word' id='word_1_234' title='bbox 1094 1960 1133 2000; x_wconf 94' lang='lat' dir='ltr'>in</span> <span class='ocrx_word' id='word_1_235' title='bbox 1159 1960 1343 2000; x_wconf 85' lang='lat' dir='ltr'>triclinio</span> <span class='ocrx_word' id='word_1_236' title='bbox 1363 1959 1571 2011; x_wconf 79' lang='lat' dir='ltr'>Augustae</span> 
     </span>
     <span class='ocr_line' id='line_1_31' title="bbox 102 2014 1569 2073; baseline -0.003 -15"><span class='ocrx_word' id='word_1_237' title='bbox 102 2019 347 2073; x_wconf 84' lang='lat' dir='ltr'>imperatrix</span> <span class='ocrx_word' id='word_1_238' title='bbox 376 2019 571 2060; x_wconf 88' lang='lat' dir='ltr'>Heirene.</span> <span class='ocrx_word' id='word_1_239' title='bbox 641 2032 748 2072; x_wconf 86' lang='lat' dir='ltr'>quae</span> <span class='ocrx_word' id='word_1_240' title='bbox 787 2030 883 2056; x_wconf 91' lang='lat' dir='ltr'>cum</span> <span class='ocrx_word' id='word_1_241' title='bbox 922 2015 973 2056; x_wconf 89' lang='lat' dir='ltr'>ad</span> <span class='ocrx_word' id='word_1_242' title='bbox 1013 2016 1250 2057; x_wconf 88' lang='lat' dir='ltr'>oratorium</span> <span class='ocrx_word' id='word_1_243' title='bbox 1290 2016 1331 2055; x_wconf 89' lang='lat' dir='ltr'>S.</span> <span class='ocrx_word' id='word_1_244' title='bbox 1369 2014 1569 2068; x_wconf 86' lang='lat' dir='ltr'>Stephani</span> 
     </span>
     <span class='ocr_line' id='line_1_32' title="bbox 101 2072 1570 2129; baseline -0.003 -14"><span class='ocrx_word' id='word_1_245' title='bbox 101 2076 226 2116; x_wconf 88' lang='lat' dir='ltr'>situm</span> <span class='ocrx_word' id='word_1_246' title='bbox 257 2075 298 2114; x_wconf 91' lang='lat' dir='ltr'>in</span> <span class='ocrx_word' id='word_1_247' title='bbox 329 2075 506 2129; x_wconf 87' lang='lat' dir='ltr'>Daphne</span> <span class='ocrx_word' id='word_1_248' title='bbox 553 2073 744 2125; x_wconf 86' lang='lat' dir='ltr'>abiisset,</span> <span class='ocrx_word' id='word_1_249' title='bbox 776 2072 938 2127; x_wconf 89' lang='lat' dir='ltr'>accepit</span> <span class='ocrx_word' id='word_1_250' title='bbox 983 2074 1224 2127; x_wconf 82' lang='lat' dir='ltr'>nuptiarum</span> <span class='ocrx_word' id='word_1_251' title='bbox 1255 2086 1456 2112; x_wconf 88' lang='lat' dir='ltr'>coronam</span> <span class='ocrx_word' id='word_1_252' title='bbox 1489 2085 1570 2110; x_wconf 88' lang='lat' dir='ltr'>una</span> 
     </span>
     <span class='ocr_line' id='line_1_33' title="bbox 104 2128 1568 2184; baseline -0.003 -13"><span class='ocrx_word' id='word_1_253' title='bbox 104 2146 201 2172; x_wconf 91' lang='lat' dir='ltr'>cum</span> <span class='ocrx_word' id='word_1_254' title='bbox 231 2131 316 2171; x_wconf 85' lang='lat' dir='ltr'>filio</span> <span class='ocrx_word' id='word_1_255' title='bbox 351 2130 634 2181; x_wconf 83' lang='lat' dir='ltr'>Constantini,</span> <span class='ocrx_word' id='word_1_256' title='bbox 671 2130 863 2184; x_wconf 87' lang='lat' dir='ltr'>praelato</span> <span class='ocrx_word' id='word_1_257' title='bbox 903 2128 1094 2169; x_wconf 83' lang='lat' dir='ltr'>videlicet</span> <span class='ocrx_word' id='word_1_258' title='bbox 1132 2129 1390 2183; x_wconf 84' lang='lat' dir='ltr'>imperatore</span> <span class='ocrx_word' id='word_1_259' title='bbox 1416 2128 1568 2167; x_wconf 77' lang='lat' dir='ltr'>Leone.</span> 
     </span>
     <span class='ocr_line' id='line_1_34' title="bbox 102 2183 1569 2241; baseline -0.005 -13"><span class='ocrx_word' id='word_1_260' title='bbox 102 2187 187 2228; x_wconf 86' lang='lat' dir='ltr'>hoc</span> <span class='ocrx_word' id='word_1_261' title='bbox 214 2188 338 2228; x_wconf 86' lang='lat' dir='ltr'>etiam</span> <span class='ocrx_word' id='word_1_262' title='bbox 368 2202 476 2227; x_wconf 88' lang='lat' dir='ltr'>anno</span> <span class='ocrx_word' id='word_1_263' title='bbox 505 2187 611 2226; x_wconf 86' lang='lat' dir='ltr'>facta</span> <span class='ocrx_word' id='word_1_264' title='bbox 641 2193 701 2227; x_wconf 89' lang='lat' dir='ltr'>est</span> <span class='ocrx_word' id='word_1_265' title='bbox 718 2185 993 2226; x_wconf 89' lang='lat' dir='ltr'>commutatio</span> <span class='ocrx_word' id='word_1_266' title='bbox 1025 2185 1066 2224; x_wconf 91' lang='lat' dir='ltr'>in</span> <span class='ocrx_word' id='word_1_267' title='bbox 1091 2186 1212 2241; x_wconf 84' lang='lat' dir='ltr'>Syria</span> <span class='ocrx_word' id='word_1_268' title='bbox 1239 2184 1320 2225; x_wconf 88' lang='lat' dir='ltr'>viri</span> <span class='ocrx_word' id='word_1_269' title='bbox 1352 2183 1405 2223; x_wconf 85' lang='lat' dir='ltr'>ad</span> <span class='ocrx_word' id='word_1_270' title='bbox 1433 2184 1569 2222; x_wconf 89' lang='lat' dir='ltr'>virum</span> 
     </span>
     <span class='ocr_line' id='line_1_35' title="bbox 103 2241 1569 2296; baseline -0.006 -10"><span class='ocrx_word' id='word_1_271' title='bbox 103 2251 147 2286; x_wconf 84' lang='lat' dir='ltr'>et</span> <span class='ocrx_word' id='word_1_272' title='bbox 179 2245 356 2285; x_wconf 87' lang='lat' dir='ltr'>feminae</span> <span class='ocrx_word' id='word_1_273' title='bbox 401 2243 453 2283; x_wconf 88' lang='lat' dir='ltr'>ad</span> <span class='ocrx_word' id='word_1_274' title='bbox 496 2243 690 2283; x_wconf 83' lang='lat' dir='ltr'>feminam</span> <span class='ocrx_word' id='word_1_275' title='bbox 731 2249 773 2283; x_wconf 90' lang='lat' dir='ltr'>et</span> <span class='ocrx_word' id='word_1_276' title='bbox 812 2242 934 2296; x_wconf 86' lang='lat' dir='ltr'>pueri</span> <span class='ocrx_word' id='word_1_277' title='bbox 963 2241 1153 2282; x_wconf 91' lang='lat' dir='ltr'>similiter</span> <span class='ocrx_word' id='word_1_278' title='bbox 1198 2241 1249 2281; x_wconf 90' lang='lat' dir='ltr'>ad</span> <span class='ocrx_word' id='word_1_279' title='bbox 1279 2254 1470 2295; x_wconf 89' lang='lat' dir='ltr'>puerum.</span> <span class='ocrx_word' id='word_1_280' title='bbox 1528 2245 1569 2278; x_wconf 87' lang='lat' dir='ltr'>et</span> 
     </span>
     <span class='ocr_line' id='line_1_36' title="bbox 105 2298 1567 2355; baseline -0.005 -15"><span class='ocrx_word' id='word_1_281' title='bbox 105 2299 325 2355; x_wconf 86' lang='lat' dir='ltr'>praecepit</span> <span class='ocrx_word' id='word_1_282' title='bbox 350 2298 522 2340; x_wconf 86' lang='lat' dir='ltr'>Abdelas</span> <span class='ocrx_word' id='word_1_283' title='bbox 545 2298 635 2339; x_wconf 89' lang='lat' dir='ltr'>radi</span> <span class='ocrx_word' id='word_1_284' title='bbox 658 2299 809 2340; x_wconf 85' lang='lat' dir='ltr'>barbas</span> <span class='ocrx_word' id='word_1_285' title='bbox 839 2312 999 2350; x_wconf 88' lang='lat' dir='ltr'>eorum,</span> <span class='ocrx_word' id='word_1_286' title='bbox 1030 2303 1073 2339; x_wconf 91' lang='lat' dir='ltr'>et</span> <span class='ocrx_word' id='word_1_287' title='bbox 1099 2298 1190 2339; x_wconf 86' lang='lat' dir='ltr'>fleri</span> <span class='ocrx_word' id='word_1_288' title='bbox 1209 2298 1463 2338; x_wconf 88' lang='lat' dir='ltr'>calamaucos</span> <span class='ocrx_word' id='word_1_289' title='bbox 1491 2309 1567 2334; x_wconf 89' lang='lat' dir='ltr'>cu-</span> 
     </span>
     <span class='ocr_line' id='line_1_37' title="bbox 103 2355 564 2398; baseline -0.009 0"><span class='ocrx_word' id='word_1_290' title='bbox 103 2356 183 2398; x_wconf 85' lang='lat' dir='ltr'>biti</span> <span class='ocrx_word' id='word_1_291' title='bbox 214 2356 335 2397; x_wconf 90' lang='lat' dir='ltr'>unius</span> <span class='ocrx_word' id='word_1_292' title='bbox 366 2362 408 2397; x_wconf 90' lang='lat' dir='ltr'>et</span> <span class='ocrx_word' id='word_1_293' title='bbox 434 2355 564 2396; x_wconf 88' lang='lat' dir='ltr'>semis.</span> 
     </span>
    </p>
   </div>
   <div class='ocr_carea' id='block_1_6' title="bbox 102 2423 1696 2595">
    <p class='ocr_par' dir='ltr' id='par_1_6' title="bbox 102 2423 1696 2595">
     <span class='ocr_line' id='line_1_38' title="bbox 214 2423 1568 2483; baseline -0.007 -13"><span class='ocrx_word' id='word_1_294' title='bbox 214 2431 335 2470; x_wconf 89' lang='lat' dir='ltr'>Anno</span> <span class='ocrx_word' id='word_1_295' title='bbox 367 2428 533 2483; x_wconf 87' lang='lat' dir='ltr'>imperii</span> <span class='ocrx_word' id='word_1_296' title='bbox 564 2426 826 2468; x_wconf 88' lang='lat' dir='ltr'>Constantini</span> <span class='ocrx_word' id='word_1_297' title='bbox 857 2426 910 2468; x_wconf 88' lang='grc'>30</span> <span class='ocrx_word' id='word_1_298' title='bbox 947 2426 1152 2467; x_wconf 80' lang='lat' dir='ltr'>Adrianus</span> <span class='ocrx_word' id='word_1_299' title='bbox 1178 2425 1283 2467; x_wconf 89' lang='lat' dir='ltr'>sedis</span> <span class='ocrx_word' id='word_1_300' title='bbox 1313 2423 1568 2479; x_wconf 84' lang='lat' dir='ltr'>apostolicae</span> 
     </span>
     <span class='ocr_line' id='line_1_39' title="bbox 102 2483 1568 2540; baseline -0.005 -14"><span class='ocrx_word' id='word_1_301' title='bbox 102 2486 270 2540; x_wconf 84' lang='lat' dir='ltr'>praesul</span> <span class='ocrx_word' id='word_1_302' title='bbox 298 2485 491 2526; x_wconf 89' lang='lat' dir='ltr'>habetur.</span> <span class='ocrx_word' id='word_1_303' title='bbox 522 2484 671 2524; x_wconf 88' lang='lat' dir='ltr'>eodem</span> <span class='ocrx_word' id='word_1_304' title='bbox 700 2497 811 2524; x_wconf 88' lang='lat' dir='ltr'>anno</span> <span class='ocrx_word' id='word_1_305' title='bbox 843 2483 977 2524; x_wconf 86' lang='lat' dir='ltr'>movit</span> <span class='ocrx_word' id='word_1_306' title='bbox 1006 2483 1232 2524; x_wconf 86' lang='lat' dir='ltr'>exercitum</span> <span class='ocrx_word' id='word_1_307' title='bbox 1251 2483 1430 2521; x_wconf 84' lang='lat' dir='ltr'>Banacas</span> <span class='ocrx_word' id='word_1_308' title='bbox 1461 2493 1568 2519; x_wconf 92' lang='lat' dir='ltr'>con-</span> 
     </span>
     <span class='ocr_line' id='line_1_40' title="bbox 102 2537 1696 2595; baseline -0.005 -14"><span class='ocrx_word' id='word_1_309' title='bbox 102 2548 171 2585; x_wconf 84' lang='lat' dir='ltr'>tra</span> <span class='ocrx_word' id='word_1_310' title='bbox 196 2542 457 2594; x_wconf 84' lang='lat' dir='ltr'>Romaniam,</span> <span class='ocrx_word' id='word_1_311' title='bbox 492 2547 534 2582; x_wconf 88' lang='lat' dir='ltr'>et</span> <span class='ocrx_word' id='word_1_312' title='bbox 562 2540 714 2581; x_wconf 89' lang='lat' dir='ltr'>multos</span> <span class='ocrx_word' id='word_1_313' title='bbox 741 2540 929 2595; x_wconf 88' lang='lat' dir='ltr'>captivos</span> <span class='ocrx_word' id='word_1_314' title='bbox 959 2539 1140 2591; x_wconf 85' lang='lat' dir='ltr'>abduxit,</span> <span class='ocrx_word' id='word_1_315' title='bbox 1172 2546 1213 2580; x_wconf 87' lang='lat' dir='ltr'>et</span> <span class='ocrx_word' id='word_1_316' title='bbox 1233 2537 1406 2579; x_wconf 86' lang='lat' dir='ltr'>Romani</span> <span class='ocrx_word' id='word_1_317' title='bbox 1434 2550 1565 2591; x_wconf 88' lang='lat' dir='ltr'>quar-</span> <span class='ocrx_word' id='word_1_318' title='bbox 1578 2548 1696 2595; x_wconf 76' lang='lat' dir='ltr'>p,538</span> 
     </span>
    </p>
   </div>
   <div class='ocr_carea' id='block_1_7' title="bbox 152 2691 1566 2746">
    <p class='ocr_par' dir='ltr' id='par_1_7' title="bbox 152 2691 1566 2746">
     <span class='ocr_line' id='line_1_41' title="bbox 152 2691 1566 2746; baseline -0.006 -14"><span class='ocrx_word' id='word_1_319' title='bbox 152 2701 185 2746; x_wconf 63' lang='grc'>*)</span> <span class='ocrx_word' id='word_1_320' title='bbox 210 2698 377 2742; x_wconf 85' lang='lat' dir='ltr'>trimisia]</span> <span class='ocrx_word' id='word_1_321' title='bbox 403 2699 525 2732; x_wconf 83' lang='lat' dir='ltr'>Anast.</span> <span class='ocrx_word' id='word_1_322' title='bbox 561 2697 599 2731; x_wconf 88' lang='lat' dir='ltr'>in</span> <span class='ocrx_word' id='word_1_323' title='bbox 641 2697 753 2730; x_wconf 83' lang='lat' dir='ltr'>exilio</span> <span class='ocrx_word' id='word_1_324' title='bbox 781 2697 815 2732; x_wconf 91' lang='lat' dir='ltr'>S.</span> <span class='ocrx_word' id='word_1_325' title='bbox 843 2696 969 2730; x_wconf 75' lang='lat' dir='ltr'>Mart-2</span> <span class='ocrx_word' id='word_1_326' title='bbox 1005 2707 1118 2742; x_wconf 86' lang='lat' dir='ltr'>usque</span> <span class='ocrx_word' id='word_1_327' title='bbox 1158 2693 1203 2727; x_wconf 83' lang='lat' dir='ltr'>ad</span> <span class='ocrx_word' id='word_1_328' title='bbox 1230 2703 1340 2726; x_wconf 84' lang='lat' dir='ltr'>unum</span> <span class='ocrx_word' id='word_1_329' title='bbox 1378 2691 1566 2725; x_wconf 83' lang='lat' dir='ltr'>trimisium</span> 
     </span>
    </p>
   </div>
   <div class='ocr_carea' id='block_1_8' title="bbox 196 2739 1563 2827">
    <p class='ocr_par' dir='ltr' id='par_1_8' title="bbox 196 2739 1563 2827">
     <span class='ocr_line' id='line_1_42' title="bbox 199 2739 1563 2827; baseline -0.005 -49"><span class='ocrx_word' id='word_1_330' title='bbox 199 2745 548 2827; x_wconf 52' lang='lat' dir='ltr'>frfli-iemumppomi</span> <span class='ocrx_word' id='word_1_331' title='bbox 574 2755 793 2792; x_wconf 82' lang='lat' dir='ltr'>comparare.</span> <span class='ocrx_word' id='word_1_332' title='bbox 818 2755 850 2781; x_wconf 84' lang='lat' dir='ltr'>v.</span> <span class='ocrx_word' id='word_1_333' title='bbox 876 2745 1046 2790; x_wconf 83' lang='lat' dir='ltr'>Scaliger.</span> <span class='ocrx_word' id='word_1_334' title='bbox 1073 2743 1118 2777; x_wconf 85' lang='lat' dir='ltr'>de</span> <span class='ocrx_word' id='word_1_335' title='bbox 1147 2753 1184 2775; x_wconf 87' lang='lat' dir='ltr'>re</span> <span class='ocrx_word' id='word_1_336' title='bbox 1209 2751 1341 2774; x_wconf 81' lang='lat' dir='ltr'>numm.</span> <span class='ocrx_word' id='word_1_337' title='bbox 1369 2745 1405 2774; x_wconf 85' lang='lat' dir='ltr'>et</span> <span class='ocrx_word' id='word_1_338' title='bbox 1416 2739 1563 2774; x_wconf 76' lang='lat' dir='ltr'>Salinas.</span> 
     </span>
     <span class='ocr_line' id='line_1_43' title="bbox 196 2796 530 2826; baseline -0.003 0"><span class='ocrx_word' id='word_1_339' title='bbox 196 2805 230 2826; x_wconf 75' lang='lat' dir='ltr'>a(</span> <span class='ocrx_word' id='word_1_340' title='bbox 303 2818 310 2825; x_wconf 90' lang='lat'>.</span> <span class='ocrx_word' id='word_1_341' title='bbox 338 2796 377 2826; x_wconf 79' lang='lat' dir='ltr'>A.</span> <span class='ocrx_word' id='word_1_342' title='bbox 455 2805 530 2826; x_wconf 74' lang='lat' dir='ltr'>Aua.</span> 
     </span>
    </p>
   </div>
   <div class='ocr_carea' id='block_1_9' title="bbox 235 2862 1297 2915">
    <p class='ocr_par' dir='ltr' id='par_1_9' title="bbox 235 2862 1297 2915">
     <span class='ocr_line' id='line_1_44' title="bbox 235 2862 1297 2915; baseline -0.007 -12"><span class='ocrx_word' id='word_1_343' title='bbox 235 2868 474 2915; x_wconf 74' lang='grc' dir='ltr'>ῚῚιεορῘιαηεε</span> <span class='ocrx_word' id='word_1_344' title='bbox 499 2869 548 2903; x_wconf 87' lang='lat'>11.</span> <span class='ocrx_word' id='word_1_345' title='bbox 1253 2862 1297 2897; x_wconf 87' lang='lat'>16</span> 
     </span>
    </p>
   </div>
  </div>
 </body>
</html>
