1728 3184
196 178 294 225 390
683 181 739 224 m
775 182 1152 225 THEOPHANEM

194 299 276 338 tale
307 297 383 338 sibi
417 303 605 338 reservat
642 313 805 338 munus.
878 298 979 338 haec
1009 297 1155 339 eadem
1183 290 1443 336 adverbum
1471 290 1674 336 Theodo-

193 369 264 395 rus
297 356 446 394 lector.
505 355 628 409 plura
653 355 845 396 Morinus
874 354 945 395 lib.
971 350 1000 394 4
1042 354 1093 394 de
1127 353 1234 393 adm.
1275 353 1437 407 poenit.
1470 366 1592 407 capp.
1627 353 1677 393 12

192 417 234 452 et
268 410 334 451 14.

308 481 402 535 176,
451 482 514 527 13.
594 479 825 532 Ἰουλιανός
866 483 914 524 δέ
953 498 1017 531 τις
1053 483 1310 531 ἐπίσκοπος]
1353 479 1568 523 ordinatio
1609 488 1676 523 ta-

190 558 286 583 men
320 541 467 582 Iuliani
510 541 553 580 in
585 557 740 581 annum
769 556 901 596 usque
943 541 1140 596 quintum
1185 539 1345 580 differri
1378 554 1473 594 pag.
1503 554 1679 596 sequens

194 600 332 640 docet.

303 666 411 708 Ibid.
451 663 515 706 19.
574 661 861 719 τετράγωνον]
906 665 1084 706 observa
1126 661 1409 715 τετράστωον,
1451 665 1515 703 vel
1554 664 1680 715 τέρας

189 719 235 764 τὸ
272 717 321 763 ὃν
363 722 462 763 alias
490 722 583 778 legi.
652 722 892 764 Mixandum
924 737 1029 777 opus
1068 721 1303 776 porticibus
1341 727 1548 776 quattuor
1587 721 1680 761 cir-

191 779 449 820 cumdatum.

307 858 400 910 177,
429 857 473 899 3.
532 854 698 909 Δανιὴλ
738 872 758 898 o
799 855 1016 912 Στυλίτης]
1064 856 1179 897 cuius
1219 856 1351 896 vitam
1391 855 1518 898 habes
1567 857 1680 913 apud

191 917 365 957 Surium
397 919 445 959 11
492 914 714 955 Decembr.
753 913 937 968 Anaplus
998 927 1135 968 porro
1180 913 1332 953 ostium
1372 913 1581 968 Bosphori
1620 922 1681 956 est

193 974 244 1014 ad
290 972 464 1013 Galatae
493 971 614 1011 latus.
671 971 816 1025 potuit
866 976 1005 1010 autem
1049 971 1291 1010 columnam
1331 969 1415 1011 hoc
1452 986 1561 1010 anno
1593 973 1680 1011 Da-

189 1030 270 1070 niel
313 1028 620 1078 conscendere,
673 1043 696 1066 a
739 1027 949 1083 Symeone
992 1026 1142 1083 Stylita
1197 1042 1308 1070 anno
1343 1031 1594 1081 superiore,
1633 1035 1681 1069 ut

190 1086 425 1127 chronicon
470 1083 801 1125 Alexandrinum
847 1089 1048 1135 testatur,
1095 1083 1310 1135 defuncto,
1339 1083 1536 1125 monitus.

301 1154 412 1196 lbzd.
444 1151 485 1194 4.
543 1150 737 1205 Ἰωάννης
768 1151 816 1192 δὲ
845 1148 1067 1206 ὑπατικός]
1100 1153 1273 1193 loannes
1305 1153 1382 1194 iste
1411 1153 1681 1194 vincomalus

189 1225 234 1249 ex
269 1211 382 1251 fastis
414 1209 705 1250 consularibus
750 1224 861 1248 anno
892 1208 1098 1250 Marciani
1135 1216 1289 1265 quarto
1316 1211 1444 1251 fasces
1479 1211 1681 1252 obtinuit.

191 1262 474 1307 υποτακτικόν
500 1266 625 1339 ponit
646 1266 723 1306 alia
755 1266 894 1306 lectio.

302 1335 414 1376 Ibid.
443 1333 484 1374 8.
537 1328 809 1388 ω’ψικεύετο]
850 1333 990 1385 servi,
1041 1332 1186 1384 amici,
1231 1333 1428 1385 clientes,
1468 1335 1678 1388 satellites,

189 1387 378 1443 ὄψικιόυ,
409 1391 613 1446 obsequii,
631 1391 716 1432 sive
744 1391 1091 1446 obsequiorum„
1068 1396 1222 1431 <rerunt
1238 1405 1415 1431 nomen.
1445 1391 1544 1433 hinc
1574 1392 1681 1433 isto..

190 1463 286 1489 rum
314 1463 435 1488 more
477 1448 669 1500 anteire,
700 1448 922 1496 comitali,
952 1447 1070 1502 sequi
1113 1441 1347 1499 ὄψικευειν,
1377 1447 1535 1491 dicitur
1568 1450 1682 1505 apud

189 1505 434 1556 Meursium,
466 1504 710 1556 Lacerdam,
743 1510 786 1545 et
817 1478 1024 1559 eucliolog
1012 1520 1082 1544 ia.

303 1584 412 1627 Ibzssd
433 1588 496 1628 11.
542 1576 757 1636 ’Ἀνθιμος
774 1599 845 1623 και
871 1583 1096 1639 Τιμοκλῆς]
1125 1579 1165 1624 οἳ
1186 1584 1269 1624 τῶν
1291 1584 1538 1637 τροπαρίων
1553 1599 1679 1639 ποιη-

188 1642 288 1695 ταί,
319 1640 436 1681 addit
466 1641 719 1682 Theodorus
751 1639 889 1681 lector
919 1641 989 1681 lib.
1024 1643 1044 1683 1
1080 1654 1189 1681 κατα
1233 1640 1448 1708 φρατρίας
1476 1640 1682 1707 διῃοὲθη-

188 1712 286 1738 σαν.
347 1695 442 1737 ἀλλ’
474 1692 570 1738 ὅσοι
606 1697 686 1748 μὲν
717 1693 892 1762 ἔχαιοον
931 1697 986 1762 τῇ
1012 1695 1057 1736 ἐν
1087 1694 1336 1763 Χαλκηδόνι
1367 1684 1536 1765 συνόδῳ
1564 1695 1683 1751 παρὰ

188 1754 248 1811 *τῶ
274 1753 466 1819 Ἀνθᾲιω
495 1750 741 1822 συνήγοντο.
776 1750 908 1801 αὐτὸς
921 1751 1020 1819 γάρ
1055 1767 1125 1792 και
1155 1751 1232 1802 τοὶς
1261 1753 1519 1805 ταννυχάῖας
1549 1769 1684 1805 παρε-

189 1794 373 1851 σκεύασε
401 1812 612 1863 γίνεσθαι.
644 1805 738 1850 ὅσοι
769 1810 817 1850 δὲ
847 1806 1003 1863 ταύτης
1032 1809 1199 1862 ἐχθροί,
1230 1810 1290 1866 τῷ
1319 1811 1526 1861 Τιμοκλεῖ
1548 1824 1683 1862 ποοσ-

190 1868 364 1907 sicano.
431 1867 651 1907 Anelzimus
692 1877 731 1907 et
777 1868 977 1908 Timooles
1016 1868 1375 1907 ecclesiasticorum
1424 1868 1684 1907 modulorum

191 1934 378 1964 auctores
402 1939 482 1979 per
495 1925 711 1976 factiones
739 1925 949 1981 oppositas
988 1924 1186 1964 dasiuncn·
1208 1933 1312 1963 sunt.
1370 1938 1465 1962 nam
1493 1934 1689 1980 quotquot

193 1980 513 2021 Chalcedonensi
522 1982 749 2035 faverunt,
778 1981 847 2020 illi
871 1982 1072 2022 Antlumo
1103 1980 1537 2036 adhaeserunt.1pse
1564 1996 1686 2020 nam-

191 2051 271 2093 que
300 2046 521 2077 nocturnas
561 2037 729 2090 vigillas
755 2037 869 2093 fieri
896 2037 1117 2077 ordinavit.
1182 2038 1253 2093 qui
1296 2047 1431 2078 autem
1473 2052 1501 2076 a
1529 2038 1684 2089 synodo

191 2094 467 2144 dissidebant,
504 2094 679 2133 Timocli
708 2094 837 2134 iuncti
864 2102 970 2134 sunt.
1034 2094 1330 2148 tropariorum
1372 2093 1581 2134 rationem
1611 2109 1684 2135 ex-

192 2149 409 2205 posuimus
439 2149 491 2189 ad
525 2149 748 2204 eucholog,

305 2222 420 2264 Ibid.
453 2225 518 2267 13.
589 2219 698 2261 κατὰ
742 2218 973 2274 πρεσβείαν
1011 2221 1086 2276 τῆς
1126 2219 1383 2278 συγκλήτου]
1414 2222 1686 2277 Theophanis

194 2280 247 2321 de
278 2280 480 2320 Anthimo
511 2279 598 2320 sive
625 2278 851 2319 Anthemio
881 2279 956 2319 sub
999 2294 1156 2319 annum
1185 2280 1335 2320 Leonis
1367 2286 1566 2320 octavum
1595 2281 1685 2321 Ro-

192 2351 304 2377 mam
333 2351 429 2377 cum
459 2336 736 2390 imperatoria
776 2342 986 2390 potestate
1025 2336 1148 2376 misso
1183 2335 1404 2387 sententia,
1437 2336 1558 2377 Idatii
1589 2352 1686 2377 ver-

192 2394 257 2434 bis
287 2400 330 2434 et
359 2394 617 2434 auctoritate
650 2393 839 2437 fulcitur.
909 2392 1130 2433 historiam
1175 2394 1303 2434 habet
1331 2393 1538 2448 Euagrius
1569 2394 1680 2433 libro

195 2450 221 2490 2
253 2451 392 2505 capite
428 2452 492 2494 16.
552 2449 622 2489 alii
656 2449 698 2489 in
728 2450 854 2489 alium
883 2465 1040 2490 annum
1079 2450 1290 2502 reiiciunt,
1323 2450 1436 2491 inter
1466 2463 1571 2505 quos
1600 2451 1686 2491 Pe·-

194 2507 329 2548 tavius
361 2507 484 2549 duces
518 2507 619 2547 alios
648 2512 862 2561 sequutus.

308 2581 419 2622 Ibzd.
451 2583 517 2626 17.
576 2583 752 2634 σημεῖον
783 2577 938 2635 ἐφάνη]
979 2595 1089 2621 anno
1121 2579 1361 2620 succedenti
1383 2580 1568 2649 SIgnum
1576 2579 1687 2620 istud

196 2636 371 2678 ascribit
401 2637 634 2679 chronicon
658 2637 854 2678 Alexand.
886 2637 947 2677 his
977 2638 1128 2678 verbis.
1189 2635 1329 2702 ἐφάνη
1361 2636 1407 2677 ἐν
1437 2651 1495 2692 τω
1516 2634 1689 2704 ουρανῷ

195 2696 373 2745 σημεῖον
414 2694 614 2763 μέγιστον
652 2692 735 2733 α’πό
767 2707 896 2734 τινων
934 2693 1162 2764 λεχὸμενον
1197 2691 1403 2746 σάλπιγξ,
1444 2689 1531 2732 ἀπό
1559 2707 1687 2733 τινων

196 2747 246 2788 dt:
274 2748 460 2803 λογχιάς,
493 2747 575 2791 ἀπὸ
607 2764 733 2790 τινων
763 2750 891 2803 dunig,
923 2748 1062 2804 ἐφάνη
1089 2751 1162 2791 ἐπι
1191 2747 1354 2802 ἡμέρας
1389 2749 1437 2790 δὲ
1466 2748 1594 2797 τινάς.
1623 2765 1686 2789 ιιι-

166 2825 174 2831 ·
193 2820 292 2859 gens
317 2821 360 2847 m
389 2808 502 2848 caelo
526 2807 761 2863 prodigium
777 2809 987 2864 apparun,
1019 2807 1131 2864 quod
1156 2823 1183 2848 a
1211 2807 1448 2862 qmbusdam
1478 2807 1575 2847 tuba
1605 2821 1681 2861 ap-
