1794 3250
588 196 658 237 EX
696 194 1043 237 THEOPHANE.
1452 190 1545 238 271

194 317 314 357 Anno
343 315 510 371 imperii
541 316 605 361 sui
636 323 788 357 octavo
829 315 1090 370 Nicephorus
1130 322 1228 371 post
1268 315 1415 371 impias
1457 315 1682 365 ani-p.755

81 372 387 414 madversiones
416 374 582 414 militias
611 385 786 428 prorsus
834 371 1054 412 humiliare
1085 378 1269 413 tractans
1298 373 1553 413 Christianos

82 430 220 470 exules
259 443 307 470 ex
357 431 472 471 omni
514 430 700 471 themate
742 428 784 468 in
827 428 1080 469 Sclaviniam
1119 429 1211 470 fieri
1242 431 1373 482 iussit,
1404 429 1556 470 borum

82 492 232 533 autem.
261 486 510 527 substantias
548 484 794 527 venundari.
868 491 911 526 et
952 492 1044 526 erat
1074 485 1177 526 haec
1221 500 1286 526 res
1314 486 1557 540 captivitate

84 557 172 583 non
203 541 374 595 minor,
417 543 556 583 multis
587 556 635 584 ex
666 541 847 583 amentia
875 541 1257 596 blasphemantibus
1294 548 1337 583 et
1364 543 1557 582 inimico..

82 614 178 640 rum
212 599 400 640 incursus
441 599 735 654 poscentibus,
765 598 852 639 aliis
889 598 1157 639 nihilominus
1187 600 1300 639 circa
1324 599 1559 653 parentalia

79 656 272 709 sepulcra
316 656 638 697 lamentantibus
677 663 718 696 et
769 655 988 696 defunctos
1027 655 1172 697 beatos
1215 655 1558 696 asseverantibus.

82 712 255 753 fuerunt
281 719 420 753 autem
467 719 510 754 et
539 712 611 768 qui
641 712 869 766 suspendiis
910 712 972 752 usi
1001 718 1111 758 sunt,
1145 717 1192 752 ut
1221 728 1244 752 a
1272 712 1389 751 malis
1416 711 1559 765 eripe-

83 776 249 809 rentur.
309 768 463 810 etenim
508 769 767 819 immobilia,
810 783 918 824 quae
948 768 1140 820 inerant,
1168 768 1247 809 sibi
1278 782 1418 809 secum
1447 769 1560 808 ferre

83 839 168 865 non
201 829 430 879 poterant,
468 831 510 866 et
537 826 823 875 substantiam,
854 840 979 881 quam
1006 840 1053 866 ex
1079 825 1367 880 parentalibus
1395 823 1561 863 dolori-

81 881 158 921 bus
189 881 491 936 possederant,
530 881 741 936 perditam
772 882 1184 936 contemplabantur,
1215 889 1258 923 et
1288 881 1559 935 impossibili-

82 942 143 976 tas
178 938 310 978 omnis
340 952 482 979 omnes
510 938 706 979 babebat.
765 938 869 980 haec
894 939 1065 994 quidem
1094 939 1289 979 inchoata
1315 943 1412 978 sunt
1440 953 1464 977 a
1481 937 1558 978 Se-

82 994 295 1048 ptembrio
324 1010 482 1047 mense,
511 1009 649 1050 porro
690 995 806 1036 circa
857 995 1008 1049 pascha
1046 995 1164 1036 finita
1194 1002 1306 1036 sunt.
1336 994 1560 1036 secundam

85 1064 187 1092 vero
240 1065 337 1092 cum
376 1051 453 1091 hac
500 1052 763 1093 afflictionem
820 1051 1063 1103 admovens,
1112 1052 1292 1093 militare
1341 1052 1560 1106 praecepit

83 1121 236 1162 egenos
265 1115 308 1148 et
334 1109 492 1148 armari
522 1108 719 1150 adversus
750 1109 1050 1160 compatriotas
1068 1139 1080 1159 ‚
1117 1109 1314 1149 conferre
1345 1107 1560 1147 nihilomi-

84 1178 159 1203 nus
193 1164 318 1204 etiam
346 1165 491 1205 decem
523 1171 565 1205 et
609 1172 707 1206 octo
739 1179 787 1205 ac
832 1165 1052 1206 dimidium
1083 1165 1286 1205 numisma
1313 1179 1392 1219 per
1419 1163 1561 1219 singu-

86 1221 145 1259 los
176 1220 302 1271 fisco,
341 1235 426 1260 una
457 1236 554 1261 cum
585 1222 699 1262 omni
727 1222 999 1276 proximitate
1042 1222 1203 1262 tributa
1234 1221 1415 1276 publica.
1474 1227 1560 1262 ter-

84 1277 185 1316 tiam
215 1277 515 1332 maliguitatem
553 1278 733 1319 inferens
776 1279 890 1318 iussit
933 1277 1197 1333 perpendere
1236 1284 1277 1320 et
1307 1277 1450 1333 augeri
1477 1276 1559 1317 ho-
1572 1282 1690 1331 9:156

84 1348 180 1373 rum
210 1334 398 1385 tributa,
430 1339 472 1375 et
513 1340 729 1388 praestare
758 1335 1106 1376 chartiaticorum
1136 1349 1258 1375 causa
1294 1335 1461 1390 siliquas
1490 1333 1559 1373 bi-

86 1405 171 1430 nas.
227 1395 270 1430 et
315 1391 368 1431 ad
409 1398 602 1446 quartam
634 1391 865 1446 nequitiam
899 1406 1014 1432 suam
1057 1391 1214 1433 reditus
1245 1406 1385 1432 omnes
1417 1390 1560 1446 augeri

84 1447 315 1501 praecepit.
377 1449 524 1502 quinta
556 1462 658 1488 vero
686 1449 916 1490 afflictione
948 1449 1062 1489 illata
1094 1464 1115 1488 a
1147 1448 1451 1489 venerabilium
1480 1447 1561 1488 do-

85 1516 254 1543 morum
286 1503 510 1558 inquilinis,
540 1504 897 1559 orphanotrophii
920 1505 1078 1546 scilicet
1111 1512 1153 1546 et
1171 1505 1457 1560 hospitalium,
1489 1518 1562 1560 ge-

86 1559 377 1600 rocomiorum
408 1575 581 1616 quoque
611 1575 659 1601 ac
692 1561 963 1602 ecclesiarum
994 1569 1035 1603 et
1058 1562 1411 1603 monasteriorum
1440 1576 1562 1615 rega-

85 1615 201 1667 lium,
230 1630 311 1671 per
335 1617 517 1672 singulos
545 1618 663 1658 focos
691 1631 836 1658 census
866 1619 970 1673 exigi
1004 1634 1025 1658 a
1043 1619 1184 1673 primo
1214 1619 1448 1674 tyrannidis
1478 1618 1562 1658 eius

86 1687 197 1713 anno
229 1675 460 1729 praecepit.
532 1682 720 1715 ceterum
754 1690 948 1730 quaeque
990 1676 1166 1716 meliora
1200 1682 1321 1716 erant
1349 1675 1392 1715 in
1421 1675 1560 1721 rebus,

86 1729 127 1768 in
158 1730 315 1784 regiam
353 1731 612 1771 curatoriam
658 1730 815 1772 deferri
862 1733 1043 1773 iubebat.
1112 1738 1266 1773 sextam
1296 1745 1563 1772 commovens

84 1787 366 1838 afflictionem,
400 1787 546 1842 inspici
590 1804 612 1827 a
639 1789 907 1842 praetoribus
955 1790 1071 1830 iubet
1096 1803 1166 1830 eos
1197 1789 1270 1845 qui
1299 1803 1347 1829 ex
1377 1802 1564 1843 pauper-

85 1848 173 1882 tate
202 1850 377 1897 repente
411 1844 544 1885 creati
579 1850 725 1898 essent,
756 1853 801 1886 et
831 1846 883 1886 ab
914 1845 975 1887 his
1004 1846 1201 1901 pecunias
1233 1846 1336 1900 exigi
1368 1845 1483 1900 quasi
1512 1844 1563 1883 ab

86 1899 376 1940 inventoribus
408 1901 715 1942 thesaurorum.
745 1902 965 1957 septimam
997 1917 1168 1958 quoque
1196 1902 1462 1943 adinveniens
1494 1914 1564 1941 eos

86 1956 162 2009 qui
192 1962 288 1997 ante
330 1956 383 1998 20
432 1972 561 1998 annos
591 1958 860 2011 invenerant,
907 1967 949 2000 et
980 1974 1110 2015 usque
1135 1959 1273 2000 adhuc
1303 1958 1463 1999 dolium
1492 1963 1566 1997 aut

90 2027 158 2052 vas
189 2012 488 2069 quodcunque,
518 2016 711 2056 omnibus
752 2017 938 2071 propriis
979 2016 1140 2070 privari
1180 2015 1382 2071 pecuniis.
1445 2021 1565 2054 octa-

87 2083 196 2117 vam,
228 2083 298 2109 eos
338 2070 411 2125 qui
453 2086 499 2112 ex
538 2073 622 2112 avis
655 2073 718 2113 vel
757 2073 950 2127 patribus
995 2072 1337 2114 hereditaverant
1366 2077 1408 2113 et
1436 2071 1564 2111 divisa

86 2125 316 2165 substantia
348 2141 552 2182 pauperes
579 2129 679 2169 facti
699 2130 880 2180 fuerant,
913 2144 960 2171 ex
977 2129 1130 2171 eisdem
1158 2131 1273 2170 annis
1291 2129 1343 2170 20
1374 2127 1566 2169 redhibi-

88 2182 247 2221 tionem
274 2183 446 2236 publico
471 2186 678 2239 praebere
709 2186 894 2227 iubebat.
954 2193 996 2227 et
1025 2201 1094 2227 eos
1126 2187 1198 2242 qui
1229 2192 1419 2227 emerant
1449 2190 1563 2225 extra

88 2237 281 2293 Abydum
312 2254 498 2294 corpora
526 2242 705 2292 servilia,
751 2243 847 2283 bina
879 2244 1122 2283 numismata
1154 2244 1194 2283 in
1226 2244 1435 2284 tribulum
1463 2241 1564 2281 dare

88 2295 335 2349 praecepit,
364 2298 541 2338 maxime
579 2299 673 2339 illos
716 2299 789 2354 qui
833 2300 872 2339 in
901 2299 1164 2341 Dodecaniso
1206 2305 1340 2340 erant.
1399 2309 1611 2351 nonam,p·
1634 2297 1701 2333 757

89 2352 321 2404 naucleros,
355 2354 427 2409 qui
450 2354 695 2396 habitabant
723 2356 946 2407 maritima,
977 2364 1018 2397 et
1035 2357 1210 2397 maxime
1239 2355 1413 2395 minoris
1430 2354 1563 2403 Asiae,

90 2422 306 2464 nunquam
332 2416 507 2452 terreno
551 2411 697 2452 labore
726 2413 909 2453 viventes
928 2443 940 2464 ,
974 2428 1113 2454 emere
1142 2413 1194 2453 de
1224 2413 1348 2453 rebus
1378 2424 1486 2465 quae
1513 2410 1564 2450 ab

90 2464 162 2505 illo
194 2466 471 2520 rapiebantur
500 2470 693 2524 cogebat,
723 2475 771 2508 ut
804 2483 971 2525 cunque
1002 2470 1347 2525 appretiarentur
1374 2468 1427 2508 ab
1459 2467 1563 2521 ipso.

90 2520 307 2574 decimam,
334 2523 559 2579 insignibus
588 2525 1010 2580 Constantinopoleos
1043 2526 1261 2566 naucleriis
1281 2523 1462 2564 collectis
1492 2523 1565 2563 de-

91 2577 153 2618 dit
182 2578 236 2619 ad
263 2594 439 2621 usuram
458 2587 659 2638 quattuor
677 2582 923 2637 siliquarum
954 2584 1169 2632 numisma,
1200 2596 1295 2621 cum
1314 2580 1404 2620 auri
1435 2580 1566 2620 libra..

93 2648 187 2675 rum
228 2635 450 2678 duodecim
490 2638 802 2693 persolverent,
843 2639 963 2679 simul
998 2646 1040 2680 et
1068 2643 1265 2680 consueta
1298 2636 1564 2678 commercia.

91 2690 194 2732 haec
222 2707 270 2734 ex
300 2694 439 2735 multis
471 2695 571 2735 mibi
615 2696 850 2736 summatim
878 2711 1010 2750 pauca
1042 2695 1249 2748 descripta
1270 2699 1382 2745 sunt,
1409 2692 1567 2748 signifi-

92 2749 202 2788 canti
224 2751 521 2790 multimodum
544 2752 629 2792 eius
655 2752 707 2792 ad
726 2766 891 2792 omnem
918 2753 1096 2806 speciem
1124 2751 1322 2790 avaritiae
1350 2750 1566 2790 molimen.

95 2818 201 2858 quae
235 2806 347 2847 enim
379 2809 420 2847 iu
449 2809 563 2863 regia
591 2809 700 2850 urbe
739 2809 998 2863 primoribus
1029 2807 1311 2848 mediocribus
1343 2814 1385 2847 et
1414 2806 1568 2862 exiguis
