1768 3268
287 211 383 255 210
505 211 784 255 ANASTASll
827 211 1088 274 HISTORIA
1125 207 1536 255 ECCLESIASTICA

285 329 377 367 viro
417 327 502 368 cius
545 328 626 368 iam
668 343 763 368 cum
793 328 935 382 paucis
976 327 1246 367 familiaribus
1292 323 1373 365 suis
1415 324 1610 378 ingresso,
1669 323 1740 364 ubi

282 399 376 423 cum
393 387 621 424 Germanus
649 399 828 424 summus
849 383 1041 424 sacerdos
1059 381 1358 430 Constantium,
1393 379 1603 435 nequitiae
1629 379 1742 434 ipso-

283 455 376 479 rum
406 445 448 480 et
474 440 639 495 imperii
684 455 984 491 successorem,
1015 439 1272 494 baptizaret,
1307 436 1446 476 dirum
1471 436 1670 491 quiddam
1700 443 1742 477 ct

278 496 482 536 foetidum
516 513 537 536 a
584 499 759 550 parvulo
793 496 899 536 idem
931 495 1221 535 Constantinus
1259 492 1524 547 praesignans
1555 492 1742 533 exhibuit

277 559 579 607 argumentum,
611 567 756 593 cacans
785 553 825 591 in
852 558 994 592 sancto
1028 552 1206 601 lavacro,
1239 555 1286 588 ut
1317 549 1434 588 aiunt
1463 548 1535 603 qui
1565 547 1739 603 diligen-

274 614 340 648 ter
365 609 484 648 huius
515 609 573 648 rei
604 610 702 648 facti
731 614 828 648 sunt
858 608 1123 660 inspectores,
1147 605 1204 644 ita
1234 612 1280 645 ut
1312 607 1543 645 Germanus
1568 605 1740 646 sanctis-

272 664 396 704 simus
425 663 673 719 prophetice
715 664 872 704 diceret
903 665 1092 702 “constat
1130 660 1295 701 maximi
1327 661 1567 701 Christianis
1591 668 1634 702 et
1665 676 1738 702 ec..

271 721 415 760 clesiae
455 721 550 760 mali
587 735 665 774 per
703 735 798 761 eum
842 717 1042 759 efficiendi
1084 717 1166 758 hoc
1194 717 1358 772 signum
1396 731 1480 758 esse
1506 718 1736 758 futurum.”

271 777 380 816 hunc
412 777 551 832 itaque
588 775 842 831 baptizatum
873 774 1189 829 provinciarum
1233 780 1359 829 atque
1384 779 1546 814 senatus
1575 774 1737 828 princi-

269 846 340 886 pes
367 839 650 886 susceperunt.
708 838 803 887 post
831 831 970 871 divina
996 845 1094 871 sane
1135 829 1271 870 officia
1301 845 1397 870 cum
1425 829 1598 870 solemni
1629 845 1734 870 rur·—

267 904 332 928 sus
361 889 561 943 obsequio
593 893 772 943 Augusta
800 887 932 927 Maria
963 901 1044 926 una
1077 900 1174 926 cum
1201 886 1415 940 baptizato
1448 885 1534 926 filio
1566 900 1733 927 reversa

268 952 340 993 est,
375 944 578 984 donativis
610 944 787 998 erogatis
817 943 867 983 ab
901 942 1070 983 ecclesia
1101 957 1233 997 usque
1264 941 1316 982 ad
1346 956 1515 983 aeneam
1546 949 1733 997 portam.

267 1000 415 1041 eodem
461 1001 585 1040 etiam
629 1014 736 1040 anno
774 999 932 1040 Nicetas
974 998 1180 1054 Xylinites
1219 998 1369 1039 scribit
1409 997 1461 1038 ad
1501 999 1734 1039 Artemium

138 1065 254 1111 p.616
266 1056 577 1097 Thessalonicae
620 1062 879 1107 morantem,
921 1069 1006 1110 quo
1037 1061 1237 1109 pergeret
1266 1055 1318 1096 ad
1345 1055 1557 1107 Terbelin,
1590 1056 1734 1110 quati-

266 1127 339 1153 nus
365 1127 459 1152 cum
489 1112 637 1152 auxilio
668 1112 894 1167 Vulgarico
925 1116 1075 1152 contra
1102 1113 1285 1152 Leonem
1315 1111 1491 1152 veniret.
1549 1112 1620 1166 qui
1651 1113 1733 1152 ob-

264 1168 428 1210 audiens
458 1169 509 1209 ad
520 1168 712 1210 Terbelin
740 1169 854 1219 abiit,
885 1174 927 1209 et
954 1167 1027 1207 dat
1049 1168 1086 1208 ei
1117 1167 1360 1217 exercitum,
1381 1174 1424 1208 et
1445 1167 1517 1208 dat
1545 1168 1582 1208 ei
1608 1168 1733 1224 quin-

263 1226 457 1279 quaginta
504 1225 596 1265 auri
633 1225 889 1273 centenaria3
930 1230 972 1265 et
1002 1223 1063 1264 his
1111 1224 1289 1278 receptis
1321 1223 1764 1282 Constantinopolim!

261 1282 376 1321 venit
402 1282 506 1321 urbe
533 1296 628 1322 sane
657 1282 698 1322 id
725 1282 894 1322 minime
933 1280 1194 1321 admittente.
1224 1279 1428 1335 Vulgares
1459 1280 1570 1321 hunc
1598 1280 1731 1321 Leoni

261 1337 554 1386 tradiderunt,
600 1345 642 1378 et
671 1338 832 1379 liberali
873 1337 1075 1378 honorati
1112 1337 1163 1377 ab
1205 1351 1254 1377 eo
1282 1336 1542 1392 benignitate
1572 1337 1730 1378 reversi

260 1399 366 1433 sunt.
424 1401 485 1434 ast
528 1394 760 1448 imperator
798 1395 909 1434 hunc
951 1408 1048 1434 cum
1086 1393 1275 1449 Xylinite
1313 1392 1518 1447 peremit,
1556 1393 1727 1448 publico

260 1464 428 1505 quoque
458 1451 554 1490 fisco
585 1451 853 1491 substantiam
883 1450 1096 1504 applicans
1130 1449 1340 1505 Xylinitis‚
1370 1449 1443 1504 qui
1472 1463 1568 1489 cum
1596 1449 1730 1505 magi-

259 1512 344 1546 ster
374 1513 490 1558 esset,
520 1508 787 1548 substantiam
817 1508 991 1548 multam
1020 1505 1275 1560 possederat.
1342 1505 1567 1546 Sisinnium
1595 1506 1734 1560 patri-

259 1563 369 1602 cium
397 1570 673 1618 cognomento
716 1565 970 1614 Redacium‚
1005 1576 1055 1603 eo
1097 1562 1213 1617 quod
1245 1561 1374 1602 fuerit
1401 1576 1496 1602 cum
1526 1563 1730 1614 Artemi'o,

259 1619 460 1673 Vulgares
491 1620 628 1673 capite
662 1622 912 1674 punierunt;
948 1625 990 1660 ct
1022 1619 1388 1672 archiepiscopum
1415 1618 1731 1660 Thessalonicae

259 1675 389 1715 Leoni
420 1675 598 1729 principi
633 1678 913 1727 tradiderunt,
949 1675 1021 1731 qui
1055 1675 1280 1715 decollatus
1311 1681 1371 1715 est
1401 1690 1496 1715 cum
1525 1676 1729 1716 Artemio.

257 1731 445 1771 similiter
485 1738 527 1772 et
561 1733 709 1772 Hisoen
750 1735 976 1788 patricium
1013 1738 1055 1772 et
1084 1733 1279 1772 comitem
1310 1731 1485 1783 Ohsicii,
1515 1738 1558 1772 et
1587 1731 1732 1771 Theo-

259 1788 426 1827 ctistum
454 1789 636 1841 primum
668 1806 689 1829 a
721 1792 903 1837 secretis,
937 1795 979 1830 et
1011 1790 1196 1828 Nicctam
1241 1788 1497 1828 Antliracem
1527 1793 1569 1829 et
1597 1788 1732 1828 comi-

259 1848 342 1883 tem
374 1844 564 1894 Titiehei,
614 1851 658 1885 ut
690 1847 841 1887 amicos
874 1852 916 1887 et
950 1845 1182 1886 concordes
1214 1844 1299 1885 eius
1331 1843 1511 1885 occidit:
1545 1844 1732 1899 reliquos

261 1906 399 1938 autem
428 1901 621 1941 mutilatis
665 1904 831 1944 naribus
870 1902 1185 1959 proscriptione
1229 1900 1446 1941 damnatos
1493 1901 1536 1941 in
1566 1902 1732 1943 exilium

260 1956 386 1995 misit.

368 2028 511 2068 Mundi
545 2045 652 2070 anno
684 2030 807 2081 6212,
840 2032 1004 2072 divinae
1023 2030 1322 2071 incarnationis
1354 2045 1463 2069 anno
1495 2030 1589 2080 712,
1620 2044 1728 2070 anno

260 2098 362 2124 vero
393 2084 555 2138 imperii
586 2087 735 2126 Leonis
768 2094 921 2142 quarto
951 2087 1073 2127 Hizid
1103 2086 1287 2127 Arabum
1322 2085 1403 2125 dux
1436 2085 1628 2137 habetur,
1657 2086 1731 2141 qui

260 2140 315 2180 eis
347 2147 548 2196 quattuor
571 2138 755 2195 praefuit
784 2144 912 2187 annis.
971 2144 1120 2184 eodem
1152 2156 1324 2198 quoque
1351 2157 1462 2182 anno
1497 2142 1730 2183 indictione

259 2197 396 2247 tertia,
431 2196 495 2236 die
526 2199 715 2252 paschae,
745 2206 972 2240 coronatus
998 2207 1057 2240 est
1085 2198 1379 2239 Constantinus
1410 2214 1431 2237 a
1452 2200 1591 2240 Leone
1607 2205 1730 2253 patre

259 2268 332 2292 suo
365 2254 404 2293 in
434 2255 662 2295 tribunalio
684 2255 825 2295 decem
855 2264 896 2297 et
924 2270 1074 2296 novem
1106 2256 1386 2302 accubituum,
1418 2256 1629 2295 Germano
1650 2270 1730 2309 pa-

259 2309 442 2350 triarcha
471 2311 646 2352 faciente
674 2312 881 2352 orationes
908 2312 1137 2353 secundum
1156 2326 1331 2352 morem.
1363 2311 1445 2351 hoc
1469 2311 1593 2352 etiam
1617 2325 1726 2351 anno

129 2381 162 2415 p.
179 2370 245 2405 617
262 2372 448 2406 mortuus
480 2374 538 2407 est
569 2369 774 2407 Humarus
810 2368 888 2408 dux
920 2370 1120 2418 Arabum,
1144 2376 1184 2409 et
1216 2368 1356 2408 oritur
1386 2368 1428 2407 in
1455 2368 1629 2408 Perside
1657 2374 1728 2424 ty-

264 2424 410 2463 rannus
429 2453 439 2469 ‚
478 2431 519 2463 et
550 2424 635 2478 ipse
662 2424 831 2464 'nominc
869 2425 987 2464 Hizid
1015 2425 1223 2473 Moalabe,
1252 2430 1293 2464 et
1322 2425 1518 2466 abierunt
1550 2439 1645 2465 cum
1675 2437 1726 2464 eo

261 2492 306 2517 cx
336 2478 503 2519 Perside
532 2480 670 2519 multi.
745 2481 864 2520 misso
894 2487 1032 2521 autem
1070 2480 1190 2521 Hizid
1217 2481 1411 2521 Masalma
1442 2480 1600 2522 occidit
1630 2495 1727 2522 eum

260 2540 302 2573 et
332 2535 542 2575 Persidem
567 2535 762 2576 subdidit.

371 2620 488 2658 Anno
530 2619 695 2673 imperii
736 2620 885 2659 Leonis
934 2621 1083 2675 quinto
1126 2624 1324 2676 apparuit
1373 2621 1543 2676 quidam
1579 2620 1724 2677 Syrius

258 2673 592 2726 pseudochristus
621 2683 662 2716 et
690 2676 851 2716 seduxit
866 2677 1119 2730 Baebi-aeos,
1150 2678 1287 2718 dicens
1315 2694 1357 2719 se
1383 2678 1609 2719 Christum.

371 2757 489 2796 Anno
523 2759 688 2813 imperii
718 2759 781 2800 sui
813 2766 926 2801 sexto
955 2762 1040 2801 Leo
1073 2763 1212 2817 coegit
1241 2763 1450 2802 Hebraeos
1479 2767 1522 2802 et
1551 2763 1722 2802 Monta-

258 2826 332 2854 nos
360 2813 573 2868 baptizari.
644 2822 685 2856 at
728 2830 831 2857 vero
880 2817 1021 2858 Iudaei
1051 2824 1198 2858 contra
1224 2819 1492 2874 propositum
1521 2815 1721 2872 baptizati
