1728 3184
221 175 313 221 512
655 225 657 227 ,
721 180 775 222 IN
816 179 1188 223 THEOPHANEM

330 293 425 347 568,
454 294 494 335 6.
551 292 622 336 διὰ
663 295 741 337 τοῦ
780 297 1069 349 μονοτείχους]
1111 295 1289 336 miscella
1328 309 1407 351 per
1445 297 1688 352 ungularem

218 366 391 392 murum.
454 367 500 392 ea
535 351 733 394 nimirum
770 361 895 407 parte
937 369 1018 408 qua
1054 367 1137 393 uno
1168 358 1331 392 tantum
1359 367 1484 393 muro
1513 354 1609 393 urbs
1637 355 1692 395 ad

217 409 471 449 Blachernas
499 409 694 464 cingitur.
752 411 863 450 muri
896 411 1007 450 enim
1035 409 1215 449 circuitu
1240 409 1363 448 maris
1395 416 1582 449 vacantes
1613 411 1691 450 du..

220 465 347 519 plices
383 471 492 506 sunt.
550 466 709 521 Gyilius
746 467 1013 521 topogr.CP.
1056 466 1162 506 1il›.1
1196 480 1285 520 cap.
1319 464 1393 517 19,
1423 471 1465 506 et
1506 467 1693 508 Cavanus

221 522 492 576 Acropolitae
524 521 741 563 adiunctus
770 522 820 563 de
865 523 1081 564 obsidione
1116 522 1196 563 CP.

330 595 437 636 [land
468 594 506 635 7.
573 592 654 635 ὑπὸ
685 595 894 644 ἐξωτικῶν
923 591 1153 648 οἷοχόιτων]
1189 596 1384 646 Zonaras,
1416 590 1692 647 ἑπαρχεωτας

220 664 430 703 αρχοντας
460 659 602 692 vocat.
634 652 704 707 qui
735 654 930 692 niminum
961 659 1074 692 ext1a
1107 653 1286 692 uibom'
1277 668 1317 692 m
1349 653 1578 706 provinciis
1601 668 1693 692 mu-

221 722 322 748 nera
350 723 422 748 sua
456 709 642 759 obibamnt
676 709 728 748 ab
760 709 928 748 tubanis
947 709 1251 764 magistratibus
1278 708 1487 749 distincti:
1518 709 1582 749 vel
1614 723 1694 763 po-

221 764 302 804 tius
332 764 404 820 qui
431 779 478 805 ex
507 765 738 820 peregrinis
774 741 1038 819 iegionibusD
1048 766 1292 819 imperatori
1315 767 1549 816 militantes,
1589 780 1695 820 qua-

225 821 279 862 ies
309 822 569 876 principibus
585 797 844 862 ΟΙιιίεἲίιιιιίεἶἹ
847 823 1041 870 Helvetii,
1076 823 1125 862 ab
1147 837 1197 862 eo
1229 829 1481 869 castrorum,
1512 822 1694 872 uxbium,

222 877 382 932 palatii,
412 880 520 919 sacri
554 879 677 920 etiam
708 879 888 918 cubiculi
931 878 1163 919 custodiam
1194 879 1272 918 sibi
1306 878 1596 919 demandatam
1626 893 1696 918 ac-

223 935 458 988 cipiebant:
493 936 574 976 hoc
615 941 740 989 pacto
770 936 980 989 Bai-angos
997 935 1161 990 Anglos,
1192 941 1234 975 et
1252 935 1519 976 Bardariotas
1549 936 1696 975 Persas

222 1005 297 1031 suo
339 997 532 1046 tempore
572 992 622 1032 ab
658 993 785 1047 impp.
829 991 1063 1034 honoratos
1107 992 1269 1033 Nicetas
1313 999 1355 1033 et
1397 991 1579 1033 Codinus
1625 1006 1696 1032 re.-

225 1048 380 1091 ferunt.

338 1121 446 1163 Ihid.
480 1120 544 1164 13.
611 1116 694 1161 vad
741 1119 940 1176 φυλακήν
979 1115 1104 1172 εἶναι]
1147 1117 1378 1176 ἡσυχάζειν
1413 1121 1632 1175 εοιίρεῑῐι
1617 1120 1698 1160 Ni-

226 1177 456 1242 ceph-hoc
488 1185 560 1231 est,
590 1178 829 1233 ἐγκλείστου
874 1177 993 1233 δίκην
1023 1176 1196 1233 διάγειν.
1256 1179 1349 1219 vide
1379 1179 1536 1233 scripta
1568 1177 1697 1233 paulo

225 1249 429 1289 superius,

338 1301 433 1354 570,
465 1301 529 1343 18.
585 1302 743 1358 Σίσιον]
775 1307 955 1343 castrum
988 1302 1157 1343 Ciliciae
1189 1302 1414 1344 GuiIIelmo
1444 1301 1576 1358 Tyrio
1606 1316 1697 1343 me-

227 1364 454 1399 moratum.
486 1359 686 1400 Ortelius.

339 1427 434 1478 571,
466 1427 506 1469 3.
564 1428 624 1475 εἰς
649 1422 695 1467 τὸ
719 1427 887 1481 Δαρᾶς]
919 1426 1194 1480 Nicephorus.
1225 1423 1365 1478 Δόρος
1384 1423 1489 1481 πρὸς
1513 1427 1566 1483 τῇ
1595 1427 1699 1468 Tor-

227 1484 329 1539 θικῇ
357 1485 547 1536 κείμενον
571 1499 711 1538 χωοα.
767 1485 905 1525 Dor-os
925 1486 967 1524 in
1000 1486 1186 1524 Gottlciae
1217 1485 1413 1525 limi'tzbus
1436 1485 1626 1540 postium.

339 1557 445 1598 Ibid.
478 1552 520 1597 4.
592 1572 676 1597 των
707 1555 926 1609 Χαζάρων
966 1551 1169 1613 Χαγάιω]
1216 1557 1353 1608 idem,
1390 1557 1503 1598 αἰτεῖ
1537 1556 1583 1597 δὲ
1614 1571 1700 1597 των

224 1610 443 1665 Χαζάρων
496 1609 697 1666 ἧγεμόνα.
768 1597 999 1666 Xaya'vovg
1041 1613 1087 1653 δὲ
1126 1610 1306 1661 τούτους
1346 1611 1468 1654 αὐτοὶ
1505 1613 1699 1654 καλοῦσι.

223 1671 328 1710 unde
363 1670 594 1711 Claazarum
641 1671 803 1723 (dacem
836 1670 1048 1725 Clzaganos
1077 1671 1167 1710 illos
1197 1672 1449 1726 nuncupant)
1488 1679 1531 1710 ut
1570 1669 1635 1710 ad
1660 1685 1701 1710 se

226 1728 395 1778 veniret,
428 1737 555 1780 rogat.
616 1728 788 1768 Chazari
807 1742 942 1782 porro
965 1728 1169 1766 Tauricae
1201 1726 1460 1778 Chersonesi,
1490 1733 1533 1767 et
1552 1728 1700 1767 Maeo-

226 1783 321 1823 tidis
353 1783 512 1838 paludis
540 1785 674 1825 fauces
699 1785 751 1825 ad
779 1783 1053 1825 Occidentem
1085 1789 1306 1838 occupant.

339 1857 453 1899 Ibid.
484 1857 524 1898 7.
601 1855 918 1913 Φαγανουριάν]
959 1857 1178 1898 Maeotidis
1224 1857 1386 1912 paludis
1439 1856 1700 1899 orientalem

231 1915 456 1969 regionem.

339 1983 451 2024 Ibid.
487 1982 550 2023 15.
608 1980 857 2038 Βοσπόρου]
907 1982 1122 2023 Σκυθικοῦ
1160 1981 1275 2024 addit
1309 1982 1592 2038 Nicephorus,
1627 1983 1700 2038 qui

229 2039 317 2080 aliis
342 2039 602 2080 Cimmerius.

340 2107 451 2151 Ibzd.
488 2106 552 2148 19.
610 2103 757 2164 κόρδα]
786 2106 1046 2162 Nicephorus
1078 2103 1252 2163 ἀγχόνῃ.

342 2181 437 2233 572,
453 2181 490 2225 2.
525 2182 585 2230 εἰς
613 2176 788 2235 στόμην]
818 2182 929 2222 idem
957 2182 1018 2230 εις
1039 2179 1181 2237 Τόμην
1210 2176 1468 2233 καλουμενον
1494 2183 1701 2236 παραθα-

229 2234 404 2279 λάσσιον
436 2237 606 2291 χωοιόν.
683 2239 875 2281 Petavius
908 2239 948 2279 in
993 2240 1111 2280 notis.
1142 2239 1283 2280 reddit
1313 2238 1559 2279 Anastasius
1576 2240 1700 2280 1'2men

228 2295 305 2335 alia
336 2295 474 2349 lectio,
501 2310 545 2336 m
573 2309 700 2335 mare.

342 2369 448 2410 Ibid.
460 2366 498 2410 6.
557 2364 899 2422 Βασβακούριον]
912 2369 1183 2434 Nicephorus
1206 2364 1603 2424 Βαρασβακούριον,
1634 2364 1705 2410 τόν

228 2439 274 2466 τε
301 2423 497 2478 Schmin),
529 2425 599 2482 qui
631 2425 699 2466 hic
725 2422 956 2478 Σαλβανός.

342 2499 450 2540 Ibid.
485 2497 548 2539 10.
617 2498 693 2539 τοῦ
720 2496 943 2553 Δάναπρι,
976 2499 1049 2540 καί
1089 2499 1166 2540 τοῦ
1199 2495 1444 2550 Admotae]
1489 2497 1541 2538 de
1568 2496 1704 2539 fluviis

230 2555 339 2597 hisce
369 2556 537 2597 consule
567 2555 728 2596 Petavii
759 2561 876 2596 notas
907 2556 947 2595 in
979 2555 1265 2611 Nicephorum
1297 2570 1391 2610 pag.
1425 2553 1492 2594 77.

344 2627 438 2679 573,
470 2629 508 2669 7.
542 2642 603 2677 εις
631 2624 707 2683 τὴν
736 2626 934 2681 Χαοσιόυ
966 2625 1142 2684 πόρταν]
1173 2630 1280 2683 Egri
1308 2629 1410 2684 Capi
1440 2632 1594 2668 vocant
1624 2626 1706 2667 ho-

231 2684 298 2724 die
326 2686 504 2737 Turcae,
536 2685 578 2725 id
607 2692 679 2740 est,
709 2686 941 2740 obliquam,
980 2693 1026 2726 ut
1060 2701 1205 2740 reapse
1236 2685 1395 2725 aditum
1422 2684 1589 2725 exhibet
1617 2684 1704 2723 sin·

232 2756 390 2782 nosum.
422 2743 529 2797 orig.
562 2743 641 2783 CP.
700 2741 745 2783 ἐκ
774 2742 849 2782 τοῦ
863 2742 1062 2794 Χαροιόυ
1093 2739 1417 2795 δευτερεύοντος
1444 2740 1603 2794 μέρους
1619 2741 1706 2780 Βε-

231 2798 371 2853 νέτων,
391 2813 422 2841 a
453 2800 621 2841 Char-sio
649 2799 852 2841 secundae
869 2799 1114 2842 Venetorum
1126 2800 1333 2852 sactionzs
1358 2799 1518 2839 tnbuno
1552 2796 1705 2838 dictam
