1728 3184
708 166 910 210 NOTAE.
1415 170 1510 217 527

53 269 158 313 ctus,
188 271 350 307 mutato
383 269 563 319 nomino,
593 270 740 310 Conon
772 272 905 323 latuit,
933 273 1002 314 sed
1033 290 1128 317 vera
1154 277 1255 328 fera,
1281 278 1368 318 Leo
1397 284 1512 333 post-

53 320 225 362 modum
250 323 461 378 apparuit.
529 325 703 366 nominis
738 326 921 383 fideique
956 329 1144 372 desertor
1179 334 1264 375 Leo
1294 335 1510 375 Cononem

6 390 13 396 ·
53 379 234 419 aiterum
260 385 388 420 status
416 381 678 423 ecclesiastici
712 397 1020 437 praecessorem
1049 395 1277 443 apostatam
1304 391 1506 433 imitatur:

54 434 107 476 de
132 449 219 490 qno
246 435 302 477 ad
331 451 488 478 annum
516 439 717 480 Anastasii
743 439 769 480 2
797 454 890 496 pag.
922 444 1017 487 118.

51 569 63 579 .
162 511 259 564 627,
297 513 340 556 9.
366 571 375 581 ι
404 513 540 558 αὐτοῦ
580 518 819 574 συνθηκῶν]
856 519 1055 575 leguntur
1081 522 1189 577 apud
1218 525 1424 567 Codinum
1456 529 1508 571 de

50 582 149 626 unp.
181 578 472 614 eoronanoue.

158 647 257 703 628,
285 647 329 692 4.
387 650 568 703 διΐπηιν]
595 652 786 708 bigarum
805 655 847 695 in
874 655 988 696 circo
1018 655 1208 701 stadium.

157 721 306 778 629,1.
361 724 435 778 τῆς
462 725 679 778 πολιτικῆς
703 723 779 768 καὶ
794 724 1135 783 ἐκκλησιαστικῆς
1160 728 1349 784 ὑπακοῆς
1366 733 1503 774 Λέον-

45 784 136 829 τος]
163 780 308 836 quod,
339 787 388 821 ut
424 780 647 822 Christiani
692 784 903 838 principes
945 786 1107 838 soient,
1133 785 1187 826 ad
1216 787 1437 840 imperium
1464 797 1505 830 et

45 835 292 891 dignitatem
331 838 562 891 spectantia
603 839 783 894 plurima
828 841 870 880 in
915 842 1109 882 subiectis
1145 842 1309 883 occidui
1347 851 1504 885 tractus

43 892 226 934 ecclesiis
266 892 510 947 ordinaret,
546 902 590 936 et
616 896 923 937 moderaretur.
986 905 1032 939 ut
1060 913 1196 953 porro
1226 900 1405 950 βασιλέα
1433 902 1506 942 καί

40 944 161 1001 ἱερέα
187 964 232 990 se
262 950 430 991 iactarit
457 952 566 1001 Leo,
597 958 638 992 ct
674 953 889 1006 politicam
932 969 1064 1010 aeque
1103 970 1152 995 ac
1187 955 1503 997 ecclesiasticam

39 1005 119 1046 sibi
146 1007 443 1048 auctoritatem
477 1007 580 1048 falso
602 1011 878 1064 arrogaverit,
906 1009 997 1066 lege
1022 1017 1263 1053 monentem
1290 1011 1342 1054 de
1369 1013 1503 1054 ambi..

40 1062 157 1103 tione
183 1064 438 1116 Gregorium
465 1065 707 1117 pontificem
736 1065 848 1120 apud
873 1068 1039 1109 annales
1068 1068 1362 1110 ecclesiasticos
1391 1085 1501 1112 anuo

41 1118 199 1160 Christi
221 1118 305 1160 726
334 1119 377 1159 in
407 1121 502 1174 ipsis
530 1123 656 1176 Greg.
686 1122 803 1176 epist.

153 1198 259 1240 Ibid.
291 1197 357 1243 10.
414 1196 553 1254 ἧμὲρα
566 1199 599 1253 γ’
629 1199 703 1254 τῆς
729 1195 982 1254 ἑβδομάδος]
1012 1202 1140 1244 feriae
1159 1219 1378 1245 numerum
1399 1219 1499 1246 cor.

38 1253 139 1310 rigit
166 1255 359 1296 Petavius
388 1255 430 1296 in
459 1256 743 1311 Nicephorum
775 1264 970 1299 notarum
995 1273 1088 1315 pag.
1116 1259 1185 1311 82,
1214 1267 1255 1301 et
1285 1262 1499 1316 septimam

38 1312 325 1366 reponendam
353 1313 583 1354 contendit.
657 1314 830 1355 admissa
877 1316 1038 1356 numeri
1073 1317 1352 1368 correctione,
1382 1321 1497 1373 quod

37 1366 245 1422 extemplo
273 1368 437 1421 subdit,
465 1370 667 1424 displicet.
700 1385 748 1412 eo
778 1372 845 1412 die
873 1373 1064 1412 indictum
1096 1375 1225 1414 sacris
1250 1375 1498 1428 imaginibus

33 1426 259 1476 silendum,
282 1435 327 1466 ut
345 1427 521 1483 loquitur·
554 1427 830 1481 Theophanes,
859 1429 912 1469 ab
930 1430 1224 1470 haereticorum
1253 1432 1369 1470 huius
1397 1440 1495 1471 tem·

27 1485 147 1539 poris
184 1483 406 1536 signifiero,
450 1492 491 1523 et
531 1485 761 1525 execrando
806 1485 955 1525 Leone.
1024 1486 1285 1540 loquaciores
1323 1488 1494 1528 forsitan

35 1544 156 1580 erant
183 1553 326 1580 sacrae
349 1539 568 1594 imagines,
600 1547 647 1581 ut
672 1541 822 1581 silentii
861 1541 1174 1582 damnarentur.
1231 1557 1283 1582 an
1316 1557 1399 1583 non
1427 1557 1497 1583 σε-

26 1595 193 1637 <thuan
219 1602 448 1636 conventus
477 1602 537 1636 est
566 1597 828 1650 optimatum,
855 1605 896 1638 et
917 1598 1142 1638 tractandis
1174 1599 1336 1653 imperii
1366 1614 1499 1654 nego-

35 1652 102 1693 tiis
132 1659 300 1693 coactus
335 1652 439 1707 imp.
468 1653 666 1692 mandato
701 1654 932 1694 consessus?
966 1653 969 1656 ⁴
1006 1655 1061 1694 ita
1085 1654 1210 1695 edicit
1236 1656 1395 1696 arbiter
1422 1657 1499 1697 Ni-

33 1708 259 1763 cephorus,
286 1710 357 1764 qui
380 1709 482 1750 haec
505 1709 771 1764 Theophanis
804 1711 953 1750 verba:
981 1713 1108 1752 Λέων
1137 1709 1158 1750 ὅ
1193 1708 1401 1765 δυσσεβὴς
1425 1725 1498 1753 σε-

32 1764 194 1806 λέντιον
221 1761 329 1806 κατὰ
358 1765 442 1806 τοῐίν
471 1762 602 1817 ἁγίων
629 1766 881 1806 καίσεπτῶι·
900 1761 1072 1807 εἰκόνων
1098 1763 1331 1820 ἐκράτησεν,
1361 1782 1497 1822 expo..

19 1821 97 1863 >nit
125 1821 167 1862 in
198 1820 313 1862 hunc
356 1821 555 1871 modum,
590 1819 700 1871 μετὰ
746 1821 793 1862 δὲ
833 1825 971 1862 ταῦτα
1009 1818 1030 1861 ὃ
1072 1821 1273 1874 βασιλεῦς
1304 1822 1496 1876 ἀθροίζει

31 1880 229 1919 πλεῖστον
255 1874 360 1919 λαὸν
385 1879 459 1932 τῆς
486 1877 641 1924 πόλεως
665 1874 771 1918 κατὰ
800 1876 849 1918 τά
867 1877 1078 1931 βασίλεια,
1105 1879 1180 1919 καί
1202 1882 1409 1932 συγκαλεῖ
1426 1879 1498 1921 viv

31 1930 129 1975 τότε
155 1934 230 1987 τῆς
266 1931 428 1981 πόλεως
466 1928 672 1986 ἇρχιερέα
710 1935 753 1975 Γ
748 1933 958 1986 ερμανόν,
986 1935 1248 1989 συγγράφειν
1287 1933 1396 1976 κατὰ
1425 1938 1498 1988 τῆς

30 1989 323 2041 καθαιρέσεως
365 1991 449 2031 τῶν
493 1988 665 2031 εἰκόνων
705 1991 787 2031 τῶν
817 1989 947 2043 ἁγίων
978 1988 1224 2045 ἠνάγκαζεν.
1277 2002 1373 2044 post
1398 1994 1498 2032 haec

31 2047 133 2101 imp.
166 2047 320 2100 ingenti
346 2048 499 2088 civium
525 2062 688 2088 nurnero
717 2050 759 2088 in
782 2049 987 2103 palatium
1016 2049 1196 2098 collecto,
1227 2062 1311 2089 nna
1340 2058 1380 2089 et
1391 2048 1495 2089 Ger-

30 2117 197 2144 manum
223 2103 507 2159 patriarcham
535 2103 742 2144 advorat:
771 2114 853 2145 tum
883 2105 997 2160 apud
1015 2120 1105 2144 eum
1137 2105 1406 2145 vehementius
1430 2106 1494 2144 in-

29 2168 126 2210 stat,
154 2169 201 2200 ut
238 2160 291 2200 de
322 2162 452 2199 sacris
481 2160 725 2214 imaginibus·
756 2162 986 2201 evertendis
1014 2164 1204 2216 scriptum
1230 2161 1400 2217 aliquod
1406 2162 1494 2213 sa-

28 2226 143 2258 ceree.
174 2215 396 2257 recolenda
426 2217 612 2271 superius
645 2217 782 2271 posita
809 2217 862 2258 ad
889 2232 982 2272 pag.
1012 2217 1105 2258 202.

141 2286 238 2342 630,
269 2288 308 2329 2.
375 2284 538 2340 ἡμέρας
579 2285 614 2341 γ’
645 2289 697 2344 τῇ
735 2288 782 2330 δὲ
825 2284 988 2345 ἑβδόμῃ
1033 2291 1110 2330 τοῦ
1139 2288 1275 2330 adro&
1297 2287 1493 2330 Ἰανουα-

31 2339 145 2396 ρῶν]
174 2345 246 2386 alii
275 2343 439 2385 codices
473 2346 638 2399 legunt,
673 2345 834 2397 ἡμέρας
854 2343 886 2395 ζ’
916 2347 970 2400 τῇ
999 2346 1045 2386 δὲ
1070 2343 1131 2398 νβ’
1161 2345 1236 2386 τοῦ
1263 2342 1493 2386 αὕτοῦἸα-

28 2402 222 2454 νυαρίου.
291 2401 522 2442 Anastasius
563 2409 603 2442 et
642 2403 852 2442 miscella:
904 2402 1049 2444 diebus
1087 2412 1250 2458 septem.
1281 2401 1492 2441 undecimo

27 2472 126 2498 vem
150 2457 347 2498 kalendas
373 2458 604 2498 Februarii.
661 2458 849 2514 adeoque
890 2465 986 2499 ante
1014 2474 1141 2500 annos
1173 2455 1491 2514 quatuordecim

29 2518 74 2555 et
98 2529 254 2556 menses
298 2515 486 2569 quinque
529 2514 674 2556 diebus
711 2522 867 2571 septem
909 2514 1099 2567 adiectis,
1135 2515 1187 2556 ab
1226 2513 1400 2568 Augusti
1427 2513 1493 2554 die

28 2571 168 2625 primo
212 2570 545 2624 patriarchatum
587 2573 819 2613 Germanus
859 2573 1049 2627 suscepit.
1121 2571 1278 2626 scripta
1304 2570 1491 2625 superius

18 2640 123 2689 01²³ss-
150 2625 233 2668 322
258 2627 323 2668 his
351 2626 619 2668 conferenda.

141 2702 240 2756 631,
270 2709 306 2749 1.
378 2706 507 2746 Λέων
544 2700 567 2742 ὅ
606 2701 811 2757 βασιλεῦς
837 2702 916 2758 τὴν
952 2704 1184 2758 θυγατέρα]
1215 2704 1291 2744 sub
1319 2704 1417 2745 beni
1448 2704 1489 2744 in

26 2770 161 2802 sacras
200 2761 396 2818 imagines
425 2762 530 2803 moti
570 2770 733 2817 tempus
767 2764 932 2818 nuptias
970 2762 1041 2802 filii
1081 2760 1320 2803 conciliatas
1347 2761 1492 2802 scribit
