1728 3184
235 151 329 198 578
707 127 808 200 ἈΒ
838 158 1221 201 TREOPHANEM

231 273 425 311 taeiones:
454 270 510 310 sic
541 285 706 326 semper
745 272 944 313 molestae
984 273 1089 324 illae,
1119 271 1326 328 quidquid
1353 271 1588 340 diligentiae
1618 272 1699 313 du-

233 342 297 366 ces
327 327 527 367 militibus
569 328 621 367 in
656 329 794 368 officio
826 331 1087 370 continendis
1131 329 1367 373 adhibeant,
1396 344 1466 369 και
1496 328 1568 369 διὰ
1598 343 1701 381 7190-

233 381 366 437 φάσιν
409 380 590 435 ἡνιόχου.
613 395 782 441 propter
806 388 1006 440 aurigam,
1041 396 1080 426 et
1102 401 1340 442 pmcernam
1370 386 1555 425 Butenci
1574 400 1701 441 prae-

213 442 335 492 seca,
368 440 428 479 uti
456 440 683 495 Nicephor.
714 442 784 482 lib.
823 445 873 485 12
904 457 993 498 cap.
1025 439 1082 494 4,
1124 456 1249 497 quem
1288 443 1486 482 nimirum
1516 443 1705 495 aurigam

232 511 350 536 zeum
381 501 563 537 tentatae
591 497 696 537 illius
724 497 949 552 pudicitiae
982 473 1160 553 popiilus
1193 498 1368 538 retaxmi
1400 498 1700 548 conundebat,

232 553 292 592 nti
320 567 402 607 p¹0
431 554 648 608 aurigandi
677 554 743 593 illa
772 555 920 608 potitii
955 555 1057 594 ludis
1090 556 1371 594 commodum.
1433 555 1491 594 ait
1520 553 1695 608 Niceph-

230 611 335 650 ferri
368 609 501 650 occisa
525 616 680 664 septem
715 611 929 650 hominum
962 613 1116 651 millia:
1157 612 1282 665 plula
1311 610 1380 651 bic
1409 611 1699 665 Theophanes.

231 667 442 707 Cedrenus
475 671 698 721 utramque
726 667 967 731 opinionem
1001 669 1136 723 ponit,
1168 675 1257 708 tum
1276 666 1440 723 quae7,
1470 673 1560 707 tum
1589 681 1697 722 quae

232 723 300 773 15,
336 723 462 763 millia
495 724 626 763 refert
653 723 799 763 occisa.

1546 790 1560 806 s

342 796 530 846 114,16
602 798 692 836 κατ’
720 792 940 847 Αἴγυπτον
970 797 1214 850 φοβηθῆναι
1247 794 1308 851 μή
1349 795 1424 837 καί
1461 811 1503 838 α.
1533 812 1575 837 α.
1607 793 1697 850 κ.ἧ

228 852 304 894 τοῦ
331 848 503 903 ὕδατος]
536 852 594 893 sic
627 859 822 892 correcte
861 852 985 892 codd

342 930 433 977 115,
465 925 505 966 5.
561 925 914 980 χρηματισθέντι]
948 926 1076 965 Barb.
1105 926 1227 982 Peyr.
1259 932 1342 966 etc.

337 1000 448 1041 Ibzssd
483 1000 546 1042 10.
617 992 780 1051 ἥνωσεν
822 995 892 1038 ὁιά
938 998 979 1048 ιζ
1009 998 1126 1053 ἑτῶν]
1163 1002 1300 1039 Anast.
1343 1012 1410 1038 eos
1449 998 1580 1037 univit
1605 1001 1705 1052 post

226 1057 364 1096 decem
395 1065 435 1095 et
459 1064 604 1110 septem
638 1055 898 1110 annos;q11i
930 1061 972 1095 et
1000 1055 1269 1109 singulariter
1299 1055 1418 1095 effert
1454 1055 1696 1107 episcopum

226 1129 270 1152 ex
305 1112 480 1152 Oiiente
502 1112 677 1150 Romam
708 1111 886 1163 missum,
917 1126 1064 1165 nempe
1065 1086 1339 1162 ἶ,ικἾινίιηυηῃ
1370 1110 1420 1151 de
1450 1110 1564 1149 cuius
1597 1124 1697 1163 pro-

225 1169 413 1208 motione
444 1168 488 1207 lis
509 1174 610 1208 erat.
644 1167 854 1207 familiaiis
885 1169 985 1208 haec
1016 1167 1451 1222 locutio'I'beophani.
1509 1167 1566 1206 sic
1594 1181 1692 1220 pag.

223 1225 278 1266 80
306 1227 338 1265 Α
374 1223 424 1265 de
458 1224 743 1280 Chrysostomi
770 1239 955 1278 corpore
996 1225 1155 1264 solenni
1185 1239 1341 1280 pompa
1375 1225 1590 1273 tlanslato,
1621 1219 1693 1261 διὰ

223 1278 282 1333 λγ’
311 1280 415 1322 ἐτῶν
443 1288 540 1334 post
583 1295 710 1321 annos
741 1279 794 1320 33
825 1281 945 1321 exilii.
1015 1296 1161 1321 verum
1201 1287 1246 1321 ut
1280 1280 1452 1320 schisma
1482 1296 1504 1320 a
1539 1279 1695 1320 Meletii

224 1338 492 1378 ordinatione
524 1337 731 1404 coeperit,
762 1339 902 1392 pluies
931 1337 1224 1392 septemdecim
1255 1338 1370 1377 annis
1399 1336 1450 1376 ad
1483 1338 1593 1376 hunc
1625 1351 1694 1375 us.-

223 1409 304 1449 que
336 1394 504 1434 fluxeic.
571 1391 726 1443 ὁμοίως
765 1395 839 1434 καί
862 1394 944 1434 τῶν
976 1395 1293 1460 μοιχευρμέιων
1319 1393 1529 1446 γυναικῶν
1566 1386 1694 1443 ὕβριν

222 1451 267 1491 ἐν
303 1455 389 1497 τοῖς
428 1450 652 1502 n09v31'.ot<;
723 1451 912 1491 szmiliter
935 1452 1099 1491 abstulzc
1125 1452 1318 1491 i'muriam
1358 1451 1567 1490 mulierum
1592 1463 1696 1505 quae

218 1510 264 1547 ιή.
283 1507 520 1563 prostibulzs
550 1508 937 1571 constup1·abantur;
969 1513 1016 1547 ut
1045 1508 1152 1547 sicut
1194 1508 1385 1547 virorum
1414 1506 1593 1546 iniuriae
1621 1520 1695 1544 ca·-

219 1565 294 1614 vit,
323 1578 374 1603 nc
408 1565 462 1603 ita
494 1563 612 1603 inviti
642 1563 872 1617 mincipiis‚
902 1571 1028 1618 itque
1057 1565 1242 1619 pistrinis
1273 1562 1584 1612 addicerentur,
1615 1562 1694 1601 mi—

220 1634 353 1660 seram
382 1620 605 1659 servientes
633 1621 876 1660 servitutem
906 1621 958 1660 ad
984 1636 1112 1675 usque
1140 1621 1310 1670 senium,
1341 1620 1398 1659 ita
1422 1619 1581 1659 caverit
1625 1619 1692 1657 in-

220 1677 354 1716 iuriae
382 1676 618 1729 mulierum,
648 1691 755 1734 quae
774 1677 885 1731 ipsae
914 1677 957 1717 iis
987 1678 1086 1717 locis
1119 1677 1171 1717 ad
1198 1683 1389 1730 stuprum
1418 1676 1598 1715 inclusae
1627 1682 1696 1716 te-

221 1739 446 1783 nerentur,
494 1710 636 1773 vetaris
679 1734 852 1774 ulterius
883 1734 1068 1786 includi,
1101 1749 1151 1773 ne
1182 1734 1338 1773 scilicet
1372 1731 1454 1772 illic
1483 1732 1596 1772 velut
1627 1732 1692 1771 in-

220 1789 331 1829 vitae
360 1790 412 1829 ad
437 1790 569 1829 scelus
597 1797 883 1844 cogerentur,
914 1790 983 1830 sed
1013 1805 1080 1831 res
1109 1789 1334 1829 voluntatis
1366 1794 1481 1841 esset,
1510 1803 1558 1829 ac
1590 1787 1695 1829 resi-

223 1845 362 1895 lirent,
391 1846 540 1900 quibus
569 1846 610 1886 id
636 1849 776 1886 animo
816 1848 942 1886 foret.

338 1920 451 1968 117,Ι
472 1920 507 1960 1.
579 1913 661 1970 πρὸ
691 1914 734 1966 ἓξ
761 1917 982 1957 καλανδῶν
1008 1915 1201 1972 Ἰουλίου]
1231 1917 1327 1957 Vat.
1363 1921 1382 1961 1
1417 1916 1563 1958 omissa
1594 1931 1696 1957 ver-

222 1974 309 2014 sio:
337 1983 455 2015 sexto
483 1974 677 2015 kalendas
720 1976 847 2025 Iulii,
885 1976 1029 2014 mensis
1061 1974 1206 2014 Paum·
1242 1973 1312 2014 die
1343 1975 1530 2015 secunda.
1565 1974 1622 2014 sic
1652 1980 1695 2014 et

222 2031 346 2086 Peyr.
378 2031 545 2085 aliique.

338 2106 453 2154 118‚.
473 2107 509 2148 1.
579 2099 695 2155 παρὰ
740 2100 965 2158 Καρτερι’ῳ
1008 2102 1093 2143 τινὶ
1131 2097 1346 2160 ἡγουμένῳ
1389 2100 1693 2155 μοναστηριόυ]

219 2161 347 2200 Barb.
377 2161 498 2215 Peyr.
531 2164 608 2200 etc.
649 2161 764 2215 apud
793 2143 1016 2200 carterium
1057 2161 1264 2213 quendam
1295 2161 1579 2215 praepositum
1607 2172 1695 2197 mo-

223 2219 418 2267 ηαειενιίς
460 2216 565 2256 illius
598 2217 821 2269 nimirum,
854 2218 894 2255 in
926 2230 1009 2270 quo
1044 2218 1213 2255 loannes
1249 2217 1499 2256 monachum
1527 2216 1720 2269 profes-‚

222 2288 289 2312 sus
320 2281 410 2314 est.
455 2275 596 2313 Anast.
635 2275 875 2313 monaster-iz
913 2273 1131 2312 cuiumsdam
1191 2273 1253 2312 ait
1289 2272 1464 2313 Cedren.
1495 2285 1623 2311 annos
1654 2266 1696 2320 4,
1719 2271 1722 2275 ’

225 2329 338 2384 apud
371 2329 485 2370 illum
515 2329 653 2383 egisse,
684 2335 857 2385 tumque
886 2330 1016 2370 duos
1007 2343 1048 2368 in
1077 2329 1359 2382 solitudinem,
1384 2344 1432 2370 ex
1462 2343 1544 2383 qua
1573 2341 1696 2382 aeger

224 2392 392 2426 coactus
425 2391 484 2427 est
517 2384 667 2427 redire

334 2459 442 2502 Ibid.
468 2462 531 2504 17.
588 2455 869 2512 Χειρονῆσον]
903 2459 1026 2500 Barb.
1055 2459 1177 2514 Ceyr.
1208 2464 1286 2498 etc.

339 2534 433 2583 119,
465 2531 504 2573 3.
561 2531 646 2572 τῶν
682 2529 1144 2583 παραδυναστευόντων
1187 2530 1303 2586 αιῖτεῢ
1330 2525 1564 2583 βάρβαροι]
1597 2530 1714 2575 han,

223 2590 376 2630 barum
406 2589 519 2629 hunc
539 2589 720 2629 Zonaras
750 2588 940 2642 intelligit
956 2587 1209 2638 Alarcihum,
1241 2588 1290 2628 ab
1311 2586 1504 2627 Honorio
1541 2585 1590 2625 ad
1609 2588 1694 2626 Ro-

225 2661 335 2685 mam
389 2645 669 2714 diripiendam
709 2645 956 2684 invitatum:
1012 2646 1071 2685 sic
1114 2651 1268 2684 nocent
1309 2643 1550 2708 principum
1594 2643 1694 2682 irae.

226 2703 342 2757 quod
370 2703 574 2757 sequitur,
610 2699 633 2741 ὅ
663 2699 708 2742 δὲ
741 2699 963 2753 Ἀλαρίχος
993 2698 1202 2752 παρέθετο
1228 2695 1384 2739 ἑαυτὸν
1412 2712 1499 2746 τοις
1512 2701 1695 2749 συγκλη-

224 2762 367 2810 τικοῖς,
397 2773 473 2814 ego
504 2759 562 2800 sic
579 2772 795 2816 exponam,
817 2771 897 2798 sese
927 2757 1175 2798 senatoribus
1201 2755 1445 2806 οἰκεῖν-ἱππέες
1477 2755 1692 2810 quomodo
