1768 3268
587 219 658 258 Ex
696 216 1042 260 THEOPHANE.
1441 213 1532 259 167

75 330 183 370 ravit
215 336 354 371 autem
378 330 520 371 diebus
549 331 734 386 triginta,
767 339 976 373 extensum
1006 349 1027 373 a
1056 334 1300 375 mesembria
1324 349 1454 389 usque
1485 333 1538 373 ad

73 394 381 435 arctum3-erat
409 394 549 427 autem
581 388 620 428 in
650 388 821 428 modum
850 389 987 443 gladii.

184 471 304 510 Anno
350 471 515 525 imperii
540 471 719 512 Heraclii
755 471 808 512 24
855 471 1151 513 Alexandrinus
1183 474 1315 529 Cyrus
1346 481 1386 514 et
1415 472 1542 513 almus

73 527 335 581 Sophronias
366 528 765 583 Hierosolymitanus
794 527 1005 569 habentur
1042 530 1257 570 antistites.
1318 544 1401 585 quo
1433 543 1542 569 anno

74 583 372 623 Abubacbarus
416 585 628 634 moritur,
659 585 731 640 qui
762 586 1023 639 principatus
1053 593 1113 626 est
1142 587 1258 626 annis
1288 585 1450 626 duobus
1478 591 1545 624 at-

76 654 159 694 que
190 639 375 691 dimidio,
397 646 439 681 et
467 640 592 681 sumit
610 641 894 696 principatum
920 642 1139 692 Humerus,
1168 644 1238 697 qui
1274 643 1450 682 destinat
1475 656 1547 682 ex-

74 696 252 735 ercitum
298 697 494 737 adversus
543 698 766 749 Arabiam,
797 699 998 753 capitque
1035 699 1182 739 Bostra
1226 699 1435 738 civitatem
1466 713 1546 738 nna

74 766 169 791 cum
199 752 286 792 aliis
312 753 565 794 civitatibus.
645 755 826 808 profecti
861 762 958 794 sunt
1003 761 1142 795 autem
1173 769 1303 810 usque
1337 754 1543 794 Gabetha.
1559 770 1594 804 p.
1613 758 1680 791 517

74 822 169 847 cum
212 808 272 848 bis
315 809 471 849 bellum
509 824 719 865 aggressus
764 810 1013 851 Theodorus
1057 811 1326 865 imperatoris
1368 811 1548 850 Heraclii

71 865 206 905 frater
256 864 385 907 victus
430 871 516 919 est,
558 873 600 907 et
628 866 680 907 ad
723 866 1022 921 imperatorem
1055 868 1274 908 Hedessam
1299 868 1427 907 venit.
1488 872 1550 906 ast

73 921 311 975 imperator
354 921 526 962 ordinat
569 922 695 963 alium
736 930 979 977 praetorem
1021 925 1189 965 nomine
1235 924 1474 974 Babanem‚
1508 928 1550 963 et

72 977 350 1017 Theodorum
376 979 635 1019 sacellarium
664 994 759 1019 cum
779 981 937 1021 virtute
959 981 1143 1020 romaica
1176 987 1217 1020 et
1240 980 1431 1020 adversus
1448 982 1550 1019 Ara-

71 1033 143 1073 bes
174 1033 317 1074 mittit.
376 1049 556 1091 cumque
586 1037 763 1077 venisset
791 1037 980 1089 Emesan‚
1011 1038 1199 1077 occurrit
1231 1035 1455 1076 multitudo
1469 1036 1551 1075 Sa-

74 1104 344 1141 racenorum,
375 1091 526 1147 quibus
559 1093 701 1132 occisis
735 1108 817 1132 una
846 1108 939 1132 cum
975 1107 1024 1132 eo
1059 1094 1130 1148 qui
1159 1093 1479 1148 principabatur
1508 1091 1550 1130 in

75 1146 143 1196 eis,
176 1147 359 1202 reliquos
389 1147 520 1202 abigit
551 1163 681 1203 usque
711 1151 973 1199 Damascum,
1005 1156 1047 1189 et
1076 1150 1160 1189 illic
1191 1149 1301 1188 iuxta
1334 1149 1552 1189 Bardunc-

74 1202 179 1242 sium
209 1202 384 1242 fluvium
414 1205 591 1245 latebras
611 1206 736 1245 fovet.
796 1205 1008 1245 Heraclius
1039 1213 1176 1246 autem
1205 1206 1324 1261 Syria
1356 1205 1552 1245 derelicta

75 1258 115 1298 in
149 1259 483 1312 desperationem
526 1276 678 1311 ruens,
720 1261 886 1301 sublatis
925 1276 1096 1316 quoque
1128 1262 1320 1317 pretiosis
1351 1261 1471 1316 lignis
1501 1262 1552 1302 ab

73 1315 331 1355 Hierusalem
359 1316 767 1371 Constantinopolim
795 1318 909 1358 abiit.
969 1318 1145 1358 Babanis
1177 1325 1315 1358 autern
1347 1333 1368 1357 a
1400 1319 1553 1357 Dama-

73 1386 144 1411 sco
172 1371 405 1413 Hemesiam
435 1372 544 1414 redit
574 1389 654 1412 una
702 1389 795 1413 cum
823 1373 1054 1414 Theodoro
1083 1374 1315 1426 sacellario,
1351 1386 1450 1414 cum
1476 1374 1554 1414 ha-

73 1427 197 1468 beret
228 1429 430 1469 exercitus
464 1429 741 1484 quadraginta
766 1430 877 1470 milia
900 1448 910 1479 ;
935 1436 976 1471 et
1007 1431 1286 1487 insequuntur
1315 1431 1473 1472 Arabes
1503 1429 1553 1470 ab

77 1484 253 1525 Hemesa
284 1499 419 1540 usque
448 1486 715 1526 Damascum.

187 1568 310 1608 Anno
340 1574 444 1617 vero
486 1569 652 1624 imperii
684 1570 864 1610 Heraclii
909 1569 962 1610 25
1005 1569 1201 1611 Saraceni
1233 1570 1363 1611 aciem
1390 1569 1555 1611 direxe-

76 1630 178 1664 runt
221 1624 261 1663 in
293 1625 489 1665 Arabiam
534 1633 684 1666 contra
718 1631 858 1681 partes
890 1626 1098 1677 Damasci,
1130 1642 1223 1667 cum
1252 1634 1384 1667 essent
1412 1626 1555 1666 multi-

76 1678 230 1720 tudinis
261 1681 460 1723 infinitae.
494 1697 578 1738 quo
599 1682 782 1723 Bahanes
812 1688 1032 1737 comperto
1061 1682 1113 1722 ad
1138 1683 1397 1737 imperialem
1428 1682 1554 1722 sacel-

77 1735 229 1777 larium
260 1737 401 1789 mittit,
435 1743 484 1778 ut
514 1740 678 1780 veniret
718 1755 813 1780 cum
845 1738 1029 1779 exercitu
1060 1753 1135 1779 suo
1168 1740 1208 1778 in
1239 1739 1435 1779 auxilium
1462 1739 1552 1790 sibi,
1591 1774 1599 1783 ,

75 1807 172 1832 cum
202 1793 385 1848 plurima
413 1802 515 1836 esset
545 1797 732 1836 Arabum
762 1796 902 1850 copia.
961 1795 1075 1835 venit
1106 1809 1206 1850 ergo
1236 1796 1470 1836 sacellarius
1501 1794 1553 1834 ad

72 1849 310 1898 Babanem;
337 1850 411 1906 qui
451 1852 634 1906 profecti
669 1854 721 1893 ab
751 1853 921 1892 Hemesa
961 1857 1195 1891 occurrunt
1228 1853 1450 1893 Arabibus.
1511 1857 1553 1892 et

75 1906 250 1946 consilio
284 1907 396 1947 facto
424 1909 561 1962 prima
592 1909 680 1960 die,
724 1924 830 1964 qnae
860 1908 985 1949 tertia
1015 1908 1117 1948 feria
1147 1908 1419 1949 hebdomadis
1448 1914 1550 1958 erat,

75 1962 223 2002 mensis
259 1964 337 2003 Loi
375 1962 442 2005 die
481 1965 674 2005 vicesima
703 1966 851 2015 tertia,
886 1970 1142 2019 superantur
1168 1964 1213 2003 hi
1242 1966 1313 2020 qui
1342 1965 1455 2005 circa
1485 1980 1551 2004 sa-

75 2017 289 2059 cellarium
334 2026 431 2060 sunt
475 2020 647 2061 inventi.
718 2022 925 2062 simultate
955 2028 1095 2061 autem
1122 2022 1246 2073 facta,
1274 2021 1316 2060 hi
1351 2021 1423 2076 qui
1455 2035 1551 2060 cum

73 2074 242 2115 Bahane
270 2083 391 2116 erant
417 2076 632 2117 Bahanum
652 2079 896 2132 provehunt
923 2078 1223 2132 imperatorem
1256 2084 1298 2118 et
1314 2078 1553 2118 Heraclium

77 2136 293 2184 respuunt.
365 2138 468 2173 tunc
509 2133 550 2173 hi
581 2134 654 2189 qui
686 2149 780 2174 cum
822 2134 1038 2176 sacellario
1071 2136 1238 2174 fuerant
1270 2134 1552 2182 discesserunt,

75 2194 118 2227 et
146 2188 342 2228 Saraceni
383 2188 498 2229 aditu
529 2197 700 2245 reperto
732 2191 888 2232 bellum
922 2191 1082 2231 ineunt.
1153 2191 1263 2231 inter
1291 2191 1394 2230 haec
1426 2195 1551 2229 vento

76 2249 178 2283 noto
212 2251 360 2284 contra
376 2247 585 2286 Romanos
621 2248 818 2301 spirante,
849 2261 932 2287 non
963 2247 1144 2287 valentes
1178 2247 1352 2286 inimicis
1384 2247 1422 2286 in
1451 2246 1554 2284 facie

76 2314 307 2340 occurrere
347 2308 527 2356 propter
559 2305 789 2357 pulverem,
817 2311 1080 2358 separantur,
1113 2309 1154 2344 et
1182 2309 1309 2342 semet
1336 2304 1444 2355 ipsos
1477 2302 1556 2340 im·-

75 2356 285 2396 mittentes
316 2357 357 2396 in
392 2364 499 2398 artas
528 2362 609 2399 vias
627 2360 919 2400 Hiermucbthi
950 2359 1129 2399 fluminis
1151 2360 1233 2399 illic
1263 2360 1425 2413 penitus
1458 2372 1557 2411 per—

76 2412 234 2453 ierunt.
304 2421 427 2453 erant
456 2422 595 2455 autem
629 2417 845 2471 utriusque
875 2417 1084 2471 praetoris
1123 2417 1232 2455 milia
1267 2415 1554 2469 quadraginta.

77 2473 177 2508 tunc
209 2469 406 2510 Saraceni
430 2472 646 2525 splendide
674 2473 982 2527 triumphantes
1022 2480 1170 2512 contra
1202 2475 1449 2511 Damascum
1481 2485 1553 2509 ve-

79 2524 227 2576 niunt,
275 2533 317 2566 et
360 2527 466 2566 hanc
511 2530 683 2581 capiunt
720 2535 762 2569 et
793 2530 980 2583 regiones
1010 2529 1259 2574 Phoenicis,
1291 2534 1332 2567 et
1364 2527 1555 2566 habitant

79 2581 176 2631 illic,
211 2589 252 2622 et
280 2583 322 2621 in
354 2585 587 2638 Aegyptum
618 2586 748 2626 aciem
780 2585 979 2640 dirigunt.
1039 2586 1171 2640 Cyrus
1203 2590 1343 2623 autem
1373 2584 1555 2622 Alexan-

77 2635 222 2677 drinus
252 2639 492 2692 episcopus,
524 2655 616 2680 cum
648 2642 800 2682 horum
833 2643 1033 2696 impetum
1064 2641 1347 2694 cognovisset,
1381 2654 1554 2692 operam

78 2693 205 2743 dedit,
236 2702 278 2735 et
307 2697 439 2749 pactis
475 2697 647 2738 firmatis
678 2700 926 2752 pollicetur,
957 2700 1103 2738 timens
1144 2697 1362 2735 avaritiam
1393 2709 1554 2747 eorum,

79 2748 260 2790 ducenta
291 2751 399 2791 milia
421 2752 692 2794 denariorum
725 2770 800 2808 per
828 2756 1010 2808 singulos
1042 2769 1169 2792 annos
1200 2752 1446 2792 collaturam
1481 2753 1554 2790 illis

79 2808 339 2862 Aegyptum,
380 2809 450 2849 sed
491 2817 533 2851 et
578 2811 848 2851 diffinitarum
888 2812 943 2851 eis
989 2810 1244 2849 indutiarum
1285 2810 1376 2848 fore
1406 2823 1553 2848 aurum
