1768 3268
524 215 601 258 Ex
643 213 995 258 THEOPHANE.
1429 209 1494 256 79

19 330 231 371 bellorum
258 328 529 382 turbatione,
567 328 631 370 bis
661 329 781 370 cono
819 328 1038 384 episcopus
1063 327 1263 381 Apamiae
1289 327 1492 370 derelicto
1504 347 1541 383 p.
1562 335 1634 369 213
1656 335 1682 369 8

20 387 177 427 throno
203 386 246 427 in
276 393 484 428 annatum
507 392 550 428 et
576 392 821 441 praetorem
848 391 1007 426 taxatus
1037 385 1204 425 resistit.
1261 385 1496 442 imperator
1507 407 1542 443 p.
1559 396 1627 429 215
1650 393 1675 428 3

23 450 166 483 autem
195 443 388 497 fatigatus
417 458 468 485 eo
505 442 624 498 quod
662 442 818 484 bellum
856 443 1162 497 protelaretur,
1191 441 1373 483 fidenter
1397 457 1496 484 cre..

20 499 129 541 didit
143 499 383 554 Euphemio
410 499 610 555 episcopo
643 498 760 555 quod
778 504 955 555 cuperet
975 513 1133 554 pacem,
1165 504 1209 539 et
1236 499 1374 554 colligi
1393 515 1497 554 per.

19 556 188 612 egrinos
225 556 438 611 praecipit
475 557 696 611 episcopos
740 556 858 612 quasi
900 570 983 611 pro
1026 555 1214 596 Hisauris
1254 563 1495 610 rogaturos-

18 612 276 667 Euphemius
305 619 445 654 autem
471 620 682 654 secretum
700 613 967 668 imperatoris
997 612 1144 653 Ioanni
1165 613 1346 666 patricio
1377 615 1520 654 reve-⁴

19 670 148 723 lavit,
185 683 337 711 socero
383 670 578 712 videlicet
605 669 873 712 Athenodori
913 669 1106 724 primatis
1143 668 1395 724 tyrannidis,
1425 670 1498 724 qui

20 740 198 768 currens
226 725 311 767 hoc
349 726 599 782 imperatori
641 726 875 775 nuntiavit;
907 741 1017 782 quae
1044 740 1109 767 res
1138 726 1180 766 in
1213 726 1499 767 irreconcilia-

19 782 149 824 bilem
175 789 328 824 contra
355 782 639 839 Euphemium
685 783 949 824 inimicitiam
988 783 1289 837 imperatorem
1323 785 1500 823 Anasta-

18 839 128 881 sinm
157 839 369 881 excitavit.
429 840 541 882 unde
579 845 623 881 et
651 841 932 880 Hisaurorum
970 839 1208 895 Euphemio
1237 840 1500 894 congressio-

20 910 91 937 nes
122 896 229 937 ascri
262 896 331 938 sit.
400 895 639 952 Euphemio
673 910 775 938 vero
809 895 982 953 quidam
1011 896 1254 938 insidiantes
1282 911 1502 951 persuase-

19 957 123 993 runt
152 910 320 994 cnid’am
351 958 450 995 ante
476 953 733 1010 martyrium
762 953 950 1009 gladium
980 959 1131 994 contra
1161 959 1290 1008 caput
1320 954 1406 995 eius
1432 953 1502 993 in-

19 1016 178 1050 cutere.
208 1009 281 1051 sed
307 1009 460 1051 Paulus
487 1010 661 1067 quidam
691 1010 959 1052 defensorum
988 1009 1185 1052 ecclesiae
1210 1011 1375 1064 plagam
1403 1010 1500 1066 qui..

22 1066 119 1107 dem
145 1066 187 1107 in
219 1066 361 1122 capite
397 1081 475 1108 suo
509 1068 673 1123 recepit
718 1073 762 1108 et
801 1067 1064 1122 periclitatus
1092 1072 1178 1119 est,
1218 1066 1503 1108 insidiatorem

17 1137 122 1164 vero
151 1123 347 1178 peremit.
405 1123 564 1165 iterum
593 1138 696 1179 ergo
728 1124 770 1164 in
806 1124 992 1165 Collecta
1022 1123 1204 1165 insidiati
1218 1123 1503 1179 Euphemiam

18 1179 223 1221 consiliati
264 1184 365 1221 sunt
405 1180 675 1232 interimere,
705 1179 780 1236 qui
810 1181 979 1235 privato
1009 1180 1156 1222 babitu
1192 1179 1364 1222 indutus
1405 1181 1504 1235 fuga

19 1235 195 1277 salutem
224 1241 433 1278 mercatus
479 1242 553 1278 oet.
627 1250 766 1292 porro
795 1237 1029 1279 Anastasius
1068 1237 1304 1292 imperator
1340 1237 1393 1278 ab
1416 1237 1504 1278 Eu-

17 1292 191 1347 phemio
219 1293 525 1350 professionem
552 1308 683 1344 suam,
715 1292 767 1334 de
795 1308 878 1349 qua
897 1294 1165 1348 praedictum
1188 1301 1263 1346 est,
1295 1293 1504 1335 violenter

17 1349 205 1390 extorsit.
262 1349 432 1406 cuique,
465 1350 585 1391 victis
615 1350 815 1404 Hisauris‚
841 1349 1014 1391 mandat
1049 1365 1129 1407 per
1157 1350 1386 1391 Eusebium
1415 1356 1632 1404 ma-p 216
1669 1358 1712 1392 12

17 1406 196 1461 gistrum
221 1405 364 1448 dicens
394 1407 637 1447 “orationes
666 1412 793 1459 tuae,
830 1420 856 1447 o
889 1422 1064 1463 magne,
1091 1407 1246 1448 amicos
1274 1414 1370 1448 tuos
1404 1407 1503 1448 fuli-

18 1463 116 1518 gine
159 1461 602 1504 contaminaverunt.”
658 1462 865 1518 episcopis
905 1479 1009 1520 ergo
1053 1464 1286 1519 peregrinis
1317 1463 1503 1506 collectis

16 1519 253 1574 imperator
279 1525 434 1560 contra
470 1518 751 1574 Euphemiam
790 1521 1013 1576 qucritnr3
1046 1521 1119 1576 qui
1152 1522 1336 1562 faventes
1367 1522 1503 1576 impe·

17 1576 155 1618 ratori
182 1574 491 1632 depositionem
518 1575 790 1630 patriarchae
827 1584 870 1618 et
903 1578 1379 1618 excommunicationem
1405 1592 1502 1618 san-

17 1633 198 1674 ciebant.
254 1633 459 1687 provebit
485 1638 626 1673 autem
657 1633 894 1687 imperator
922 1634 1219 1675 Macedonium
1257 1635 1500 1689 episcopum

17 1689 455 1744 Constantinopoleos,
487 1689 563 1745 qui
579 1694 682 1730 tnnc
708 1689 988 1746 sceuophylax
1017 1697 1110 1732 erat
1140 1692 1264 1746 ipsius
1290 1691 1499 1732 ccclesiae.

16 1746 200 1801 populns
230 1751 367 1786 tamen
396 1751 580 1800 propter
605 1746 891 1802 Euphemiam
919 1746 1154 1799 dissidebat,
1185 1755 1227 1788 et
1258 1748 1300 1788 in
1331 1749 1499 1803 Hippo-

19 1802 221 1843 dromion
254 1817 432 1844 currens
473 1802 647 1843 letanias
682 1803 844 1858 agebat,
882 1818 1125 1860 quanquam
1155 1804 1258 1845 nihil
1286 1806 1498 1860 prolicere

14 1859 227 1910 valuerit,
257 1858 519 1914 imperatore
546 1859 655 1900 male
693 1860 864 1900 vincere
899 1867 1130 1916 satagente.
1188 1875 1324 1916 porro
1354 1863 1495 1903 Mace.-
1509 1873 1627 1915 p-217

17 1914 167 1957 donius
210 1915 408 1972 nequiter
450 1915 678 1956 obaudiens
721 1916 981 1958 Anastasium
1030 1918 1276 1974 subscripsit
1313 1919 1496 1962 enotico.

18 1972 254 2026 imperator
290 1978 430 2013 autem
468 1972 751 2027 Euphemiam
794 1973 835 2013 in
880 1973 1131 2016 Euchaitam
1173 1976 1334 2016 exulem
1361 1976 1494 2024 misit3

18 2029 92 2084 qui
121 2028 298 2069 verbum
314 2031 349 2080 *)
367 2028 492 2083 petiit
505 2044 584 2084 per
598 2029 895 2070 Macedonium
917 2031 1123 2086 accipere,
1156 2037 1204 2071 ut
1220 2032 1378 2074 illaesus
1408 2048 1496 2072 ma-

18 2091 168 2137 neret,
199 2099 297 2124 cum
323 2083 568 2126 duceretur.
640 2086 767 2126 iussus
797 2093 937 2127 autem
968 2088 1239 2130 macedonius
1269 2088 1372 2131 darc
1395 2104 1495 2131 ver..

14 2141 131 2192 bum,
161 2146 205 2182 et
248 2140 505 2196 ingressurus
537 2142 577 2183 in
605 2142 897 2197 baptisterium
939 2143 991 2184 ad
1018 2144 1315 2200 Euphemiam,
1344 2161 1494 2201 super·

13 2196 231 2238 humerale
258 2213 284 2238 a
310 2212 354 2239 se
387 2197 684 2240 archidiacono
714 2200 936 2254 praecepit
973 2203 1165 2254 auferre,
1204 2209 1246 2243 et
1276 2202 1334 2243 ita
1361 2218 1494 2258 purus

15 2254 70 2295 ad
99 2253 382 2309 Euphemiam
401 2254 603 2310 ingressus
631 2257 926 2312 feneratusque
951 2258 1150 2312 pecunias
1180 2258 1297 2301 dedit
1320 2259 1494 2313 Euphe-

14 2310 117 2362 mio,
149 2311 208 2351 ita
237 2317 284 2351 ut
314 2310 562 2353 laudaretur
590 2327 613 2352 a
642 2312 798 2354 multis.
858 2313 1072 2370 religiosus
1104 2314 1215 2356 enim
1235 2323 1329 2357 erat
1357 2321 1399 2356 et
1425 2331 1493 2355 sa..

16 2381 102 2419 cer,
131 2367 290 2423 quippe
331 2368 404 2424 qui
442 2383 466 2408 a
501 2368 719 2410 Gennadio
753 2370 894 2411 fuerat
920 2372 1155 2423 enutritus,
1183 2373 1299 2413 cuius
1331 2378 1374 2413 et
1404 2372 1492 2412 fra-

17 2423 160 2463 truelis
198 2430 303 2465 erat.
376 2424 525 2465 eodem
553 2439 663 2464 anno
709 2425 933 2467 Athanasio
978 2427 1177 2483 episcopo
1209 2428 1490 2470 Alexandrino

13 2479 218 2521 defuncto
249 2487 517 2522 consecratus
539 2487 599 2522 est
625 2496 707 2537 pro
741 2496 791 2523 eo
814 2485 987 2526 Ioannes
1013 2486 1241 2527 monachus
1268 2485 1492 2540 presbyter

62 2635 93 2683 ')
121 2631 283 2693 verbum]
311 2638 551 2671 securitatem.
602 2638 826 2673 lastinianus
865 2638 956 2673 Nov.
985 2640 1006 2674 7
1033 2651 1063 2673 c.
1093 2640 1138 2674 5:
1166 2636 1256 2674 dn&
1312 2639 1376 2683 ηδὲ
1398 2639 1490 2676 τού-

110 2692 197 2722 τους
219 2695 308 2724 τους
325 2686 582 2730 καλουμένους
604 2685 740 2733 λόγους
767 2690 982 2734 προχείρως
1017 2687 1170 2723 διδόναι
1195 2687 1385 2724 eumdem.
1411 2688 1488 2723 Ve-

109 2735 168 2764 tus
190 2730 392 2780 interpres:
419 2733 483 2767 sed
506 2742 628 2780 neque
659 2733 751 2769 haec
771 2746 865 2782 quae
883 2735 1055 2770 dicuntur
1078 2736 1188 2770 verba
1212 2741 1378 2783 prompte
1402 2736 1488 2771 dare

109 2778 275 2814 festines.
336 2781 433 2815 idem
460 2781 667 2816 Anastasius
706 2782 752 2818 de
779 2783 861 2818 vitis
886 2783 953 2819 Pr.
979 2784 1018 2819 in
1042 2783 1219 2830 Gregorio
1253 2785 1308 2819 11:
1335 2783 1487 2819 verbum

109 2826 346 2864 immunitatis
371 2830 537 2877 expetiit.
573 2830 679 2865 Fan.
