1728 3184
222 241 318 287 372
723 250 779 291 ΙΝ
818 247 1194 292 ΤΗΕΟΡΗΑΝΕΜ

220 360 313 409 dem
340 359 623 402 Valentiniani
645 363 759 404 tertii
789 364 953 429 nuptias
996 363 1238 418 excipiente,
1267 361 1685 420 Hierosolymitanam

211 416 605 471 pelegrinationem
647 421 870 475 suscepisse
909 419 1164 469 Eudocimn,
1213 419 1445 460 Theodosio
1481 421 1688 462 decimum

218 479 403 512 sextum
417 474 608 524 consule,
640 477 784 517 smibit
816 477 1003 516 Socrates
1035 475 1103 515 lib.
1135 474 1160 515 7
1191 490 1269 531 cap
1273 473 1369 517 ,44
1395 482 1436 517 et
1464 475 1535 518 46.
1597 494 1690 519 eum

218 535 357 569 autem
390 531 649 571 consulatum
678 547 786 573 anno
803 531 1023 573 Theodosii
1052 491 1280 573 chronicon
1304 533 1496 573 Alexand.
1529 535 1695 575 tricesi-

216 599 308 638 mo,
336 585 405 625 alii
431 588 484 630 31
519 585 773 630 devinciunt.
846 588 897 630 de
934 589 1079 629 eodem
1122 588 1273 630 itinere
1310 590 1514 644 Euagrius
1561 591 1631 631 lib.
1667 594 1687 634 1

218 655 308 696 cap.
342 639 394 681 20
425 648 467 683 et
497 645 563 687 21.

332 720 483 770 143,9.
539 722 592 778 τῇ
618 720 852 776 παννυχίδι
879 722 960 763 τῶν
977 719 1201 778 Νειλιόων]
1234 722 1482 778 quaelibet'
1471 738 1511 763 ln
1544 729 1693 775 iotam,

216 776 280 817 vel
309 778 531 830 plurimam
570 785 735 820 noctem
777 779 886 819 actio
932 779 1138 833 producta
1180 780 1349 819 Graecis
1380 786 1440 820 est
1469 779 1689 831 παννυχίς,

214 835 272 873 sic
301 834 498 887 longiores
528 835 850 887 matutinarum,
883 850 984 890 quas
1013 841 1186 886 vocant,
1218 850 1391 889 precum
1420 835 1594 890 vigilias,
1629 836 1693 875 vel

216 891 338 930 etiam
367 891 583 945 prophana
614 891 800 930 convivia
832 905 911 944 per
941 898 1107 930 noctem
1137 892 1289 944 agitata
1319 865 1582 943 παννυχίδας
1615 906 1691 931 vo-

214 946 304 986 cari
337 952 514 987 testatur
540 947 854 1000 Eucholmium,
883 953 925 986 ct
954 923 1288 1002 Theophylactus
1316 948 1541 987 simocatta
1574 947 1643 988 lib.
1664 947 1693 987 8

214 1017 305 1056 cap·
329 1005 392 1047 13.
442 1003 556 1044 Niloa
590 1017 719 1056 pono
748 1017 868 1043 sacra
897 1003 937 1041 in
973 1008 1134 1043 noctem
1166 1003 1290 1043 dilata
1327 1011 1472 1043 narr-it
1489 1003 1689 1043 Heliodo-

214 1073 284 1099 rus
314 1059 661 1125 Aethiopieorum
691 1059 760 1099 lib.
798 1057 822 1098 9
854 1059 1035 1099 ineunte.
1092 1059 1164 1111 τῆς
1192 1074 1276 1099 των
1307 1055 1511 1100 Νειλιόων
1541 1055 1689 1112 ἑορτῆς

216 1114 504 1183 ἐνεστηκυίας,
547 1112 585 1155 οἱ
623 1115 702 1180 μὲν
746 1110 946 1183 ἐγχώριοι
975 1111 1081 1168 ποὸς
1111 1116 1285 1162 θυσίαις
1315 1129 1370 1168 τε,
1399 1130 1469 1154 και
1485 1117 1687 1181 τελεταῖς

212 1164 347 1223 ἦσαν,
388 1175 476 1219 τοῖς
515 1172 593 1222 μὲν
634 1167 805 1222 σώμασι
834 1167 908 1210 καί
938 1166 1230 1235 περιεστηκόσι
1261 1170 1413 1219 δεινοῖς
1442 1170 1688 1237 κάμνοντες,

211 1233 288 1270 etc.
321 1224 344 1266 ἆ
387 1226 434 1267 δὲ
460 1225 733 1281 Ὀροονδάτης
765 1226 900 1277 μέσας
917 1223 1092 1295 yzixtag
1122 1223 1388 1281 ἐπιτηρήσας,
1420 1223 1526 1280 πυὸς
1555 1221 1686 1266 ὕπνον

209 1279 351 1334 βαθύν
393 1298 479 1323 των
518 1283 737 1337 Εὐηναιων
776 1278 858 1322 α’πὸ
887 1283 958 1337 τῆς
994 1282 1181 1335 εὐωχίας
1217 1282 1531 1335 τετραμμέιων.
1572 1284 1688 1336 sesto

210 1339 428 1380 Niloorum
459 1350 617 1390 exorto,
645 1340 864 1393 indigenae
892 1339 1057 1395 quidem
1090 1339 1400 1380 mactationibus
1424 1340 1688 1379 victimarum

209 1405 247 1434 et
274 1396 505 1451 sacrficiis
527 1396 768 1445 vacabant,
814 1396 1050 1450 corporibus
1087 1396 1247 1451 quidem
1278 1405 1318 1435 et
1344 1395 1692 1435 circumstantibus

209 1453 328 1491 malis
357 1452 594 1500 laborantes,
622 1459 698 1492 etc.
730 1462 777 1492 ac
800 1451 1055 1492 Oroondates
1085 1452 1308 1491 observata
1336 1452 1561 1502 occasione,
1593 1466 1681 1490 me-

208 1508 286 1546 dia
314 1517 428 1548 nocte
456 1524 545 1548 cum
563 1508 746 1561 Syenaei
763 1523 814 1548 ar
814 1517 878 1548 cto
906 1522 1043 1547 somno
1067 1517 1160 1562 post
1185 1508 1428 1562 epulationes
1451 1522 1690 1563 premeren-

213 1572 300 1613 tur,
331 1571 409 1604 etc.
479 1564 598 1605 Niloa
630 1579 728 1605 ve1o
768 1579 875 1619 quae
903 1578 1019 1604 sz'1c1a
1053 1563 1115 1603 vel
1145 1565 1246 1604 festa
1278 1564 1435 1604 fuerint
1464 1565 1548 1617 ipse
1576 1563 1688 1603 libro

212 1619 491 1685 praecedente
532 1621 584 1661 ad
618 1621 772 1661 calcem
803 1621 983 1674 exponit.
1053 1634 1123 1659 και
1153 1616 1234 1672 γάρ
1264 1634 1353 1667 πως
1381 1621 1584 1660 συνέπεσε
1614 1618 1690 1658 καί

213 1673 265 1715 τοὶ
298 1675 471 1716 Νειλῶα
499 1673 595 1716 τότε
632 1691 707 1730 την
736 1676 949 1741 μεγίστην
991 1677 1093 1725 παρ’
1131 1674 1389 1727 Αιγυπτίοις
1416 1672 1579 1744 ἑορτὴν
1604 1675 1693 1715 ἐνε-

213 1732 434 1785 στηκέναι,
468 1730 573 1773 κατὰ
613 1729 786 1796 τροπὰς
810 1733 889 1784 μὲν
924 1729 1098 1784 θερινάς
1125 1731 1321 1785 μάλιστα,
1352 1731 1424 1772 καί
1452 1727 1518 1771 ὅτε
1550 1727 1688 1796 α’ρχην

213 1786 286 1839 τῆς
317 1786 541 1853 αὕξήσεως
565 1786 587 1828 ὅ
626 1785 815 1839 ποταμὸς
847 1786 1127 1838 ἐπιλαμβάνει
1168 1787 1435 1841 τελουμένην,
1466 1782 1573 1839 υπὲρ
1607 1802 1694 1826 πα-

215 1857 295 1889 σας
325 1844 372 1883 δὲ
408 1841 485 1892 τοὶς
516 1837 646 1892 αλλας
674 1841 782 1897 πρὸς
806 1843 1056 1896 Αιγυπτιων
1088 1843 1436 1897 σπουδαζομένην
1465 1842 1519 1882 δι’
1549 1842 1693 1883 αἰτίαν

216 1894 400 1940 τοιάνδε.
470 1902 618 1941 etenim
657 1900 954 1957 quodammodo
986 1901 1218 1949 acciderat,
1248 1908 1290 1939 ut
1316 1909 1407 1940 tunc
1435 1913 1587 1955 quoque
1613 1899 1695 1938 Ni-

214 1955 294 2020 loa,
333 1956 563 1996 maximum
591 1958 704 2011 apud
733 1958 965 2020 Aegyptzos
983 1957 1144 2006 fiscum
1182 1965 1369 1995 znstaret:
1398 1955 1508 2011 quod
1531 1955 1694 2011 quidem

216 2012 325 2050 circa
352 2011 565 2052 solstitium
585 2015 787 2052 aestivum
817 2013 1011 2075 maxime,
1040 2021 1082 2050 et
1104 2007 1272 2066 qicando
1299 2013 1462 2051 initium
1492 2011 1696 2051 crescendi

198 2064 363 2121 fluvzus
392 2070 503 2123 capit
521 2099 532 2116 ‚
566 2070 814 2117 celebratur,
855 2082 904 2106 ac
934 2068 978 2106 in
1021 2080 1178 2106 summo
1207 2067 1356 2106 bonore
1377 2082 1483 2123 prae
1510 2068 1699 2107 omnibus

214 2124 401 2173 liabetur,
427 2134 598 2180 propter
621 2125 892 2164 huiuscemodi
911 2137 1105 2163 causam:
1137 2136 1206 2176 qu
1197 2138 1262 2161 im
1279 2122 1435 2163 ibidem
1452 2123 1583 2163 refert
1610 2137 1696 2163 esse

215 2179 296 2219 ΝΗ
326 2181 644 2220 exundationem
689 2186 804 2220 ce1ta
835 2187 1010 2220 naturae
1048 2178 1137 2233 lege
1174 2184 1306 2219 totam
1334 2182 1572 2237 Aegyptum
1601 2181 1692 2220 soe-

216 2235 480 2280 eundantem.

276 2302 278 2309 ,
328 2313 539 2356 Ibid.14.'
591 2330 662 2355 και
693 2314 753 2355 τιιῖ
782 2311 1172 2371 ἒρχομένιῡχρόνῳ]
1205 2329 1289 2371 quo
1318 2313 1579 2355 Theodosius
1611 2314 1692 2353 im-

215 2371 323 2424 pmii
357 2387 486 2412 unum
517 2378 559 2412 et
589 2373 763 2426 triginta
793 2373 1039 2413 numerabat
1069 2387 1210 2423 annos,
1242 2373 1331 2426 ipso
1364 2371 1571 2412 decimum
1603 2384 1692 2410 sex-

215 2434 304 2467 tum
344 2435 386 2469 et
423 2430 577 2470 Fausto
622 2443 727 2468 coss.
758 2435 889 2482 prout
921 2429 1104 2468 Socratis
1148 2430 1219 2470 lib.
1250 2429 1275 2469 7
1304 2432 1382 2483 cap
1388 2423 1488 2468 .44
1517 2433 1559 2468 et
1581 2427 1696 2467 Pro-

215 2486 327 2538 speli
359 2485 507 2526 calculi
536 2485 702 2525 auctori
737 2485 968 2525 concordes
1001 2485 1196 2525 reddunt.

327 2569 434 2611 Ibid.
468 2565 540 2608 διὰ
572 2565 628 2621 λγ’
650 2567 770 2619 ἐτων]
808 2569 913 2608 obiit
937 2569 1096 2624 quippe
1121 2569 1438 2624 Chrysostomus
1468 2583 1489 2607 a
1519 2566 1695 2606 conditu

218 2625 364 2665 mundi
389 2641 456 2665 an.
488 2622 612 2677 5894,
644 2626 724 2664 CP.
756 2640 857 2665 velo
889 2626 1041 2664 rzelntus
1076 2633 1135 2664 cst
1166 2639 1274 2664 anno
1307 2623 1412 2665 5931
1447 2629 1488 2663 et
1514 2622 1696 2663 secundo

218 2681 367 2721 deinde
396 2697 504 2721 anno
547 2682 734 2736 pultium
776 2681 860 2721 eius
896 2682 1067 2721 asseclae
1111 2682 1306 2721 ccclesiae
1334 2696 1380 2720 ex
1411 2680 1576 2733 integro
1626 2693 1699 2718 re-

215 2737 372 2776 vincti:
426 2738 611 2802 illudque
648 2745 708 2778 est
750 2738 864 2791 quod
915 2738 1109 2777 Socrates
1146 2751 1299 2803 nuper
1345 2737 1549 2776 adductus
1590 2735 1696 2774 50ιί-

217 2793 313 2845 psit
367 2791 575 2860 Ἰωάννης
593 2794 650 2847 τῷ
680 2792 909 2859 τριακοστῷ
938 2793 1110 2849 πέιιπτῳ
1140 2807 1225 2832 ετει
1246 2807 1352 2843 μετα
1385 2807 1461 2844 την
1488 2789 1696 2840 τελευτήν,

216 2848 277 2897 εἰς
303 2850 521 2891 κοινωνίαν
551 2846 633 2891 ὑπὸ
669 2847 872 2904 Πρόκλου
917 2832 1098 2903 ἐδέχθη.
1129 2850 1302 2890 Ioannes
1329 2850 1530 2890 tricesimo
1556 2849 1694 2911 quzuto
