1768 3268
580 212 651 253 Ex
683 211 1034 253 TnEOPHANE.
1474 198 1536 249 41

67 330 152 382 vid,
180 330 276 384 fuga
314 329 489 371 salutem
526 333 769 378 mercatur,
807 334 850 368 et
881 325 934 367 ad
959 331 1123 381 patrem
1163 339 1283 364 suum
1314 324 1446 364 salvus
1473 337 1542 363 re..

68 386 183 428 diens
211 386 360 428 multas
407 401 504 427 cum
548 385 619 426 illo
650 385 803 440 gratias
832 384 1016 436 Christ0,
1048 382 1121 438 qui
1153 396 1195 422 se
1223 381 1412 430 salvavit,
1445 395 1543 436 nge-

64 445 155 485 bat.
186 443 300 484 circa
323 443 426 484 haec
445 457 542 483 sane
569 447 764 496 tempora
786 440 992 481 Miltiades
1010 446 1052 480 et
1068 439 1164 479 «lein
1178 439 1374 478 Silvestcr
1389 438 1547 478 Roma-
1563 454 1596 489 p.
1621 442 1664 477 10
1694 443 1738 478 13

66 515 145 541 nae
172 507 326 555 gerunt
353 501 549 542 ecclesiae
578 499 880 553 praesulatum.
910 510 1046 552 porro
1075 495 1342 537 Theotecnus
1372 495 1669 549 divinus,p.12
1694 501 1739 538 14

67 557 136 597 cui
169 571 320 611 parens
352 556 542 597 Galerius
570 555 856 606 Maximianus,
884 569 980 594 cum
1011 552 1283 594 daemonibus
1312 553 1550 593 immolaret

65 619 109 654 et
141 627 338 668 responsa
377 613 637 667 susciperet,
668 611 862 652 adversus
908 611 1166 652 Christianos
1208 609 1549 664 persecutionem

66 671 329 720 commovit,
367 669 619 710 monitiones
659 668 879 709 salvatoris
906 668 1037 719 finxit,
1065 673 1108 708 et
1133 665 1186 707 ad
1219 666 1357 707 omnia
1383 665 1474 706 loca
1506 666 1548 706 in

65 726 267 767 iniuriam
297 727 430 779 misit,
470 732 513 767 et
541 726 779 766 litterarum
819 725 1023 780 magistris
1052 738 1208 779 pueros
1238 723 1394 764 docere
1423 738 1549 776 prae..

66 784 194 839 cepit,
222 784 390 825 studens
420 798 506 840 quo
525 782 791 823 derideretur
815 782 1063 839 mysterium
1091 788 1295 821 nostrum.
1354 788 1549 834 praeter-
1561 791 1598 825 p·
1614 777 1659 813 14
1686 781 1706 816 7

66 855 115 882 ea
147 840 413 882 Constantius
456 841 497 881 in
535 839 762 880 Britanniis
805 839 1011 890 moritur,
1041 853 1137 878 cum
1166 838 1407 892 imperasset
1435 837 1551 877 annis

68 896 286 947 undecim;
319 898 392 952 qui
420 911 502 952 pro
531 911 574 937 se
594 896 914 937 Constantinum
935 895 1286 951 pronuntiaverat
1319 895 1552 948 imperato-

68 969 172 1007 rem,
200 955 532 1010 primogenitum
564 954 695 994 filium
726 968 870 1004 suum,
899 953 943 993 in
972 958 1201 1006 conspectu
1232 951 1361 991 totius
1390 952 1553 1006 populi,

68 1012 356 1067 praesentibus
383 1026 555 1067 quoque
576 1011 726 1051 ceteris
751 1010 843 1051 filiis
872 1009 969 1061 suis,
999 1009 1259 1049 Constantini
1292 1009 1553 1062 compatrio-

71 1069 149 1120 tis,
178 1068 428 1110 Constantio
479 1066 636 1108 scilicet
675 1073 719 1108 et
747 1066 1026 1118 Anaballeno‚
1058 1066 1132 1121 qui
1162 1072 1204 1106 et
1227 1065 1460 1106 Dalmatius
1491 1066 1554 1105 di-

73 1130 164 1166 ctus
197 1130 289 1176 est,
329 1125 404 1181 qui
431 1125 519 1166 nati
549 1125 722 1165 fuerant
752 1138 801 1165 ex
831 1122 1060 1165 Theodora
1090 1122 1172 1162 filia
1203 1122 1423 1163 Herculii:
1455 1137 1553 1162 nam

69 1182 366 1222 Constantinus
395 1195 442 1222 cx
470 1180 625 1223 Helena
654 1182 804 1232 suerat,
838 1181 975 1236 priori
1002 1179 1236 1220 Constantii
1259 1179 1449 1234 coniuge.
1509 1185 1554 1220 at

67 1239 334 1279 Constantius
367 1238 520 1279 horum
550 1243 674 1293 pater
718 1252 848 1292 nepos
876 1244 968 1278 erat
999 1235 1161 1277 Claudii
1193 1236 1476 1291 imperatoriS,
1504 1250 1553 1277 cx

68 1295 152 1336 filia
181 1296 267 1336 eius
291 1295 467 1350 genitus.
544 1308 679 1351 porro
725 1294 926 1336 Eusebius
969 1294 1243 1334 Caesariensis
1286 1292 1391 1334 dicit
1433 1293 1551 1349 quod
1571 1306 1605 1341 p·
1625 1294 1667 1328 15
1693 1294 1717 1329 8

68 1351 358 1393 Diocletianus
402 1365 540 1391 amens
579 1352 748 1393 effeetus
788 1366 870 1392 una
902 1366 999 1391 cum
1028 1350 1230 1391 Herculio
1265 1349 1445 1404 imperio
1475 1349 1551 1391 de-

66 1409 206 1464 posito
237 1408 446 1464 privatam
468 1409 597 1448 vitam
617 1407 879 1463 arripuerit3
913 1422 1096 1463 quorum
1127 1422 1232 1447 uuus
1264 1407 1435 1462 quidem
1461 1421 1551 1447 sus-

67 1465 227 1521 pendio
258 1465 390 1506 vitam
422 1465 665 1516 mutaverit,
696 1466 803 1506 altcr
831 1479 948 1515 vcro,
979 1463 1021 1504 id
1050 1470 1111 1505 est
1125 1464 1425 1515 Diocletianus,
1457 1465 1553 1504 lan..

67 1537 203 1578 guore
239 1522 408 1577 prolixo
462 1529 733 1576 consumptus
780 1521 1047 1562 emarcuerit.
1130 1528 1321 1579 ceterum
1352 1521 1552 1571 Gelasius,

68 1579 254 1621 eiusdem
292 1577 510 1620 caesariae
555 1579 746 1630 antistes,
777 1577 881 1619 dicit
906 1577 1022 1634 quod
1051 1577 1311 1633 poenitentia
1345 1578 1476 1625 ducti,
1510 1584 1554 1619 et

67 1635 207 1678 denuo
238 1635 448 1692 imperare
477 1635 677 1687 volentes,
707 1635 919 1676 communi
942 1641 1106 1676 senatus
1126 1635 1298 1676 decreto
1328 1634 1552 1690 perimun-

68 1700 153 1735 tur.
211 1692 274 1734 his
310 1706 413 1749 ergo
461 1692 514 1735 de
543 1692 684 1734 medio
715 1693 857 1745 sactis,
888 1698 930 1733 et
963 1706 1071 1748 quae
1104 1692 1428 1733 Christianitatis
1455 1697 1553 1732 sunt

69 1750 274 1792 sentiente
316 1750 563 1791 Constantio
594 1749 821 1802 defuncto,
853 1749 1094 1804 imperium,
1128 1754 1176 1789 ut
1204 1748 1408 1804 praedixi,
1439 1749 1552 1791 obti-

67 1822 202 1849 nuere
230 1807 523 1849 Constantinus
554 1810 773 1862 Augustus,
804 1814 846 1849 et
880 1806 1153 1848 Maximianus
1181 1806 1387 1848 Galerius.

179 1875 327 1916 Mundi
358 1889 469 1916 anno
499 1874 623 1927 5797,
655 1875 822 1916 divinae
850 1874 1149 1915 incarnationis
1181 1873 1275 1926 297,
1309 1873 1551 1914 Constanti-
1566 1895 1602 1929 p.
1626 1882 1670 1916 16

78 1947 154 1972 nus
191 1932 485 1974 sacratissimus
535 1938 578 1974 et
623 1932 983 1973 christianissimus
1030 1931 1210 1986 imperat
1247 1932 1289 1971 in
1322 1931 1465 1972 Galliis
1511 1937 1554 1971 ct

70 1989 311 2038 Britannia;
340 2004 438 2030 cum
470 2003 555 2045 quo
576 2004 655 2044 per
686 1989 795 2030 idem
820 1994 984 2043 tempus
1001 1990 1166 2044 pariter
1196 1989 1433 2044 imperabat
1461 1990 1552 2028 Ma-

67 2046 269 2087 ximianus
305 2047 495 2087 Galerius
538 2061 634 2087 cum
674 2045 838 2087 (luobus
869 2046 1114 2087 Caesaribus
1143 2045 1304 2087 Severo
1341 2053 1383 2086 et
1416 2045 1551 2086 Maxi-

66 2103 195 2143 mino.
268 2103 427 2144 Romae
463 2110 604 2144 autem
644 2103 877 2145 Maxentius
923 2109 1124 2169 tyrannus
1166 2102 1316 2143 iniuste
1345 2102 1552 2157 imperans

68 2160 208 2199 omnia
237 2173 356 2201 saeve
372 2160 646 2215 operabatur.
704 2167 805 2202 tunc
835 2167 878 2202 et
905 2160 1114 2201 Licinium
1137 2161 1356 2201 Caesarem
1373 2159 1553 2200 Romani

67 2217 358 2271 appellavere,
386 2217 566 2271 gratiam
600 2217 876 2259 Constantino
918 2222 1190 2272 praestantes,
1224 2231 1320 2257 cum
1350 2222 1453 2258 esset
1482 2230 1554 2254 so..

68 2274 177 2314 roris
220 2273 306 2314 eius
335 2274 603 2316 Constantiae
644 2275 799 2329 nuptiis
841 2274 1097 2325 honoratus,
1142 2274 1301 2330 quique
1350 2273 1552 2329 pictatem

66 2330 329 2371 Christianae
371 2330 583 2386 religionis
638 2332 841 2372 fallaciter
883 2331 1116 2372 simulabat.
1190 2330 1352 2371 interea
1391 2331 1549 2370 Severo

66 2393 239 2428 mortuo
265 2388 415 2428 Petrus
445 2389 663 2443 episeopus
690 2388 1003 2439 Alexandrinus,
1033 2403 1127 2428 cum
1156 2393 1259 2428 esset
1289 2388 1328 2427 in
1361 2385 1547 2427 custodia

66 2450 298 2499 praecepto
340 2444 579 2484 Maximiani
616 2445 774 2485 Galerii
815 2452 858 2486 ct
895 2444 1109 2486 Maximini
1149 2445 1224 2484 filii
1268 2444 1378 2491 eius,
1411 2444 1596 2497 capitep·
1614 2447 1656 2482 17

67 2501 202 2541 reciso
245 2500 430 2556 glorioso
476 2502 770 2556 martyrizatus
803 2507 894 2552 θεῖς
925 2502 996 2558 qui
1030 2501 1176 2542 Arium
1209 2501 1431 2541 diaconum
1463 2500 1549 2540 cxi..

67 2563 245 2598 stentem
285 2558 441 2613 absque
480 2558 777 2600 communione
807 2558 930 2612 fecit,
962 2558 1033 2614 qui
1064 2564 1106 2599 et
1145 2558 1322 2613 posthac
1352 2556 1550 2611 pessimae

68 2613 278 2668 opinionis
307 2614 524 2655 haereseos
558 2621 762 2670 patronus
792 2616 960 2656 effectus
985 2616 1136 2655 multos
1165 2632 1184 2654 a
1217 2615 1376 2668 pietate
1404 2629 1549 2654 remo..

67 2672 143 2711 vit.
202 2671 324 2711 multi
354 2686 455 2711 vero
489 2677 531 2713 et
560 2672 625 2713 alii
659 2673 734 2713 sub
762 2672 846 2712 istis
879 2671 1067 2728 tyrannis
1098 2671 1294 2725 martyrii
1322 2685 1403 2725 pro
1427 2670 1551 2711 Chri-

67 2733 130 2771 sto
162 2741 324 2768 corona
343 2727 479 2768 induti
510 2736 619 2780 sunt,
650 2744 833 2785 quorum
859 2736 954 2769 sunt
974 2729 1135 2769 Phileas
1156 2727 1375 2782 episcopus
1390 2727 1552 2768 Thmu-

68 2799 137 2824 eos
170 2784 373 2839 Aegypti,
415 2784 561 2826 Peleus
600 2793 642 2826 et
679 2786 791 2826 Nilus
843 2786 1028 2840 episcopi
1075 2784 1281 2840 Aegypti,
1325 2784 1552 2826 Anthemus

69 2841 286 2895 episcopus
303 2840 584 2894 Nicomediae,
609 2843 827 2899 Tyrannio
860 2843 1079 2898 episcopus
1094 2842 1214 2898 Tyri,
1245 2841 1434 2882 Silvanus
1461 2841 1555 2896 epi-
