1728 3184
659 190 868 233 NOTAE.
1407 190 1507 242 483

42 317 194 358 nempe
219 301 374 344 Christi
411 301 493 344 595
520 309 563 344 et
591 301 698 355 596,
728 304 781 344 ad
813 305 924 346 hunc
953 307 1094 362 itaque
1118 316 1380 364 praesentem
1409 311 1507 364 602,

42 361 116 415 qui
146 358 432 411 mundi6102,
461 359 663 401 decimam
695 362 865 401 tertiam
893 376 978 402 non
1009 364 1258 418 adiunxerit,
1287 368 1358 408 sed
1377 384 1508 424 quar-

42 422 127 456 tam
155 421 199 456 et
235 416 440 457 decimam
482 417 621 457 fateor
660 431 728 457 me
757 417 968 470 ignorare.
1043 434 1096 460 ne
1122 436 1225 462 vero
1251 426 1507 478 scriptorum

40 486 195 513 errore
223 473 369 514 falsum
396 474 437 513 in
466 472 760 514 indictionibus
790 474 900 515 hisce
929 490 1151 516 numerum
1179 479 1391 534 irrepsisse
1415 483 1509 538 quis

42 533 212 580 asserat,
240 543 292 570 eu
335 536 383 570 ut
409 544 506 584 pag.
548 527 793 570 succedente
822 530 874 570 ad
902 531 1057 571 Christi
1090 548 1241 574 annum
1271 535 1353 576 603
1395 538 1509 578 indi..

44 586 226 625 ctionem
254 586 446 640 quintam
473 600 524 625 ac
552 586 756 626 decimam
787 586 942 627 claudit
958 619 970 638 ,
995 589 1046 627 ad
1068 585 1154 628 604
1179 592 1358 644 primam
1384 595 1509 634 semel

45 647 90 682 et
116 641 270 683 iterum
299 644 423 693 citat,
456 641 509 683 ad
539 641 644 694 613,
676 657 770 697 pag.
804 642 885 684 253
915 643 1118 685 decimam
1147 649 1349 698 nominat,
1382 657 1424 690 et
1453 652 1510 690 ita

42 696 237 752 deinceps
269 698 407 754 cyclos
436 698 587 739 ordine
612 700 910 753 prosequitur:
943 705 985 740 et
1013 708 1061 741 ut
1091 704 1255 756 gravius
1284 703 1509 746 hallucina.

44 760 136 800 tum
163 761 382 796 auctorem
398 755 597 810 aperiam,
618 770 743 810 quem
768 756 931 796 admisit
947 771 1148 809 errorem,
1177 760 1355 800 eundem
1390 769 1509 802 tran-

41 810 211 864 scripsit
239 812 447 866 interpres
473 812 723 862 Anastasius,
754 812 806 852 ad
836 812 989 853 Christi
1015 811 1100 855 444
1143 822 1185 856 et
1217 817 1420 857 Marciani
1448 833 1511 859 se-

44 867 231 907 cundum
259 867 534 909 indictionem
563 869 751 923 quintam
783 884 1055 922 enumeranS,
1083 876 1127 911 et
1164 871 1215 912 ad
1245 872 1397 914 Christi
1426 872 1511 914 613

46 923 119 979 qui
150 923 332 964 Heraclii
374 925 646 965 duodecimus
676 924 949 966 indictionem
987 940 1084 967 cum
1111 927 1368 983 Tbeophane
1396 930 1511 970 deci-

43 995 153 1020 mam
181 995 409 1035 apponens,
440 996 548 1036 quae
579 996 689 1021 nona
716 989 880 1022 tantum
906 981 1071 1023 laudari
1095 983 1312 1026 debuerat.
1370 992 1507 1027 extant

46 1036 239 1077 editionis
270 1038 422 1092 Regiae
447 1052 541 1093 pag.
574 1038 630 1078 42
660 1043 703 1078 et
732 1037 799 1078 90.
858 1039 909 1079 ab
939 1054 1048 1080 anno
1082 1040 1224 1095 itaque
1245 1041 1400 1083 Christi
1430 1041 1512 1082 596

44 1093 97 1133 ad
127 1099 390 1148 praesentem
419 1092 501 1135 602
545 1094 733 1134 abundat
764 1094 1004 1135 indictionis
1037 1111 1253 1146 numen-11³3
1283 1098 1348 1139 vel
1376 1099 1511 1152 impe-

45 1151 157 1190 rauti
188 1150 368 1203 Phocae‚
398 1156 471 1191 aut
500 1151 695 1192 Heraclio
725 1166 855 1191 annus
886 1166 991 1192 unus
1019 1153 1230 1194 detractus
1259 1161 1331 1195 est.

111 1213 115 1216 Δ
155 1217 253 1274 459,
283 1222 350 1264 20.
407 1223 743 1276 καστελλωμὲνα]
769 1224 1000 1266 verborum
1017 1233 1285 1281 augmentum
1315 1227 1358 1267 in
1386 1242 1514 1283 prae-

46 1278 183 1321 teritis
213 1281 412 1335 expungit
440 1280 645 1321 moderna
662 1281 853 1323 Graecia.

159 1353 265 1394 Ibtd.
284 1353 351 1394 21.
419 1351 673 1409 καταρτίοις]
718 1354 831 1395 navis
871 1355 1025 1396 malum
1063 1359 1328 1398 Graecorum
1370 1357 1515 1413 vulgus

45 1416 169 1450 vocat
196 1409 437 1463 κατάρτιον.
1235 1434 1237 1436 -

155 1477 253 1532 460,
287 1482 326 1522 1.
389 1479 413 1522 ὅ
456 1481 660 1530 Πισίδιος
698 1484 741 1525 Γ
737 1481 931 1539 ειόργιος]
974 1482 1025 1523 de
1058 1498 1142 1539 quo
1183 1484 1394 1527 luculente
1422 1485 1514 1525 dia-

43 1537 179 1634 {ribae
207 1539 273 1580 >de
316 1538 511 1593 Georgiis
549 1545 701 1581 auctor
728 1541 899 1582 Allatius
947 1539 1001 1580 ad
1042 1542 1275 1597 Georgium
1316 1545 1515 1597 Aeropo..

61 1596 172 1636 itam.

151 1667 262 1712 Ibtd.
296 1667 361 1709 18.
431 1668 599 1719 στέμμα
640 1667 687 1708 ἐκ
720 1669 797 1721 τῆς
837 1668 1074 1723 ἐκκλησίας]
1112 1667 1329 1725 ἀνάθημα,
1360 1671 1519 1711 donum

43 1725 84 1765 iu
115 1739 165 1765 ea
194 1739 441 1779 appensum.
514 1724 739 1765 videndum
779 1726 970 1766 Mauricii
1008 1734 1169 1780 gestum
1197 1742 1325 1780 supra
1356 1728 1410 1767 ad
1440 1742 1517 1767 an-

44 1797 143 1822 num
173 1781 259 1821 eius
291 1780 355 1825 19.
414 1782 611 1835 legendus
640 1782 900 1836 Nicephorus
934 1783 975 1823 in
997 1783 1192 1824 Heraclio
1217 1783 1388 1824 maioris
1419 1784 1518 1825 filio.

44 1838 227 1893 origines
259 1838 340 1880 CP.
375 1839 487 1892 apud
518 1840 778 1878 Gretserum.

154 1907 251 1962 461,
284 1911 326 1951 2.
384 1910 430 1950 ἐν
458 1911 515 1967 τῷ
540 1911 646 1966 Βοΐ]
688 1912 924 1953 chronicon
951 1912 1146 1954 Alexand.
1187 1919 1230 1954 et
1260 1912 1519 1969 Nicephorus

45 1967 98 2008 de
128 1967 225 2007 foro
254 1967 359 2008 Bou.
390 1968 498 2022 orig.
534 1968 612 2008 CP.
646 1974 688 2009 et
722 1969 900 2024 Gyllius.

149 2041 259 2081 Ib1‘d.
277 2040 316 2081 7.
377 2038 650 2094 αότοκρᾰτωρ
681 2042 755 2082 καί
771 2036 972 2098 νύμφιος]
1001 2042 1055 2084 de
1080 2043 1243 2099 gemina
1275 2043 1515 2098 nuptiarum

42 2104 83 2138 et
113 2097 280 2151 imperii
310 2112 469 2138 corona
499 2100 706 2152 superius.

153 2182 262 2222 Ibid.
295 2180 359 2222 13.
417 2179 647 2223 ῖνδικτιαῖνι
678 2179 711 2233 ζ’
723 2184 737 2238 ]
769 2184 941 2224 consule
971 2183 1038 2224 hic
1065 2183 1199 2223 varias
1228 2183 1439 2224 lectiones.

152 2255 267 2296 Ibid.
301 2251 366 2296 14.
424 2253 580 2310 ἐτέχθη
609 2256 669 2311 τῷ
698 2257 874 2307 βασιλεῖ
893 2254 1138 2312 ἐπιφάνεια]
1171 2257 1402 2297 chronicon
1423 2256 1515 2296 Ale.

37 2311 159 2351 xand.
186 2312 240 2352 ad
273 2326 429 2352 anuum
455 2312 637 2352 Heraclii
667 2312 866 2366 primum.

148 2393 247 2446 462,
280 2394 319 2436 3.
378 2396 613 2436 καὶταῦτα
657 2392 762 2437 ἰδών
801 2395 847 2436 ἐν
876 2394 1031 2453 ἀπορίᾳ
1064 2390 1127 2449 ἦν]
1168 2411 1274 2450 quae
1314 2410 1361 2436 ex
1389 2396 1515 2436 Nice-

23 2450 262 2550 εεὶἱιῑεῖἑοΐέἰεέ
299 2467 455 2493 anuum
484 2450 563 2492 611
612 2452 918 2505 conveniendi,
960 2452 1284 2507 consulendique
1324 2452 1513 2493 Priscum

23 2638 30 2645 ¹
154 2593 264 2634 Ibid.
295 2591 339 2636 6.
399 2588 479 2633 δύο
509 2589 669 2643 μόνους
697 2584 841 2647 εὗρεν]
877 2599 1098 2634 attestatur
1130 2592 1358 2632 simocatta
1386 2591 1458 2633 lib.
1486 2591 1514 2632 8

38 2663 130 2704 cap.
150 2649 215 2702 12,
243 2656 287 2691 et
316 2651 357 2690 in
381 2651 580 2690 Raxatem
604 2649 773 2691 Persam
803 2651 1112 2704 expeditionem
1138 2650 1190 2689 ab
1217 2648 1414 2689 Heraclio
1441 2663 1513 2688 su-

37 2713 223 2762 sceptam
249 2708 448 2763 suggerit.

148 2791 259 2834 Ihial.
321 2792 369 2834 ἐν
397 2792 504 2834 πᾶσι
543 2795 630 2841 τοῖς
660 2793 838 2847 θέμασι]
878 2794 1021 2834 thema.
1063 2790 1175 2832 dicta
1204 2796 1264 2832 est
1293 2790 1334 2830 in
1366 2790 1511 2845 primis
