1768 3268
536 201 612 242 ‘Ex
661 200 1008 242 THEOPHANE.
1285 205 1289 209 '
1446 192 1506 237 57

42 316 158 354 ianus
187 313 388 368 patr-icius
418 314 612 369 perhibet
640 314 889 355 tin-historia
917 329 1003 354 sua.
1074 320 1167 354 erat
1198 318 1335 354 antem
1364 311 1510 352 Theo·-

40 371 177 411 ‹losius
202 370 461 411 orthodoxus
490 378 532 413 et
565 372 606 412 in
637 371 753 412 bellis
781 371 999 412 mirabilis.
1059 384 1194 424 porro
1216 369 1440 410 Gratianus
1469 373 1509 408 et
1522 381 1557 416 p·
1577 366 1645 403 104
1668 367 1692 401 3

40 427 352 468 Valentinianus
378 426 479 483 lege·
499 428 596 469 data
626 428 996 482 episcoposexilio
1034 434 1358 477 revocaverunt,
1386 423 1512 466 Aria-

40 498 114 524 nos
157 489 298 525 autem
341 485 550 539 persecuti
588 491 710 537 sunt,
753 486 933 526 Damaso
975 489 1235 539 cooperante
1273 497 1384 538 papa
1420 483 1512 523 Ro-

46 554 187 581 mano.

152 610 298 652 Mundi
317 626 426 652 anno
448 611 572 663 5874,
602 611 766 653 divinae
790 610 1087 652 incarnationis
1114 624 1222 650 anno
1243 605 1340 661 374,
1368 609 1514 651 Theo-

40 667 183 708 dosius
211 668 404 722 imperat,
436 668 552 708 cuius
582 668 746 722 imperii
778 668 927 723 quinto
963 683 1073 708 anno
1105 672 1245 707 sancta
1267 673 1308 707 et
1340 666 1514 706 univer-
1527 681 1560 716 p.
1578 669 1643 704 107
1669 669 1693 706 4

39 724 130 764 salis
160 723 337 765 secunda
365 725 547 780 synodus
581 725 790 765 celebrata
820 732 905 775 est,
937 724 1005 764 cui
1023 725 1250 778 praefuere
1270 722 1514 763 Timotheus

41 780 372 831 Alexandrinus,
401 781 588 821 Meletius
619 781 927 831 Antiochenus,
957 780 1134 836 Cyrillus
1164 779 1515 835 Hierosolymita-

41 851 117 877 nus
142 843 184 877 et
211 835 370 876 divinus
403 837 634 892 Gregorius
669 837 1172 891 Constantinopolitanus.
1231 836 1274 876 hi
1305 851 1406 876 vero
1440 835 1515 891 qui

42 907 138 934 cum
154 892 405 934 Macedonio
428 907 592 934 sensere
624 893 800 949 triginta
827 908 895 934 sex
925 893 1113 948 episcopi
1143 892 1355 933 adhortati
1383 908 1404 932 a
1434 907 1515 947 pa-

42 949 177 991 tribus
209 949 405 1004 dogmata
431 950 609 990 Nicaena
647 950 883 1004 suscipere,
914 949 1141 990 secundum
1172 949 1287 1004 quod
1315 955 1356 990 et
1386 949 1515 989 Libe-

43 1006 108 1046 rio
139 1006 479 1060 repromittentes
521 1006 681 1047 libellos
722 1013 1020 1061 porrexerant:
1062 1006 1103 1045 hi
1135 1006 1206 1060 qui
1236 1007 1347 1046 circa
1378 1006 1515 1046 Silva-

43 1077 144 1102 num
171 1066 292 1103 erant
317 1063 493 1102 Romam
523 1063 760 1114 transmissi,
792 1071 1024 1103 renuerunt
1043 1062 1210 1103 veritati
1232 1062 1514 1118 acquiescere,

43 1125 86 1159 et
115 1124 375 1163 recesserunt
406 1119 510 1159 risus
531 1118 722 1160 omnibus
754 1119 866 1167 facti,
894 1119 971 1159 alia
995 1120 1217 1159 sentientes
1236 1126 1277 1159 et
1307 1120 1386 1158 alia
1418 1120 1516 1172 pol-

42 1174 226 1222 licentes,
257 1175 496 1216 seductorie
516 1175 674 1216 Liberii
704 1176 898 1230 epistolas
919 1182 1199 1230 reportantes,
1229 1175 1516 1216 testimonium

43 1231 123 1272 sibi
151 1230 408 1286 perhibentis
440 1231 734 1272 orthodoxiae.
792 1237 934 1272 sancta
964 1246 1066 1272 vero
1095 1230 1278 1287 synodus
1299 1231 1514 1286 Gregorio

45 1287 245 1343 deiloquo
278 1287 568 1342 episcopatum
598 1288 1020 1342 Constantinopoleos
1053 1288 1300 1339 roboravit,
1331 1295 1374 1329 et
1405 1288 1516 1328 hune

44 1343 223 1385 invitum
253 1343 295 1383 in
322 1343 479 1384 throno
511 1343 679 1396 locavit,
702 1350 852 1398 utpote
881 1344 1058 1385 multum
1082 1345 1342 1385 laborantem
1374 1350 1417 1384 et
1438 1359 1517 1384 ur-

43 1400 140 1442 bem
187 1415 212 1439 a
254 1400 434 1440 laesione
475 1400 690 1441 haereseos
741 1401 1005 1441 liberantem.
1078 1416 1259 1456 cumque
1310 1401 1517 1442 didicisset

45 1454 249 1513 quosdam
289 1470 336 1496 ex
364 1457 556 1512 Aegypto
600 1456 921 1511 sapientissimus
950 1463 991 1498 et
1031 1457 1286 1498 beatissimus
1316 1457 1391 1498 iste
1418 1457 1517 1497 huic

45 1513 107 1554 rei
137 1511 339 1564 invidere,
370 1513 672 1567 compositorio
711 1528 905 1554 sermone
934 1518 1098 1554 ostenso
1126 1521 1277 1568 sponte
1307 1530 1329 1554 a
1357 1513 1516 1554 throno

46 1568 258 1625 regnantis
289 1568 404 1609 urbis
433 1569 652 1619 abscessit3
689 1585 776 1626 quo
807 1570 1010 1610 thronum
1035 1570 1247 1611 refutante
1276 1570 1519 1611 Nectarium

45 1625 280 1680 imperator
309 1633 351 1667 et
383 1626 567 1682 synodus
595 1626 822 1681 provehit,
850 1627 1096 1668 Tarsensem
1132 1641 1284 1681 genere
1313 1632 1356 1667 et
1388 1641 1519 1681 prae-

45 1682 160 1723 torio
192 1688 294 1723 tune
324 1682 657 1738 principantem3
691 1683 764 1738 qui
793 1683 891 1723 licet
922 1683 1109 1724 nondum
1138 1683 1372 1738 baptizatus
1402 1688 1517 1734 esset,

46 1738 261 1793 religiosus
290 1744 429 1779 tamen
474 1746 519 1780 et
544 1739 657 1780 vitae
687 1739 935 1780 venerabilis
968 1745 1071 1780 erat.
1142 1754 1280 1795 porro
1307 1747 1448 1780 sancta
1476 1746 1519 1780 et

47 1794 291 1836 universalis
330 1794 510 1852 synodus
548 1795 800 1837 homousion
846 1796 1055 1847 firmavit,
1096 1795 1257 1836 addidit
1296 1802 1434 1837 autem
1476 1802 1518 1837 et

47 1851 240 1907 symbolo
281 1850 535 1907 theologiam
564 1853 733 1907 spiritus
756 1853 903 1894 sancti.
979 1860 1080 1894 tunc
1110 1852 1337 1908 Gregorius
1370 1853 1519 1893 Nicae-

47 1921 122 1949 nus
153 1907 192 1948 in
226 1907 305 1949 hac
346 1914 389 1948 et
417 1908 604 1964 Pelagius
642 1909 928 1965 Eulogiusque
965 1910 1193 1951 Edessenus
1225 1916 1266 1950 et
1295 1909 1518 1951 Iconiensis

46 1963 363 2018 Amphilochius
412 1966 689 2006 coruscabant
735 1980 831 2006 cum
876 1981 1025 2021 magno
1068 1966 1279 2021 Gregorio
1329 1973 1371 2007 et
1418 1965 1518 2006 viris

46 2021 255 2074 praefatis.
323 2036 493 2077 magnus
534 2029 673 2063 autem
708 2022 899 2063 Meletius
943 2023 1254 2074 Antiochenus,
1295 2011 1651 2078 postquamP·1⁰9
1676 2014 1694 2049 ²

45 2077 228 2132 synodus
271 2083 331 2118 est
359 2077 500 2129 linita,
547 2078 749 2119 dormivit
791 2080 832 2119 in
867 2094 983 2134 pace.
1042 2079 1259 2119 ordinatus
1289 2087 1428 2120 autem
1458 2084 1519 2119 est

47 2133 266 2174 Flavianus
287 2134 533 2176 Antiochiae
552 2135 733 2190 praesul,
765 2135 930 2176 vivente
959 2150 1130 2191 quoque
1144 2135 1339 2186 Paulino,
1366 2151 1519 2191 quam-

47 2204 172 2244 quam
194 2190 302 2230 idem
321 2189 539 2231 Flavianus
556 2191 762 2245 praestitis
784 2193 1015 2232 firmaverit
1042 2192 1282 2233 iuramentis
1305 2207 1518 2247 nunquam

46 2261 88 2286 se
111 2261 255 2287 manus
277 2246 586 2301 impositionem
609 2248 872 2303 episcopatus
896 2249 1100 2290 ullatenus
1124 2247 1410 2289 admissurum.
1442 2249 1518 2288 ite-

48 2316 142 2342 rum
161 2316 261 2358 ergo
282 2303 471 2343 turbatio
491 2304 703 2345 ecclesiam
725 2305 943 2346 obtinebat
962 2304 1278 2356 Antiochenam,
1307 2305 1393 2345 aliis
1420 2304 1518 2359 qui-

48 2357 142 2399 dem
169 2359 346 2400 Paulino
365 2359 452 2399 aliis
481 2375 582 2402 vero
598 2361 799 2402 Flaviano
826 2361 1084 2416 parentibus.
1114 2361 1226 2416 apud
1244 2361 1519 2402 Palaestinam

46 2429 150 2455 vero
170 2416 210 2456 in
234 2415 400 2456 castello
416 2416 570 2458 Emaus
596 2425 715 2458 natus
731 2426 793 2459 est
810 2433 917 2472 puer
938 2419 1162 2471 perfectus,
1182 2419 1235 2458 ab
1255 2417 1453 2458 umbilico
1476 2422 1520 2457 et

45 2484 208 2512 sursum
226 2471 402 2523 divisus,
425 2472 481 2512 ita
513 2479 559 2514 ut
575 2472 750 2514 baberet
783 2474 868 2514 duo
901 2480 1076 2529 pectora
1107 2481 1149 2514 et
1178 2474 1262 2515 duo
1293 2474 1445 2527 capita,
1477 2477 1522 2513 et

50 2528 334 2584 uuusquisque
361 2543 522 2581 sensus,
556 2537 597 2570 et
629 2545 734 2571 unus
764 2529 914 2571 edebat
945 2538 987 2571 et
1016 2531 1199 2581 bibebat,
1229 2536 1270 2571 et
1298 2531 1404 2570 alter
1433 2542 1519 2569 non

48 2582 198 2624 edebat
218 2599 230 2636 3
259 2600 365 2626 unus
387 2585 636 2639 dormiebat,
666 2594 707 2628 et
725 2588 831 2628 alter
845 2588 1059 2643 vigilabat.
1094 2601 1395 2641 nonnunquam
1417 2599 1520 2626 vero

49 2645 90 2679 et
118 2640 239 2680 simul
268 2640 470 2682 ludebant
497 2642 548 2683 ad
577 2643 850 2694 alterutrum,
880 2652 920 2684 et
948 2644 1074 2684 flebat
1106 2650 1308 2697 uterque,
1346 2647 1388 2682 et
1416 2657 1520 2698 per-

49 2696 262 2738 cutiebant
295 2698 484 2739 invicem.
553 2714 689 2754 porro
743 2702 879 2741 vixere
918 2702 1033 2740 annis
1078 2701 1208 2739 ferme
1249 2698 1436 2748 duobus,
1477 2705 1520 2739 et

51 2766 152 2792 unus
184 2754 354 2809 quidem
382 2761 573 2796 mortuus
603 2763 686 2806 est,
717 2756 824 2797 alter
858 2771 958 2797 vero
1002 2756 1101 2796 vixit
1145 2754 1287 2794 diebus
1319 2761 1518 2811 quatuor,

49 2814 91 2848 et
121 2817 310 2852 mortuus
341 2819 403 2853 est
432 2817 474 2853 et
494 2812 590 2868 ipse.
648 2812 908 2855 Theodosius
940 2820 1079 2854 autem
1101 2810 1332 2853 undecimo.
1350 2811 1517 2867 imperii

1530 2338 1646 2386 p.110
