1728 3184
678 200 683 203 ⁴
728 189 928 231 NOTAE.
1423 194 1428 199 ’
1445 183 1507 234 42
1518 191 1539 234 1

83 304 196 354 ξατο.
253 303 377 345 Eliae
420 303 802 357 Hierosolymorum
846 307 1028 361 episcopo
1065 308 1277 348 mandavit
1309 311 1546 364 imperator,

81 368 125 400 ut
155 361 349 413 &nodum
377 361 678 416 episcoporum,
714 373 815 415 quos
855 362 925 401 sub
966 377 1006 402 se
1034 362 1209 403 habebat
1224 393 1236 413 ‚
1264 366 1479 419 colligeret,
1507 371 1548 405 ee

81 426 266 471 quartam
293 417 492 470 modum
515 417 818 460 condemnaret.
877 418 998 458 Elias
1024 433 1120 459 vero
1155 421 1350 471 synodum
1380 422 1547 475 quidem

81 487 159 513 non
189 474 479 528 congregavit.-
506 474 596 528 ipse
640 488 740 514 ver-o
767 474 874 514 solus
902 474 1144 524 Nestorium,
1175 475 1412 529 Eutyckem‚
1441 477 1548 518 Dio-

77 528 233 578 dorum,
258 537 298 570 et
328 529 583 570 Theodorum
625 529 860 581 damnavit,
890 539 931 571 et
959 530 1321 572 chalcedonensem
1347 533 1547 586 synodum

79 585 239 680 rescit-epit.
294 585 501 642 quidquid
540 586 639 628 alias
681 585 853 642 legeris,
884 586 970 627 vim
998 586 1197 628 historiae
1225 593 1268 628 et
1294 589 1380 629 eius
1411 590 1546 630 verbis

81 640 121 680 in
142 646 221 681 ert.

192 707 286 760 233,
304 707 343 750 6.
400 706 581 749 σύνοδον
599 705 929 763 ἀποδεχόμενος]
963 711 1051 766 lege
1074 710 1153 763 bic,
1170 711 1302 764 sodes,
1330 726 1421 767 pag.
1451 725 1548 754 suc-

79 764 262 806 cedentis
291 772 434 806 notam
463 772 733 820 postremam.

191 837 300 878 Ibid.
319 837 360 878 8.
418 835 677 894 Νικαιώτου]
705 837 959 880 ΛΙαεΙιίοιαηι
988 846 1190 895 corrupte
1219 840 1316 896 legit
1347 841 1549 881 Batonius

81 892 132 932 ad
161 908 317 935 annum
356 892 397 935 d.
427 893 510 936 506
554 910 667 936 num.
700 895 780 946 16,
822 901 864 936 et
890 893 974 936 516
1014 911 1126 937 num.
1152 895 1207 936 40
1246 912 1294 939 ex
1342 903 1548 952 corrupto

79 949 266 992 Liberati
281 949 443 992 codice.

184 1029 294 1070 Ibid.
329 1027 395 1069 13.
453 1027 499 1070 ἐν
528 1029 585 1085 τῷ
616 1027 946 1088 Ἀντικανθάρῳ]
975 1031 1231 1073 Cantharum
1256 1032 1450 1074 balneum
1477 1046 1547 1073 su-

77 1098 156 1139 pra
186 1085 371 1140 laudavit
400 1093 567 1127 auctor.

187 1158 295 1200 Ibid.
322 1159 385 1200 15.
441 1159 631 1212 μοναχοί
662 1173 775 1207 τινες
805 1156 1030 1214 αἱρετικοί]
1074 1161 1146 1217 qui
1183 1161 1341 1202 fuerint
1370 1161 1426 1200 illi
1459 1174 1549 1200 mo-

80 1213 215 1266 nachi,
241 1215 353 1256 unde
384 1217 608 1271 progressi,
640 1217 755 1257 cuius
787 1217 920 1271 gratia
941 1218 1018 1257 CP.
1048 1231 1091 1258 se
1114 1218 1390 1270 contulerint,
1419 1218 1549 1258 refert

79 1270 282 1326 Euagrius
312 1271 382 1312 lib.
411 1270 438 1312 3
472 1287 567 1327 cap.
594 1271 663 1312 33.

189 1345 286 1400 234,
314 1349 352 1391 5.
412 1348 487 1391 καί
511 1347 705 1405 Ἰωάννην
743 1350 951 1400 δέξασθαι
985 1349 1046 1406 μή
1077 1349 1319 1408 δεχόμενον]
1350 1353 1410 1393 his
1439 1359 1549 1393 atte-

80 1413 218 1448 statur
233 1407 454 1448 Liberatus
484 1406 647 1461 cap.18
677 1413 774 1448 ante
808 1408 944 1448 finem.

187 1473 301 1514 lbid.
314 1473 354 1515 8.
412 1474 640 1526 Δευτέριος
667 1473 714 1514 δὲ
742 1469 764 1513 ὃ
787 1473 1027 1525 ἐπίσκοπος]
1051 1489 1158 1531 pene
1174 1476 1380 1517 verbatim
1410 1476 1546 1517 iacent

78 1530 180 1572 haec
208 1530 321 1586 apud
348 1530 622 1572 Theodorum
658 1532 872 1572 flecterem.

187 1610 297 1653 Ibid.
332 1610 395 1651 11.
467 1610 715 1661 βαπτίζεται
748 1608 984 1664 βάρβαρος]
1016 1612 1110 1652 vide
1140 1613 1324 1653 Graecos
1353 1611 1405 1651 ab
1434 1612 1547 1650 anti-

79 1680 163 1721 quo
196 1668 356 1721 passiva
401 1667 650 1721 recipiendi,
692 1683 776 1707 non
821 1668 954 1707 activa
995 1668 1257 1708 ministrandi
1289 1673 1545 1708 sacramenta

76 1725 211 1763 forma
242 1730 286 1764 et
316 1724 405 1778 lege
433 1737 548 1763 usos:
581 1724 632 1763 de
670 1739 751 1779 qua
783 1738 858 1764 nos
886 1726 925 1764 in
946 1724 1240 1778 euchologicis.
1299 1719 1477 1777 βάρβας,
1507 1731 1548 1764 et

74 1777 244 1830 βάρβαν
281 1780 322 1820 in
352 1780 452 1821 vat.
490 1780 539 1829 1,
578 1780 736 1834 ubique
776 1778 845 1820 hic
874 1780 1025 1831 scribi,
1075 1780 1187 1821 velut
1219 1780 1439 1835 proprium
1469 1796 1545 1820 no-

77 1850 203 1888 men,
244 1837 432 1878 observa.
508 1836 618 1877 idem
663 1837 775 1892 apud
816 1837 1093 1878 Theodorum
1133 1836 1341 1878 lectorum
1381 1837 1546 1878 obviam

76 1893 202 1933 venit.

186 1959 294 2000 Ibid.
326 1957 392 2001 14.
452 1955 473 2000 ὃ
507 1960 554 2001 δὲ
580 1956 781 2013 βασιλεύς
810 1958 1105 2016 Μακεδόνων]
1133 1961 1236 2002 haec
1263 1960 1375 2014 apud
1403 1959 1544 2001 Theo..

74 2014 226 2055 dorum
259 2017 547 2071 superioribus
575 2018 815 2071 praemissa.

185 2102 293 2142 lbid.
328 2100 391 2142 16.
463 2098 658 2154 καθάπερ
699 2101 775 2141 καί
812 2097 957 2149 Ηλίας
978 2099 1299 2155 Ἱεροσολύμων]
1330 2103 1544 2156 oppositus

69 2157 147 2198 sibi
180 2158 255 2211 ipsi
286 2157 561 2212 Theophanes
585 2157 637 2199 de
662 2158 754 2198 Elia
775 2158 1060 2199 narrationem
1093 2158 1330 2199 instituens:
1364 2159 1430 2198 hic
1465 2161 1545 2197 im-

72 2215 280 2265 peratoris
310 2215 848 2255 auxiliariusMacedonium
878 2221 1014 2269 urget,
1044 2221 1092 2255 ut
1115 2215 1319 2254 svnodum
1351 2214 1541 2255 Chalced.

71 2270 334 2311 anathemate
364 2271 508 2321 feriat,
547 2271 619 2326 qui
653 2271 757 2311 linea
795 2272 972 2327 paginae
999 2263 1224 2325 praesentis
1253 2272 1385 2323 prima
1416 2266 1542 2310 σιῖιό-

72 2325 146 2366 δον
176 2322 490 2380 ἀποδεχόμενος
518 2328 726 2367 asseritur.
784 2329 937 2368 sicum
964 2328 1153 2368 Palatino
1185 2328 1327 2367 codice
1357 2327 1402 2366 τὸ
1437 2324 1542 2365 (Ino-

74 2380 296 2434 δεχόμενος
325 2383 558 2430 sustuleris;
588 2383 694 2424 Elias
727 2398 822 2424 cum
849 2385 1017 2440 reliquis
1047 2383 1212 2438 periodi
1246 2383 1434 2436 superius
1464 2396 1542 2435 po-

73 2441 175 2480 sitae
202 2439 408 2493 synodum
438 2439 631 2480 Cbalced.
667 2441 1000 2490 anathematizat,
1032 2440 1221 2494 adeoque
1251 2439 1541 2478 Macedonium

74 2496 359 2537 orthodoxum
391 2511 485 2536 cum
519 2497 726 2537 Anastasio
758 2503 895 2550 potest
923 2497 991 2536 hic
1017 2497 1224 2551 persequi.
1288 2496 1375 2548 lege
1405 2495 1471 2534 hic
1496 2510 1541 2534 ex

71 2553 270 2606 opposito
300 2551 452 2594 Ἠλίαν
481 2554 627 2600 (Eliam
657 2554 765 2592 enim
794 2553 1015 2594 accusandi
1042 2567 1136 2592 casu
1159 2552 1355 2591 Anastasii
1386 2552 1543 2591 editio-

72 2610 134 2650 nis
150 2610 302 2664 Regiae
330 2610 474 2665 legunt
505 2610 748 2662 marginales
778 2610 991 2660 lectiones)
1021 2611 1093 2664 qui
1122 2609 1200 2658 hic,
1231 2623 1306 2647 ceu
1336 2607 1542 2647 orthodo-

71 2681 143 2706 xus
173 2667 225 2707 ab
253 2666 468 2708 Anastasio
504 2668 587 2706 vim
609 2668 785 2720 patitur,
818 2666 928 2707 idem
959 2667 1052 2706 loco
1082 2664 1302 2718 superiore
1330 2663 1541 2704 orthodo-

72 2737 144 2762 xus
189 2724 290 2763 item
330 2723 531 2767 synodum
574 2722 824 2764 Chalcedon.
869 2722 1064 2763 admittit.
1134 2727 1272 2760 utrum
1317 2735 1451 2774 porro
1493 2718 1538 2760 zi>

67 2771 383 2832 ἀποδεχόμενος
427 2795 521 2823 cum
555 2780 679 2823 palat.
721 2794 973 2835 expungam,
1013 2778 1074 2819 vel
1118 2792 1213 2818 cum
1248 2777 1445 2818 Anastasii
1476 2777 1539 2815 ci-
