1728 3184
228 191 326 244 438
715 202 772 243 m
811 201 1187 244 THEOPHANEM

226 299 430 345 τὀπάτια·
485 302 630 346 debent
658 307 730 361 qui
755 315 864 347 stane
889 308 934 347 in
961 306 1102 346 media
1133 306 1227 345 acie
1252 303 1348 345 vias
1375 312 1581 359 angustas,
1612 317 1699 345 mo-

226 362 392 416 nopatia
421 359 565 412 dictas,
597 362 753 404 liberas
783 364 1027 419 relinquere.
1058 360 1294 414 μονόπατος
1324 360 1467 416 itaque
1497 360 1700 401 aPalatio

227 417 278 456 ad
310 417 471 458 circum
498 417 578 462 via.

342 490 437 542 286,
470 491 508 532 7.
567 490 861 546 ἶλλουστρίων]
892 492 1152 533 Pancirollus
1185 491 1227 531 in
1258 490 1381 532 notit.
1412 491 1511 546 imp.
1557 505 1647 546 cap.
1676 491 1703 531 2

227 548 268 587 in
301 548 400 590 duas
432 547 571 588 classes
611 554 773 588 senatus
815 550 944 590 dividi
989 549 1153 603 coepit,
1187 548 1426 599 illustrium,
1455 554 1497 589 et
1527 547 1704 588 clarissi-

227 619 419 651 morum;
450 605 490 644 hi
515 605 696 658 patricii,
727 606 904 646 illustres
935 606 1017 657 alii,
1046 612 1256 646 senatores
1276 605 1489 645 minorum
1503 605 1704 660 gentium.

226 661 384 702 Basilio.
414 662 547 716 eclog.
582 660 620 701 7.
655 658 693 701 οἱ
723 657 805 700 ἀπὸ
843 663 1084 714 πατρικίων,
1115 661 1193 709 ἓως
1226 658 1502 715 ἶλλουστρίων
1530 660 1638 702 εἰσίν
1665 656 1705 700 οἱ

226 714 504 772 συγκλητικοί.
560 727 758 757 senatores
800 733 827 757 a
858 719 1052 774 patriciis
1093 719 1157 758 ad
1192 719 1365 758 illustres
1407 733 1528 774 usque
1563 732 1706 758 nume-

225 782 383 814 rantur.
443 775 600 829 glossae
629 774 788 813 Basilio.
821 771 1099 829 ἰλλούστριος,
1131 770 1314 828 εὐγενής.

232 904 240 912 ·
277 846 448 912 ..Ibid.
485 847 548 888 10.
606 846 796 900 α’στέρων
838 848 980 900 γέγονε
1021 845 1196 901 δρόμος]
1229 846 1421 903 Agathias
1453 847 1524 888 lib.
1554 847 1580 887 5
1609 853 1707 903 post

229 910 410 944 mitium.

336 977 450 1016 Ibid.
485 976 548 1016 15.
623 972 887 1029 Θεοδώραῆ
935 973 1234 1030 εὐσεβεστάτη]
1277 975 1456 1018 videnda
1500 991 1608 1033 quae
1654 976 1708 1018 de

226 1032 479 1089 Pythiorum
508 1034 624 1088 aquis
654 1034 898 1073 scribuntur
925 1032 966 1072 in
997 1033 1105 1073 notis
1135 1031 1187 1072 ad
1221 1047 1377 1073 annum
1405 1033 1620 1075 Iustiniani
1638 1032 1709 1075 37.

342 1115 491 1168 2821.
549 1117 745 1168 Πρίσκος
774 1114 795 1156 ὅ
817 1109 990 1171 ὕπατος]
1020 1116 1052 1157 is
1081 1115 1250 1157 videtur
1269 1117 1506 1170 Emesenus,
1537 1118 1590 1159 de
1621 1132 1707 1174 quo

226 1172 371 1213 Suidas
402 1189 441 1213 v.
484 1172 701 1227 Πρίσκος,
733 1173 926 1225 nomine,
968 1179 1167 1214 notarum
1204 1174 1518 1227 experimentO,
1550 1181 1592 1216 et
1621 1175 1708 1215 eius

223 1243 362 1283 poena
408 1231 534 1271 talem
577 1231 867 1271 asserentibus.
948 1231 1163 1271 consulem
1212 1245 1308 1271 cum
1349 1246 1434 1271 non
1475 1237 1710 1287 agnoscunt

224 1287 350 1338 Fasti,
382 1302 514 1343 quare
548 1283 594 1327 τό
627 1282 804 1339 ὕπατος,
834 1286 900 1327 vel
931 1288 1016 1328 eius
1048 1294 1107 1328 est
1137 1294 1480 1342 cognomentum,
1509 1288 1574 1329 vel
1603 1303 1711 1343 pro-

224 1343 385 1383 missam
416 1359 465 1384 ac
499 1344 751 1398 designatam
784 1345 985 1384 duntaxat
1010 1343 1253 1399 dignitatem
1282 1346 1485 1386 enuntiat.
1555 1345 1709 1386 viden-

226 1400 301 1440 dus
331 1402 534 1440 Baronius
566 1400 618 1440 ad
657 1417 722 1441 an.
755 1400 836 1441 535
878 1417 900 1441 a
929 1416 1040 1443 num.
1076 1399 1127 1441 16
1160 1402 1213 1442 ad
1242 1401 1310 1451 21,
1343 1402 1456 1456 apud
1485 1416 1611 1457 quem
1645 1401 1710 1442 lex

227 1455 278 1496 de
307 1457 872 1511 praescriptioneBelissario
905 1458 1076 1498 consule
1104 1458 1198 1508 lata,
1230 1472 1341 1498 anno
1373 1458 1564 1514 sequenti
1594 1473 1709 1499 ema..

226 1526 340 1554 nasse
368 1515 585 1566 censenda,
616 1522 713 1568 post
746 1530 922 1569 poenam
947 1515 1146 1556 nimirum
1177 1515 1322 1555 Prisco
1351 1515 1596 1570 irrogatam.

338 1587 445 1628 Ibid.
468 1587 506 1627 5.
565 1584 762 1640 γεγόνασι
787 1586 1077 1628 Ουάνδαλικοί
1099 1585 1294 1640 πόλεμοι]
1326 1589 1561 1630 Marcellini
1580 1588 1710 1628 chro-

227 1642 350 1683 nicon
386 1659 495 1684 anno
530 1645 744 1685 Iustiniani
775 1644 814 1695 7,
846 1645 989 1685 indict.
1029 1645 1092 1695 12,
1125 1647 1357 1687 Iustiniano·
1398 1646 1489 1701 ipso
1521 1645 1580 1687 lV
1608 1660 1712 1685 con-

225 1699 326 1740 sule.
361 1702 525 1756 reliqua
557 1701 793 1755 Procopius
826 1701 878 1741 de
898 1701 979 1741 bel.
1009 1702 1149 1742 Vand.
1179 1702 1206 1741 l.
1241 1703 1277 1741 1.

338 1784 447 1825 Ibid.
478 1784 519 1825 6.
581 1782 619 1824 οἱ
650 1782 731 1838 γὰρ
766 1783 1023 1840 Ουάνὸῆλοι]
1057 1801 1104 1827 ex
1127 1785 1332 1840 Procopii
1364 1785 1436 1827 lib.
1469 1785 1490 1826 1
1522 1786 1574 1827 de
1600 1786 1713 1827 bello

227 1840 461 1881 Vandalico
498 1849 694 1896 excerpta
723 1843 926 1882 narratio.

304 1914 450 2010 Ἰ).Ιιὶ)ἰιί.
483 1914 523 1955 8.
582 1915 907 1968 Γογὸιγίσκλου]
952 1916 1191 1970 Procopius
1231 1915 1405 1957 Latinus
1445 1915 1714 1972 Godigiscum

232 1983 314 2010 scri
347 1986 357 2010 1
381 2003 392 2014 .

344 2044 455 2085 Ibid.
492 2043 558 2085 10.
614 2041 838 2098 Γὸγδαρις]
872 2044 983 2086 idem
1011 2046 1253 2087 Gontharis.

342 2115 440 2166 288,
475 2116 514 2156 1.
575 2113 816 2167 Αὕράσιον]
849 2119 971 2158 idem.
1000 2122 1225 2160 Aurarium
1257 2119 1371 2172 (alibi
1402 2119 1640 2171 Abrasiu1n‚
1675 2125 1717 2159 et

229 2172 473 2224 Aurasium)
517 2188 629 2212 mons
674 2175 717 2213 in
748 2174 948 2215 Numidia
986 2177 1062 2215 iter
1097 2177 1255 2217 dierum
1301 2176 1355 2216 33
1399 2191 1429 2217 α
1463 2176 1717 2229 Carthagine

227 2228 398 2323 ἵζειαηε,
431 2244 484 2327 abc
513 2230 573 2268 ad
598 2231 816 2270 meridiem
842 2241 1038 2287 spectans,
1066 2234 1113 2273 in
1139 2249 1218 2290 quo
1238 2234 1450 2274 Maurusii
1474 2248 1502 2273 a
1531 2232 1580 2273 V
1575 2233 1712 2274 anda-

249 2299 284 2324 ts
313 2300 355 2325 se
383 2295 448 2326 tue
481 2295 610 2325 antur.
912 2296 914 2302 ⁸

342 2354 457 2397 Ibid.
487 2353 525 2394 2.
583 2353 847 2406 Γονὸαβοῧν]
883 2356 1215 2398 Gundabundus.

345 2427 461 2467 Ibid.
494 2426 534 2466 5.
598 2427 946 2483 Τρασαμοῦνδος]
976 2430 1302 2471 Trasamundus.

341 2493 454 2538 Ibid.
491 2494 554 2535 11.
609 2491 944 2548 Ἀμαλαφριὸά]
979 2498 1181 2539 videndus
1213 2497 1441 2538 lornandes
1471 2496 1541 2536 lib.
1575 2493 1626 2535 dc
1645 2509 1716 2534 re-

230 2550 308 2591 bus
340 2551 510 2601 Geticis,
547 2566 632 2607 quo
665 2552 971 2592 Amalafredam
1003 2569 1092 2594 eam
1123 2554 1319 2610 appellat.

234 2677 272 2715 G
305 2617 544 2719 ῐΗΙΙηὶΙιῙῘὸΙΕἱ.1
597 2619 783 2670 Λύσιον]
822 2635 981 2675 repone
996 2623 1255 2679 Lilybacum.
1271 2621 1507 2675 Procopius
1531 2618 1713 2661 debello

277 2690 300 2715 o
357 2692 385 2715 ι.
440 2692 448 2715 ι
483 2706 491 2715 .
551 2707 561 2716 .

350 2742 447 2795 289,
480 2743 521 2784 5.
574 2742 829 2798 Ἀμεργοῦς]
865 2748 1004 2786 Amcr.

352 2811 459 2852 Ibid.
490 2812 553 2853 17.
612 2806 796 2869 Εὖγὲης[
825 2814 1053 2869 Euagcucs.
