1768 3268
535 213 606 254 Ex
644 211 999 255 THEOPHANE.
1092 236 1094 238 v
1434 207 1497 254 97

28 326 281 377 Gezerichus
319 327 580 369 Bonisacium
625 328 834 369 insecutus
862 334 950 381 est,
992 342 1106 367 nunc
1150 343 1252 370 vero
1285 327 1552 375 Belisariusp
1573 329 1642 363 301

28 387 298 434 Gelimmm.
353 391 575 440 praeterea
606 390 673 426 tot
699 385 901 439 pecunias
926 385 1158 425 multitudo
1206 387 1369 440 reperit
1399 391 1554 442 quotp.
1570 390 1642 425 304
1670 387 1714 423 1-'1

29 444 89 484 in·
101 443 242 489 nullo
239 442 346 483 loco
370 457 556 498 unquam
585 457 672 482 esse
702 443 954 496 contigerat.
1012 441 1195 498 denique
1217 445 1508 483 Romanorum

27 498 318 555 principatum
343 498 648 554 depopulantes
678 500 875 565 pecunias
915 499 1104 539 multas
1094 515 1136 539 in
1167 499 1344 555 Libyam
1374 507 1512 541 trans-

29 556 236 598 tulerunt.
297 561 340 596 et
367 571 465 596 cum
491 557 577 610 ipsa
606 557 725 611 regio
754 557 915 611 optima
944 562 989 596 et
1015 555 1194 596 secunda
1224 563 1350 607 esset,
1379 571 1511 612 pecu-

30 614 210 655 uiarum
223 613 384 654 reditus
413 614 470 654 eis
501 612 639 653 effecti
680 619 779 654 sunt
818 612 954 654 multi.
1020 614 1250 668 nonaginta
1280 614 1440 670 quippe
1470 619 1514 653 et

29 670 222 726 quinque
249 670 367 710 annis
386 668 563 711 Vandali
589 670 766 726 Libyam
798 675 1051 718 tenuerunt;
1083 676 1126 710 et
1154 685 1249 711 cum
1266 671 1417 711 multas
1446 669 1515 710 di-

30 729 153 770 vitias
181 727 468 781 collegissent,
516 727 557 767 in
591 726 660 767 illa
707 727 816 768 die'
805 742 846 767 in
877 728 1169 768 Romanorum
1197 742 1342 767 manus
1374 741 1564 777 omnesp.
1580 728 1655 763 305

31 785 205 834 divitiae
246 783 480 825 redierunt.
539 784 580 824 in
612 783 748 824 tribus
787 784 897 824 enim
929 784 1138 825 mensibus
1167 799 1264 825 cum
1294 791 1517 839 pugnasset

32 841 280 892 Belisarius‚
322 840 364 881 id
394 846 457 882 est
485 856 509 881 a
548 840 732 882 calendis
762 841 1025 882 Octobribus
1070 856 1202 897 nsque
1233 841 1284 881 ad
1329 839 1518 882 calendas

31 898 333 951 Decembrias,
361 903 497 938 totam
527 898 702 954 Libyam
731 898 932 938 subdidit.
1008 899 1120 938 mis-it
1149 906 1292 939 autem
1320 900 1519 938 Ioannem

32 956 279 999 Armenium
306 969 404 996 cum
444 954 634 996 ducentis
669 955 809 996 electis
851 955 1045 1011 persequi
1077 955 1354 1005 Gebmerem,
1385 956 1520 996 donec

34 1027 132 1053 eum
164 1013 304 1061 vivum
319 1017 399 1064 ‚aut
422 1019 643 1052 mortuum
663 1012 1073 1066 comprehenderet;
1106 1013 1179 1068 qui
1201 1027 1518 1067 praeoccupans

35 1070 291 1118 Gelimerem
337 1069 719 1124 comprehensurus
761 1076 877 1120 erat,
908 1070 983 1109 nisi
1014 1085 1079 1110 res
1109 1070 1350 1124 contigisset
1379 1069 1522 1109 huius-

35 1127 180 1178 modi-⁴
203 1159 208 1163 .
229 1126 422 1168 Huliares
454 1125 624 1180 quidam
654 1141 701 1166 ex
732 1126 920 1166 Belisarii
962 1127 1178 1181 armigeris
1206 1133 1300 1167 erat
1327 1141 1422 1167 cum
1452 1127 1523 1166 Io-

37 1198 168 1231 anne;
203 1184 278 1238 qui
307 1182 405 1224 vino
440 1183 695 1233 inebriatus,
724 1181 867 1223 videns
905 1198 1024 1223 avem
1063 1198 1192 1238 super
1222 1184 1423 1224 arborem
1454 1182 1521 1223 in.-

35 1241 255 1291 sidentem,
300 1245 417 1281 tenso
451 1253 555 1279 arcu
587 1240 685 1279 iecit
712 1239 910 1280 adversus
940 1255 1071 1281 avem.
1130 1247 1174 1280 et
1205 1255 1323 1280 avem
1353 1239 1524 1296 quidem

35 1302 284 1339 consecutus
314 1311 400 1338 non
430 1302 520 1347 est,
552 1297 751 1337 Ioannem
779 1311 883 1337 vero
925 1304 1044 1337 retro
1077 1297 1120 1337 in
1152 1298 1319 1338 cervice
1350 1311 1526 1352 percus-

36 1355 112 1402 sit;
145 1354 219 1409 qui
264 1355 452 1409 plagatus
479 1359 674 1393 mortuus
704 1360 785 1403 est,
830 1354 1011 1394 multum
1039 1354 1199 1394 luctum
1226 1361 1312 1395 tam
1340 1355 1526 1410 impera-

39 1410 125 1452 tori
156 1411 380 1459 iustiniano
410 1415 453 1451 et
473 1410 675 1450 Belisario
704 1425 834 1464 quam
862 1411 1022 1451 cunctis
1049 1411 1246 1452 Romanis
1274 1416 1318 1451 et
1346 1410 1524 1451 Cartba-

36 1467 283 1522 ginensibus.
304 1465 615 1522 derelinquens.
672 1467 817 1507 taliter
834 1467 1022 1508 Gelimer
1050 1468 1247 1523 effugiens
1277 1467 1346 1507 ina
1375 1467 1443 1508 die
1472 1468 1527 1508 ad

38 1526 275 1565 Maurusios
303 1524 579 1578 properavit3
615 1538 742 1579 quem
771 1523 995 1564 Belisarius
1034 1530 1279 1620 persecutus
1306 1525 1348 1564 in
1377 1525 1525 1578 Papua

38 1587 197 1632 monte,
231 1581 283 1622 in.
305 1579 536 1622 novissimis
568 1580 787 1621 Numidiae
806 1611 819 1630 ,
847 1581 1035 1622 circumc
1054 1582 1157 1633 usit,
1191 1582 1303 1622 hune
1333 1581 1527 1622 obsidens

36 1653 116 1693 per
147 1638 341 1687 hiemem,
370 1637 659 1678 deficientibus
681 1637 719 1678 ei
752 1638 946 1678 omnibus
974 1638 1235 1678 necessariis:
1267 1639 1386 1693 panis
1415 1639 1528 1679 enim

37 1695 151 1749 apud
180 1693 418 1736 Maurusios
456 1709 541 1735 non
574 1695 623 1734 fit
655 1709 792 1750 neque
835 1694 980 1735 vinum
1010 1710 1149 1750 neque
1180 1696 1335 1747 oleum,
1357 1696 1430 1736 sed
1462 1696 1528 1735 sar

37 1758 82 1792 et
108 1751 318 1792 hordeum
359 1751 631 1791 immaturum
649 1782 661 1800 ,
711 1757 760 1791 ut
806 1751 1115 1792 irrationabilia
1145 1752 1349 1804 animalia,
1379 1767 1526 1793 come·
1540 1773 1574 1808 p.
1587 1760 1658 1795 306

35 1808 158 1850 dunt.
213 1808 277 1849 his
306 1809 494 1849 Gelimer
524 1808 712 1849 incidens
755 1809 905 1850 scribit
933 1807 986 1849 ad
1017 1810 1175 1861 Faran,
1201 1823 1328 1864 quem
1357 1808 1526 1850 dimise-

38 1873 108 1907 rat
138 1865 359 1907 Belisarius
389 1865 444 1906 ad
474 1864 796 1906 custodiendum
827 1880 939 1918 eum,
975 1873 1024 1906 ut
1053 1866 1242 1907 mitteret
1273 1866 1352 1907 sibi
1387 1866 1528 1907 citha-

37 1938 129 1964 ram
157 1928 200 1962 et
227 1937 379 1978 panem
427 1937 560 1962 unum
588 1929 632 1963 et
662 1922 895 1978 spongiam.
963 1923 1092 1964 Faras
1129 1928 1270 1964 autem
1296 1923 1527 1964 haesitabat

38 1979 241 2034 quidnam
272 1985 379 2021 esset
404 1978 501 2031 hoe,
529 1979 667 2020 donec
697 1979 772 2034 qui
801 1979 1012 2020 detulerat
1040 1979 1259 2035 epistolam
1290 1979 1395 2021 dixit
1426 1981 1525 2037 quia

37 2050 190 2090 panem
219 2035 392 2092 quidem
423 2035 635 2076 desiderat
663 2035 810 2077 videre
842 2035 1053 2088 Gelimer,
1082 2052 1168 2077 non
1198 2037 1342 2077 videns
1372 2052 1523 2092 panem

37 2108 87 2134 ex
117 2107 205 2148 quo
234 2093 423 2134 ascendit
454 2093 495 2133 in
514 2098 717 2145 montem,
749 2093 973 2148 spongiam
1004 2099 1146 2135 autem
1165 2100 1349 2149 propter
1378 2095 1524 2134 oculo<

37 2165 122 2191 non
153 2151 262 2190 lotos
292 2165 343 2190 ac
373 2164 451 2204 per
481 2149 566 2190 hoc
598 2149 756 2202 laesos,
785 2157 993 2206 quatenus
1021 2149 1099 2192 hos
1131 2151 1321 2192 sinceros
1348 2165 1481 2205 spong,
1471 2151 1524 2190 ia

37 2205 203 2258 reddat,
230 2221 365 2260 porro
394 2205 613 2257 citharam,
643 2214 693 2247 ut
713 2207 996 2248 calamitatem
1024 2213 1067 2248 et
1095 2208 1350 2249 lamentetur
1377 2214 1419 2248 et
1448 2207 1523 2248 de·-

34 2263 150 2304 sseat.
222 2263 285 2303 his
325 2263 476 2303 auditis
514 2264 643 2304 Far-is
683 2263 937 2313 condolens,
976 2269 1020 2305 et
1047 2264 1265 2305 fortunam
1297 2264 1521 2304 humanam

36 2320 278 2375 deplorans,
310 2319 540 2360 secundum
559 2321 645 2361 eius
675 2321 834 2376 scripta
862 2321 1054 2371 faciebat,
1082 2327 1126 2361 et
1154 2321 1297 2362 omnia
1327 2321 1522 2361 mittebat

35 2391 316 2433 quaecunque
330 2379 364 2428 ⁴¹)
400 2377 587 2418 Gelimer
616 2378 778 2431 egebat.
836 2385 1059 2432 praeterea
1089 2392 1187 2418 cnm
1216 2378 1346 2419 hiems
1380 2383 1520 2417 trans..

36 2434 168 2486 iisset,
198 2439 384 2475 metuens
414 2433 602 2474 Gelimer
643 2434 908 2474 obsidionem
942 2435 1258 2488 Romanorum,
1293 2440 1335 2475 et
1364 2447 1519 2489 cogna-

37 2497 183 2531 torum
209 2491 403 2531 misertus
434 2490 647 2541 filiorum,
689 2490 763 2546 qui
801 2506 963 2531 vermes
1005 2491 1047 2530 in
1076 2490 1220 2532 eadem
1258 2490 1427 2530 miseria
1418 2466 1518 2531 ²³se-

35 2553 216 2599 cerant,
250 2544 471 2587 dissolutus
514 2554 577 2587 est
617 2554 781 2599 mente,
810 2554 852 2588 et
891 2548 946 2589 ad
975 2548 1115 2589 Faran
1160 2547 1372 2601 rescripsit
1402 2546 1517 2601 quod

38 2603 134 2645 fidei
165 2579 298 2646 verbo
328 2610 503 2659 recepto
536 2604 652 2658 ipse,
682 2611 725 2644 et
771 2604 844 2660 qui
883 2619 1024 2646 secum
1065 2611 1220 2655 erant,
1267 2603 1318 2644 ad
1364 2603 1518 2644 Belisa-

89 2750 120 2794 Ἴ
146 2753 405 2796 quaecuuque]
428 2749 517 2784 Cato
532 2760 590 2795 ap.
613 2750 653 2783 A.
674 2750 935 2784 Gelliumlass
968 2777 976 2783 .
1004 2750 1088 2796 qnia
1114 2749 1226 2782 multa
1251 2759 1353 2793 egeo.
1406 2749 1514 2782 Plau-

137 2797 554 2832 tushlenaechm.act.1
587 2809 635 2830 sc.
655 2798 698 2832 2:
723 2810 791 2832 nec
816 2811 864 2845 qu
870 2751 959 2844 idq·2
948 2810 1016 2830 iam
1034 2808 1129 2841 eges.
1180 2797 1380 2830 Priscianus
1412 2798 1433 2830 l.
1454 2797 1511 2830 18:

132 2847 259 2886 nostri,
286 2857 375 2891 egeo
403 2846 503 2879 illius
530 2845 582 2879 rei
608 2851 643 2879 et
671 2846 770 2880 illam
796 2857 869 2880 rem
896 2853 931 2880 et
958 2847 1020 2879 illa
1050 2856 1099 2878 re.
1154 2844 1257 2877 Fun.

178 2921 420 2968 Tbeophanes
445 2923 496 2957 11.
1237 2920 1255 2955 7
