1728 3184
206 151 301 197 580
685 155 759 198 AD
799 156 1170 199 TIIEOPHANEM

203 269 413 310 Cedrenus
451 267 624 325 ἐσείσθη
673 272 790 312 πᾶσα
827 271 852 327 ἦ
893 267 1030 319 πόλις.
1102 274 1290 312 universa
1327 271 1561 313 tumultuata
1589 282 1667 324 est,-

201 326 316 381 qnod
347 328 478 366 minus
510 333 654 382 aptum
683 329 865 380 videtur,
897 330 1046 383 quietis
1076 329 1247 368 omnino
1280 329 1401 368 rebus
1427 328 1666 369 Theodosio

201 383 282 426 (ΣΡ.
317 397 392 424 nec
421 382 525 423 ullos
555 390 756 440 tyrannos
785 386 982 439 patiente.
1041 385 1151 426 bona
1176 385 1386 426 distinctio
1421 385 1559 427 Vat.1
1583 386 1667 426 Pa·-

200 441 275 482 lat.
307 439 434 494 Peyr.
467 436 624 480 τούτου
653 441 700 481 δὲ
726 439 1051 496 τελευτήσαντος
1080 438 1269 495 Ἰωάννης
1297 455 1375 490 τις.

318 515 411 564 131,
445 516 480 557 1-
537 509 816 569 ὑπογραφῶν.

310 584 422 627 Ibid.
443 585 506 630 17.
537 594 633 642 post
663 586 909 627 αἠἑστειλεν
936 586 1163 640 supplenda
1195 586 1342 627 lacuna
1374 600 1420 627 ex
1434 587 1521 628 Pal.
1551 601 1669 627 com-

199 640 448 698 modiusque
473 643 520 683 P.
564 646 682 684 Goar
712 643 844 683 textui
884 641 1107 685 addidisset
1147 643 1254 685 illius
1287 643 1429 699 verba,
1462 658 1585 700 quam
1615 643 1670 684 ad

200 698 332 740 varias
368 699 565 740 lectiones
594 699 815 741 reiecisset.

314 774 406 824 137,
442 770 481 812 6.
539 767 590 813 τὰ
623 770 722 824 περὶ
751 769 1002 824 Νεστορίου.

313 858 404 910 139,
430 859 470 900 3.
530 855 604 895 καί
639 853 807 895 πάντων
847 854 1190 906 θεολογοὺντων]
1230 857 1428 896 universis
1466 855 1670 895 Christum

196 912 318 953 deum
342 913 648 969 profitentibus3
685 926 868 966 qnorum
887 911 982 964 piac
999 912 1257 952 consessione
1276 927 1347 951 sua
1378 913 1444 953 illa
1474 912 1673 967 blasphe-

197 984 263 1009 ma
295 970 496 1023 opposuit
523 968 750 1018 Nestorius,
782 982 995 1023 nunquam
1025 967 1148 1007 deum
1176 983 1219 1008 se
1246 969 1567 1023 appellaturum,
1598 969 1670 1023 qui

197 1022 382 1066 duorum
413 1031 485 1065 aut
515 1025 643 1066 trium
662 1024 863 1065 mensium
892 1038 1001 1078 puer
1027 1029 1145 1063 natus
1175 1031 1290 1065 esset.
1321 1039 1404 1066 non
1434 1040 1535 1079 ergo
1565 1026 1672 1065 bene

196 1081 397 1122 Buecard.
443 1087 515 1122 aut
544 1081 723 1136 interpr.
762 1083 916 1123 cuncus
960 1081 1202 1134 theologicas
1228 1082 1525 1138 disquisitiones
1552 1082 1672 1122 insti-

195 1139 403 1179 tuentibus.

308 1210 401 1265 140,
431 1214 470 1255 2.
527 1206 936 1264 παρεξηγησάμενος]
963 1225 1183 1267 perperam
1211 1212 1418 1268 expositis.

305 1284 416 1324 Ibicl.
455 1288 519 1328 15.
583 1282 638 1323 δι’
668 1282 916 1341 ἀναφορᾶς]
944 1285 1214 1338 suggestione5
1238 1290 1285 1326 ut
1303 1286 1441 1326 Anast.
1472 1283 1570 1337 sive,
1593 1298 1677 1340 per

197 1341 528 1397 appellationem,
559 1347 606 1381 ut
634 1341 840 1380 Buccard.

316 1414 410 1463 142,
445 1417 485 1459 3.
545 1413 618 1455 ἐπὶ
643 1413 696 1469 τῇ
726 1414 821 1454 τῶν.

317 1487 410 1539 145,
431 1490 498 1532 20.
554 1483 660 1539 μετὰ
679 1483 997 1539 Ἀλάριχοντὴν
1021 1483 1190 1539 Ῥώμην
1209 1482 1517 1538 πορθήσαντες]
1550 1485 1674 1525 etiam

200 1546 384 1584 Anastas.
437 1553 530 1597 post
559 1545 775 1583 Alaricum
808 1544 936 1583 Roma
967 1543 1199 1583 devastata.
1260 1543 1402 1582 melius
1431 1547 1568 1582 tamen
1599 1542 1674 1583 Ni-

200 1600 320 1654 ceph.
349 1597 457 1650 μετὰ
486 1600 727 1652 Ἀλαρίχου.
785 1614 874 1639 cum
894 1600 1107 1648 Alariclco,
1137 1600 1343 1639 Alaricko
1370 1598 1481 1639 duce.
1513 1613 1558 1639 ex
1575 1599 1675 1639 Gal—

201 1658 253 1697 lia
285 1658 394 1697 enim
426 1672 520 1697 cum
549 1656 629 1696 suis
647 1656 872 1710 visigothis
904 1657 971 1696 ille
1003 1658 1216 1710 profectus
1246 1656 1421 1695 Romam
1452 1655 1578 1708 cepit,
1609 1660 1676 1694 at·-

202 1728 283 1767 que
329 1714 502 1754 vastavit
543 1713 736 1753 Honorio
781 1713 1002 1767 principe:
1046 1712 1107 1753 uti
1152 1717 1297 1766 postea
1341 1711 1582 1751 Gizerichus
1627 1725 1675 1752 ex

203 1770 340 1810 Africa
370 1785 465 1810 cum
493 1770 573 1811 suis
602 1769 813 1811 Vandalis.

328 1843 419 1897 148,
453 1845 488 1885 1.
561 1844 618 1882 sic
660 1842 866 1896 distingue
910 1845 957 1879 ut
1002 1846 1043 1881 et
1087 1854 1163 1879 mss
1203 1839 1327 1880 codd.
1355 1835 1463 1889 μετὰ
1494 1835 1679 1880 θάνατον

205 1896 337 1939 αὐτοῦ
369 1897 427 1946 ὥς
455 1894 667 1951 αἱρετικὸν
697 1893 1010 1952 διαβάλλοντες.
1076 1911 1196 1953 quem
1222 1906 1317 1952 post
1344 1907 1511 1937 mortem
1538 1897 1680 1936 lzaere-

203 1956 258 1995 sis
287 1956 579 1996 insimularent.

322 2026 413 2079 149,
436 2031 474 2071 2.
535 2027 858 2072 Κωνσταντῖνος
880 2021 1042 2064 ἔκτισεν
1063 2039 1075 2051 ·
1138 2024 1287 2077 Κῦρος
1306 2020 1554 2074 ἆνενὲωσεν]
1573 2023 1681 2065 Con-

209 2085 409 2125 stantinus
435 2083 654 2133 condidit5
689 2084 816 2135 Cyrus
846 2084 1118 2123 instauravit.

313 2169 422 2209 Ibid.
451 2168 492 2209 8.
561 2164 600 2208 οἱ
640 2167 686 2208 δὲ
717 2167 950 2218 Σμυρναῖοι
991 2160 1314 2217 καταλαβόντες]
1356 2166 1680 2220 comprehensum

208 2241 296 2266 eum
327 2226 613 2278 Smyrnenses,
660 2231 737 2265 etc.
798 2223 1079 2263 Christianum
1109 2237 1150 2263 se
1184 2221 1349 2262 abunde
1380 2222 1585 2275 professus
1615 2222 1681 2261 vi..

212 2283 302 2323 deri
331 2288 516 2337 poterat,
546 2283 617 2338 qui
647 2280 802 2320 Christi
844 2280 1142 2320 incarnationis
1179 2278 1430 2319 miraculum
1458 2278 1516 2318 sic
1544 2278 1679 2332 profi-

212 2345 389 2388 teretur,
422 2346 464 2380 et
496 2346 541 2380 ut
568 2338 655 2380 sine
687 2337 769 2379 viri
801 2352 930 2392 opera
964 2335 1061 2377 deus
1093 2336 1269 2376 verbum
1299 2341 1528 2391 conceptus
1553 2333 1606 2374 sit
1637 2334 1679 2375 in

211 2398 252 2437 S³
282 2396 430 2437 Maria.

326 2471 418 2520 150,
451 2470 515 2512 10.
572 2466 670 2521 μηδ’
708 2460 813 2513 ὅλως
851 2461 1162 2516 ὃιὸασκαλικὸς]
1215 2466 1287 2522 qui
1319 2465 1429 2506 nulla
1461 2464 1682 2505 doctrinae

211 2525 252 2565 vi
281 2527 486 2581 polleret;
522 2523 711 2578 adeoque
754 2524 915 2576 ineptus
959 2523 1218 2577 episcopatui
1248 2529 1362 2573 esset,
1392 2538 1486 2562 cum
1518 2521 1683 2575 episco-

213 2597 314 2636 pum
343 2587 540 2638 oporteat
571 2595 654 2621 esse
687 2580 921 2625 doctorem.
980 2579 1151 2631 α’χρεῑος
1192 2579 1239 2619 δὲ
1269 2577 1342 2619 καί
1369 2575 1578 2632 α’νὴμερός
1605 2592 1680 2630 τις,

213 2640 431 2689 ἐξαιρέτως
459 2638 504 2679 δὲ
532 2637 578 2678 ἐν
607 2640 694 2684 τοῖς
721 2635 937 2688 συγγενέσι
971 2635 1190 2686 Κυρίλλου
1219 2630 1442 2686 γενόμενος
1472 2629 1535 2682 ὃς.
1565 2635 1683 2674 homo
1726 2667 1728 2669 .

213 2696 382 2746 inutilis,
409 2697 554 2751 quique
582 2694 766 2733 immanis
796 2692 959 2747 quidam
997 2707 1050 2732 ac
1080 2691 1257 2732 crudelis
1288 2694 1331 2732 in
1363 2691 1515 2743 Cyrilli
1542 2691 1682 2731 maxi·
1726 2689 1728 2695 ²

213 2766 276 2792 me
298 2761 483 2805 cognatos
514 2752 693 2792 extiterit
705 2765 721 2800 ‚·
759 2763 807 2790 ac
846 2763 981 2790 eorum
1025 2750 1148 2789 etiam
1177 2748 1315 2800 aedes,
1347 2747 1532 2804 quamvis
1558 2759 1685 2803 supra
1724 2792 1728 2796 ,
