<?xml version="1.0" encoding="UTF-8"?>
<!DOCTYPE html PUBLIC "-//W3C//DTD XHTML 1.0 Transitional//EN"
    "http://www.w3.org/TR/xhtml1/DTD/xhtml1-transitional.dtd">
<html xmlns="http://www.w3.org/1999/xhtml" xml:lang="en" lang="en">
 <head>
  <title>
</title>
<meta http-equiv="Content-Type" content="text/html;charset=utf-8" />
  <meta name='ocr-system' content='tesseract 3.04.00' />
  <meta name='ocr-capabilities' content='ocr_page ocr_carea ocr_par ocr_line ocrx_word'/>
</head>
<body>
  <div class='ocr_page' id='page_1' title='image "./corpusscriptorum47niebuoft_0025.png"; bbox 0 0 1768 3268; ppageno 0'>
   <div class='ocr_carea' id='block_1_1' title="bbox 466 183 1546 237">
    <p class='ocr_par' dir='ltr' id='par_1_1' title="bbox 466 183 1546 237">
     <span class='ocr_line' id='line_1_1' title="bbox 466 183 1546 237; baseline -0.005 -2"><span class='ocrx_word' id='word_1_1' title='bbox 466 196 469 199; x_wconf 76' lang='grc'><strong>“</strong></span> <span class='ocrx_word' id='word_1_2' title='bbox 531 192 606 235; x_wconf 75' lang='lat' dir='ltr'>mx</span> <span class='ocrx_word' id='word_1_3' title='bbox 652 189 975 237; x_wconf 68' lang='lat' dir='ltr'>Nlmnono</span> <span class='ocrx_word' id='word_1_4' title='bbox 1015 190 1101 235; x_wconf 76' lang='lat' dir='ltr'>GP.</span> <span class='ocrx_word' id='word_1_5' title='bbox 1485 183 1546 231; x_wconf 81' lang='lat'>15</span> 
     </span>
    </p>
   </div>
   <div class='ocr_carea' id='block_1_2' title="bbox 67 293 1680 1155">
    <p class='ocr_par' dir='ltr' id='par_1_2' title="bbox 67 293 1680 1155">
     <span class='ocr_line' id='line_1_2' title="bbox 68 293 1551 353; baseline -0.009 -8"><span class='ocrx_word' id='word_1_6' title='bbox 68 306 131 345; x_wconf 86' lang='lat' dir='ltr'>nis</span> <span class='ocrx_word' id='word_1_7' title='bbox 173 307 219 348; x_wconf 72' lang='lat'>2.</span> <span class='ocrx_word' id='word_1_8' title='bbox 288 297 555 345; x_wconf 77' lang='lat' dir='ltr'><strong>Anastasius,</strong></span> <span class='ocrx_word' id='word_1_9' title='bbox 598 299 671 353; x_wconf 82' lang='lat' dir='ltr'>qui</span> <span class='ocrx_word' id='word_1_10' title='bbox 718 304 762 338; x_wconf 85' lang='lat' dir='ltr'>ot</span> <span class='ocrx_word' id='word_1_11' title='bbox 808 296 1043 346; x_wconf 76' lang='lat' dir='ltr'><strong>Artemius,</strong></span> <span class='ocrx_word' id='word_1_12' title='bbox 1072 294 1188 336; x_wconf 82' lang='lat' dir='ltr'>annis</span> <span class='ocrx_word' id='word_1_13' title='bbox 1227 295 1267 338; x_wconf 90' lang='grc'><strong>2.</strong></span> <span class='ocrx_word' id='word_1_14' title='bbox 1345 293 1551 338; x_wconf 79' lang='lat' dir='ltr'>Theodo-</span> 
     </span>
     <span class='ocr_line' id='line_1_3' title="bbox 67 351 1553 410; baseline -0.007 -8"><span class='ocrx_word' id='word_1_15' title='bbox 67 363 150 402; x_wconf 82' lang='lat' dir='ltr'>sius</span> <span class='ocrx_word' id='word_1_16' title='bbox 203 371 315 399; x_wconf 81' lang='lat' dir='ltr'>anno</span> <span class='ocrx_word' id='word_1_17' title='bbox 373 369 475 396; x_wconf 71' lang='lat' dir='ltr'>uno-</span> <span class='ocrx_word' id='word_1_18' title='bbox 542 355 630 396; x_wconf 86' lang='lat' dir='ltr'>Leo</span> <span class='ocrx_word' id='word_1_19' title='bbox 676 355 841 410; x_wconf 75' lang='lat' dir='ltr'>{saurus</span> <span class='ocrx_word' id='word_1_20' title='bbox 881 354 998 394; x_wconf 83' lang='lat' dir='ltr'>annis</span> <span class='ocrx_word' id='word_1_21' title='bbox 1037 353 1091 394; x_wconf 86' lang='grc'>25</span> <span class='ocrx_word' id='word_1_22' title='bbox 1132 352 1340 393; x_wconf 83' lang='lat' dir='ltr'>mensibus</span> <span class='ocrx_word' id='word_1_23' title='bbox 1386 351 1412 392; x_wconf 91' lang='grc'>2</span> <span class='ocrx_word' id='word_1_24' title='bbox 1458 351 1553 392; x_wconf 88' lang='lat' dir='ltr'>die-</span> 
     </span>
     <span class='ocr_line' id='line_1_4' title="bbox 72 408 1680 461; baseline -0.005 -3"><span class='ocrx_word' id='word_1_25' title='bbox 72 419 150 461; x_wconf 78' lang='lat' dir='ltr'>bus</span> <span class='ocrx_word' id='word_1_26' title='bbox 183 412 249 456; x_wconf 78' lang='lat'>¹4.</span> <span class='ocrx_word' id='word_1_27' title='bbox 306 410 606 453; x_wconf 77' lang='lat' dir='ltr'>Constantinus</span> <span class='ocrx_word' id='word_1_28' title='bbox 634 408 742 452; x_wconf 80' lang='lat' dir='ltr'>filius</span> <span class='ocrx_word' id='word_1_29' title='bbox 772 410 857 452; x_wconf 82' lang='lat' dir='ltr'>eius</span> <span class='ocrx_word' id='word_1_30' title='bbox 892 426 988 452; x_wconf 86' lang='lat' dir='ltr'>cum</span> <span class='ocrx_word' id='word_1_31' title='bbox 1017 415 1154 451; x_wconf 85' lang='lat' dir='ltr'>matre</span> <span class='ocrx_word' id='word_1_32' title='bbox 1180 424 1253 450; x_wconf 88' lang='lat' dir='ltr'>sua</span> <span class='ocrx_word' id='word_1_33' title='bbox 1276 409 1458 450; x_wconf 83' lang='lat' dir='ltr'>Heirene</span> <span class='ocrx_word' id='word_1_34' title='bbox 1477 423 1551 449; x_wconf 88' lang='lat' dir='ltr'>au·</span> <span class='ocrx_word' id='word_1_35' title='bbox 1565 424 1597 459; x_wconf 83' lang='lat' dir='ltr'>p.</span> <span class='ocrx_word' id='word_1_36' title='bbox 1611 412 1680 450; x_wconf 75' lang='lat'><strong>‘1&#39;53</strong></span> 
     </span>
     <span class='ocr_line' id='line_1_5' title="bbox 70 465 1556 521; baseline -0.008 -5"><span class='ocrx_word' id='word_1_37' title='bbox 70 477 133 516; x_wconf 78' lang='lat' dir='ltr'>nis</span> <span class='ocrx_word' id='word_1_38' title='bbox 163 471 214 514; x_wconf 91' lang='grc'>10</span> <span class='ocrx_word' id='word_1_39' title='bbox 245 470 453 512; x_wconf 81' lang='lat' dir='ltr'>mensibus</span> <span class='ocrx_word' id='word_1_40' title='bbox 482 469 508 509; x_wconf 91' lang='grc'>2</span> <span class='ocrx_word' id='word_1_41' title='bbox 538 467 687 510; x_wconf 85' lang='lat' dir='ltr'>diebus</span> <span class='ocrx_word' id='word_1_42' title='bbox 715 469 757 510; x_wconf 85' lang='grc'><strong>2.</strong></span> <span class='ocrx_word' id='word_1_43' title='bbox 828 468 980 509; x_wconf 78' lang='lat' dir='ltr'>horum</span> <span class='ocrx_word' id='word_1_44' title='bbox 1011 480 1122 508; x_wconf 89' lang='lat' dir='ltr'>anno</span> <span class='ocrx_word' id='word_1_45' title='bbox 1163 465 1192 507; x_wconf 86' lang='grc'><strong>8</strong></span> <span class='ocrx_word' id='word_1_46' title='bbox 1223 467 1334 506; x_wconf 85' lang='lat' dir='ltr'>facta</span> <span class='ocrx_word' id='word_1_47' title='bbox 1362 471 1425 507; x_wconf 85' lang='lat' dir='ltr'>est</span> <span class='ocrx_word' id='word_1_48' title='bbox 1452 480 1556 521; x_wconf 77' lang='lat' dir='ltr'>syn-</span> 
     </span>
     <span class='ocr_line' id='line_1_6' title="bbox 70 522 1557 579; baseline -0.006 -8"><span class='ocrx_word' id='word_1_49' title='bbox 70 531 177 573; x_wconf 72' lang='lat' dir='ltr'>odus</span> <span class='ocrx_word' id='word_1_50' title='bbox 202 528 383 569; x_wconf 60' lang='lat' dir='ltr'>nicam</span> <span class='ocrx_word' id='word_1_51' title='bbox 403 525 593 568; x_wconf 66' lang='lat' dir='ltr'>secunda</span> <span class='ocrx_word' id='word_1_52' title='bbox 623 524 708 567; x_wconf 85' lang='grc'>350</span> <span class='ocrx_word' id='word_1_53' title='bbox 740 532 983 566; x_wconf 75' lang='lat' dir='ltr'>sanctorum</span> <span class='ocrx_word' id='word_1_54' title='bbox 1013 530 1199 579; x_wconf 80' lang='lat' dir='ltr'>patrum.</span> <span class='ocrx_word' id='word_1_55' title='bbox 1258 522 1557 563; x_wconf 79' lang='lat' dir='ltr'>Constantinus</span> 
     </span>
     <span class='ocr_line' id='line_1_7' title="bbox 69 578 1556 630; baseline -0.008 0"><span class='ocrx_word' id='word_1_56' title='bbox 69 587 184 630; x_wconf 72' lang='lat' dir='ltr'>solus</span> <span class='ocrx_word' id='word_1_57' title='bbox 208 583 370 626; x_wconf 74' lang='lat' dir='ltr'>annisfi</span> <span class='ocrx_word' id='word_1_58' title='bbox 396 583 605 625; x_wconf 72' lang='lat' dir='ltr'>mensibus</span> <span class='ocrx_word' id='word_1_59' title='bbox 630 581 660 622; x_wconf 79' lang='lat'>4</span> <span class='ocrx_word' id='word_1_60' title='bbox 687 581 832 624; x_wconf 78' lang='lat' dir='ltr'>diebus</span> <span class='ocrx_word' id='word_1_61' title='bbox 845 582 886 625; x_wconf 89' lang='grc'>8.</span> <span class='ocrx_word' id='word_1_62' title='bbox 923 581 1104 622; x_wconf 83' lang='lat' dir='ltr'>Heirene</span> <span class='ocrx_word' id='word_1_63' title='bbox 1119 586 1257 621; x_wconf 79' lang='lat' dir='ltr'>mater</span> <span class='ocrx_word' id='word_1_64' title='bbox 1273 579 1360 621; x_wconf 84' lang='lat' dir='ltr'>eius</span> <span class='ocrx_word' id='word_1_65' title='bbox 1388 579 1506 621; x_wconf 82' lang='lat' dir='ltr'>annis</span> <span class='ocrx_word' id='word_1_66' title='bbox 1529 578 1556 619; x_wconf 85' lang='lat'>5</span> 
     </span>
     <span class='ocr_line' id='line_1_8' title="bbox 73 635 1558 694; baseline -0.007 -8"><span class='ocrx_word' id='word_1_67' title='bbox 73 641 284 686; x_wconf 74' lang='lat' dir='ltr'>mensibus</span> <span class='ocrx_word' id='word_1_68' title='bbox 307 641 333 682; x_wconf 74' lang='grc'>2</span> <span class='ocrx_word' id='word_1_69' title='bbox 363 641 510 682; x_wconf 74' lang='lat' dir='ltr'>diebus</span> <span class='ocrx_word' id='word_1_70' title='bbox 539 639 578 680; x_wconf 87' lang='grc'>7.</span> <span class='ocrx_word' id='word_1_71' title='bbox 608 639 874 694; x_wconf 76' lang='lat' dir='ltr'>Nicepliorus</span> <span class='ocrx_word' id='word_1_72' title='bbox 903 637 1020 679; x_wconf 85' lang='lat' dir='ltr'>annis</span> <span class='ocrx_word' id='word_1_73' title='bbox 1040 637 1074 678; x_wconf 87' lang='grc'><strong>8</strong></span> <span class='ocrx_word' id='word_1_74' title='bbox 1103 637 1309 678; x_wconf 71' lang='lat' dir='ltr'>mensibus</span> <span class='ocrx_word' id='word_1_75' title='bbox 1341 635 1381 677; x_wconf 81' lang='grc'>9.</span> <span class='ocrx_word' id='word_1_76' title='bbox 1438 636 1558 677; x_wconf 88' lang='lat' dir='ltr'>occi-</span> 
     </span>
     <span class='ocr_line' id='line_1_9' title="bbox 71 693 1560 753; baseline -0.007 -10"><span class='ocrx_word' id='word_1_77' title='bbox 71 717 140 744; x_wconf 74' lang='lat' dir='ltr'>sus</span> <span class='ocrx_word' id='word_1_78' title='bbox 167 707 234 742; x_wconf 70' lang='lat' dir='ltr'>est</span> <span class='ocrx_word' id='word_1_79' title='bbox 255 699 300 739; x_wconf 85' lang='lat' dir='ltr'>in</span> <span class='ocrx_word' id='word_1_80' title='bbox 325 698 534 753; x_wconf 74' lang='lat' dir='ltr'>Balgaria.</span> <span class='ocrx_word' id='word_1_81' title='bbox 592 696 838 738; x_wconf 74' lang='lat' dir='ltr'><strong>stauracius</strong></span> <span class='ocrx_word' id='word_1_82' title='bbox 867 696 972 737; x_wconf 77' lang='lat' dir='ltr'>tilius</span> <span class='ocrx_word' id='word_1_83' title='bbox 1001 696 1089 736; x_wconf 79' lang='lat' dir='ltr'>eius</span> <span class='ocrx_word' id='word_1_84' title='bbox 1118 695 1327 736; x_wconf 81' lang='lat' dir='ltr'>mensibus</span> <span class='ocrx_word' id='word_1_85' title='bbox 1357 694 1401 734; x_wconf 84' lang='lat'>8.</span> <span class='ocrx_word' id='word_1_86' title='bbox 1474 693 1560 734; x_wconf 85' lang='lat' dir='ltr'>Mi-</span> 
     </span>
     <span class='ocr_line' id='line_1_10' title="bbox 70 751 1561 812; baseline -0.007 -12"><span class='ocrx_word' id='word_1_87' title='bbox 70 757 190 800; x_wconf 72' lang='lat' dir='ltr'>chael</span> <span class='ocrx_word' id='word_1_88' title='bbox 225 769 358 812; x_wconf 77' lang='lat' dir='ltr'>gener</span> <span class='ocrx_word' id='word_1_89' title='bbox 387 756 477 796; x_wconf 76' lang='lat' dir='ltr'>eius</span> <span class='ocrx_word' id='word_1_90' title='bbox 508 768 619 794; x_wconf 86' lang='lat' dir='ltr'>anno</span> <span class='ocrx_word' id='word_1_91' title='bbox 650 754 671 794; x_wconf 93' lang='grc'>1</span> <span class='ocrx_word' id='word_1_92' title='bbox 696 754 905 794; x_wconf 80' lang='lat' dir='ltr'>mensibus</span> <span class='ocrx_word' id='word_1_93' title='bbox 932 751 959 794; x_wconf 81' lang='lat'>9</span> <span class='ocrx_word' id='word_1_94' title='bbox 989 753 1139 793; x_wconf 78' lang='lat' dir='ltr'>diebus</span> <span class='ocrx_word' id='word_1_95' title='bbox 1172 752 1236 795; x_wconf 84' lang='grc'>11.</span> <span class='ocrx_word' id='word_1_96' title='bbox 1293 752 1380 792; x_wconf 83' lang='lat' dir='ltr'>Leo</span> <span class='ocrx_word' id='word_1_97' title='bbox 1412 751 1561 791; x_wconf 72' lang='lat' dir='ltr'>Arme-</span> 
     </span>
     <span class='ocr_line' id='line_1_11' title="bbox 73 807 1561 864; baseline -0.007 -7"><span class='ocrx_word' id='word_1_98' title='bbox 73 829 149 856; x_wconf 70' lang='lat' dir='ltr'>nm</span> <span class='ocrx_word' id='word_1_99' title='bbox 174 813 296 855; x_wconf 69' lang='lat' dir='ltr'>annis</span> <span class='ocrx_word' id='word_1_100' title='bbox 321 811 349 853; x_wconf 73' lang='lat'>17</span> <span class='ocrx_word' id='word_1_101' title='bbox 382 811 594 853; x_wconf 73' lang='lat' dir='ltr'>mensibus</span> <span class='ocrx_word' id='word_1_102' title='bbox 623 810 651 852; x_wconf 90' lang='lat'>5</span> <span class='ocrx_word' id='word_1_103' title='bbox 676 810 826 852; x_wconf 80' lang='lat' dir='ltr'>diebus</span> <span class='ocrx_word' id='word_1_104' title='bbox 860 810 928 851; x_wconf 79' lang='lat'>15.</span> <span class='ocrx_word' id='word_1_105' title='bbox 961 809 1122 850; x_wconf 78' lang='lat' dir='ltr'>occisus</span> <span class='ocrx_word' id='word_1_106' title='bbox 1148 816 1211 850; x_wconf 81' lang='lat' dir='ltr'>est</span> <span class='ocrx_word' id='word_1_107' title='bbox 1242 808 1283 848; x_wconf 90' lang='lat' dir='ltr'>in</span> <span class='ocrx_word' id='word_1_108' title='bbox 1314 808 1486 864; x_wconf 76' lang='lat' dir='ltr'>palatie,</span> <span class='ocrx_word' id='word_1_109' title='bbox 1518 807 1561 848; x_wconf 86' lang='lat' dir='ltr'>iu</span> 
     </span>
     <span class='ocr_line' id='line_1_12' title="bbox 73 865 1561 927; baseline -0.005 -14"><span class='ocrx_word' id='word_1_110' title='bbox 73 871 432 927; x_wconf 78' lang='lat' dir='ltr'>templo··sanctae</span> <span class='ocrx_word' id='word_1_111' title='bbox 457 868 525 909; x_wconf 87' lang='lat' dir='ltr'>dei</span> <span class='ocrx_word' id='word_1_112' title='bbox 555 868 783 923; x_wconf 78' lang='lat' dir='ltr'>genitricis.</span> <span class='ocrx_word' id='word_1_113' title='bbox 844 867 1022 908; x_wconf 71' lang='lat' dir='ltr'>Micliael</span> <span class='ocrx_word' id='word_1_114' title='bbox 1050 866 1153 907; x_wconf 77' lang='lat' dir='ltr'>alius</span> <span class='ocrx_word' id='word_1_115' title='bbox 1184 865 1357 907; x_wconf 65' lang='lat' dir='ltr'>annis&amp;-</span> <span class='ocrx_word' id='word_1_116' title='bbox 1414 865 1561 905; x_wconf 86' lang='lat' dir='ltr'>Theo-</span> 
     </span>
     <span class='ocr_line' id='line_1_13' title="bbox 74 921 1562 984; baseline -0.005 -15"><span class='ocrx_word' id='word_1_117' title='bbox 74 925 214 984; x_wconf 65' lang='lat' dir='ltr'>pinitus</span> <span class='ocrx_word' id='word_1_118' title='bbox 242 926 351 968; x_wconf 71' lang='lat' dir='ltr'>filins</span> <span class='ocrx_word' id='word_1_119' title='bbox 379 926 468 967; x_wconf 82' lang='lat' dir='ltr'>eius</span> <span class='ocrx_word' id='word_1_120' title='bbox 493 926 616 967; x_wconf 78' lang='lat' dir='ltr'>annis</span> <span class='ocrx_word' id='word_1_121' title='bbox 649 925 700 966; x_wconf 87' lang='grc'><strong>12</strong></span> <span class='ocrx_word' id='word_1_122' title='bbox 726 925 936 965; x_wconf 84' lang='lat' dir='ltr'>mensibus</span> <span class='ocrx_word' id='word_1_123' title='bbox 969 923 998 963; x_wconf 86' lang='lat'>3</span> <span class='ocrx_word' id='word_1_124' title='bbox 1028 923 1176 963; x_wconf 81' lang='lat' dir='ltr'>diebus</span> <span class='ocrx_word' id='word_1_125' title='bbox 1205 922 1275 964; x_wconf 91' lang='grc'><strong>20.</strong></span> <span class='ocrx_word' id='word_1_126' title='bbox 1333 921 1562 964; x_wconf 77' lang='lat' dir='ltr'>Theodora</span> 
     </span>
     <span class='ocr_line' id='line_1_14' title="bbox 73 977 1564 1027; baseline -0.005 0"><span class='ocrx_word' id='word_1_127' title='bbox 73 996 184 1027; x_wconf 69' lang='lat' dir='ltr'>uxor</span> <span class='ocrx_word' id='word_1_128' title='bbox 210 983 298 1026; x_wconf 84' lang='lat' dir='ltr'>eius</span> <span class='ocrx_word' id='word_1_129' title='bbox 327 996 410 1024; x_wconf 80' lang='lat' dir='ltr'>una</span> <span class='ocrx_word' id='word_1_130' title='bbox 438 996 537 1024; x_wconf 81' lang='lat' dir='ltr'>cum</span> <span class='ocrx_word' id='word_1_131' title='bbox 566 983 655 1023; x_wconf 79' lang='lat' dir='ltr'>filio</span> <span class='ocrx_word' id='word_1_132' title='bbox 684 981 890 1023; x_wconf 80' lang='lat' dir='ltr'>Michaele</span> <span class='ocrx_word' id='word_1_133' title='bbox 919 982 1035 1021; x_wconf 76' lang='lat' dir='ltr'>annis</span> <span class='ocrx_word' id='word_1_134' title='bbox 1078 977 1130 1021; x_wconf 73' lang='lat'>14</span> <span class='ocrx_word' id='word_1_135' title='bbox 1170 994 1310 1020; x_wconf 83' lang='lat' dir='ltr'>meuse</span> <span class='ocrx_word' id='word_1_136' title='bbox 1352 994 1440 1020; x_wconf 85' lang='lat' dir='ltr'>uno</span> <span class='ocrx_word' id='word_1_137' title='bbox 1471 978 1564 1019; x_wconf 80' lang='lat' dir='ltr'>die-</span> 
     </span>
     <span class='ocr_line' id='line_1_15' title="bbox 72 1036 1563 1085; baseline -0.005 -1"><span class='ocrx_word' id='word_1_138' title='bbox 72 1043 150 1085; x_wconf 77' lang='lat' dir='ltr'>bus</span> <span class='ocrx_word' id='word_1_139' title='bbox 178 1042 247 1084; x_wconf 85' lang='grc'>21.</span> <span class='ocrx_word' id='word_1_140' title='bbox 304 1040 484 1083; x_wconf 78' lang='lat' dir='ltr'>Michael</span> <span class='ocrx_word' id='word_1_141' title='bbox 522 1041 635 1081; x_wconf 83' lang='lat' dir='ltr'>solus</span> <span class='ocrx_word' id='word_1_142' title='bbox 673 1039 789 1080; x_wconf 83' lang='lat' dir='ltr'>annis</span> <span class='ocrx_word' id='word_1_143' title='bbox 835 1038 880 1079; x_wconf 90' lang='grc'>11</span> <span class='ocrx_word' id='word_1_144' title='bbox 915 1051 1056 1079; x_wconf 87' lang='lat' dir='ltr'>mense</span> <span class='ocrx_word' id='word_1_145' title='bbox 1097 1038 1115 1077; x_wconf 88' lang='grc'>1</span> <span class='ocrx_word' id='word_1_146' title='bbox 1147 1037 1295 1079; x_wconf 84' lang='lat' dir='ltr'>diebus</span> <span class='ocrx_word' id='word_1_147' title='bbox 1333 1036 1374 1079; x_wconf 78' lang='grc'>9.</span> <span class='ocrx_word' id='word_1_148' title='bbox 1404 1036 1563 1077; x_wconf 83' lang='lat' dir='ltr'>occisus</span> 
     </span>
     <span class='ocr_line' id='line_1_16' title="bbox 74 1096 729 1155; baseline -0.006 -13"><span class='ocrx_word' id='word_1_149' title='bbox 74 1105 137 1149; x_wconf 75' lang='lat' dir='ltr'>est</span> <span class='ocrx_word' id='word_1_150' title='bbox 164 1099 209 1141; x_wconf 90' lang='lat' dir='ltr'>in</span> <span class='ocrx_word' id='word_1_151' title='bbox 240 1098 399 1155; x_wconf 80' lang='lat' dir='ltr'>palatio</span> <span class='ocrx_word' id='word_1_152' title='bbox 428 1098 471 1138; x_wconf 88' lang='lat' dir='ltr'>S.</span> <span class='ocrx_word' id='word_1_153' title='bbox 496 1096 729 1139; x_wconf 72' lang='lat' dir='ltr'>mamantis.</span> 
     </span>
    </p>
   </div>
   <div class='ocr_carea' id='block_1_3' title="bbox 184 1164 1273 1229">
    <p class='ocr_par' dir='ltr' id='par_1_3' title="bbox 184 1164 1273 1229">
     <span class='ocr_line' id='line_1_17' title="bbox 184 1164 1273 1229; baseline -0.006 -15"><span class='ocrx_word' id='word_1_154' title='bbox 184 1164 474 1229; x_wconf 66' lang='lat' dir='ltr'>Conliguntur</span> <span class='ocrx_word' id='word_1_155' title='bbox 507 1170 605 1212; x_wconf 90' lang='lat' dir='ltr'>anni</span> <span class='ocrx_word' id='word_1_156' title='bbox 635 1171 743 1211; x_wconf 85' lang='lat' dir='ltr'>sicut</span> <span class='ocrx_word' id='word_1_157' title='bbox 773 1169 946 1211; x_wconf 76' lang='lat' dir='ltr'>inferius</span> <span class='ocrx_word' id='word_1_158' title='bbox 980 1173 1273 1220; x_wconf 73' lang='lat' dir='ltr'>annotantur,</span> 
     </span>
    </p>
   </div>
   <div class='ocr_carea' id='block_1_4' title="bbox 74 1235 1690 1397">
    <p class='ocr_par' dir='ltr' id='par_1_4' title="bbox 74 1235 1690 1397">
     <span class='ocr_line' id='line_1_18' title="bbox 187 1235 1690 1295; baseline -0.004 -13"><span class='ocrx_word' id='word_1_159' title='bbox 187 1241 253 1282; x_wconf 81' lang='lat' dir='ltr'>Ab</span> <span class='ocrx_word' id='word_1_160' title='bbox 282 1239 415 1281; x_wconf 80' lang='lat' dir='ltr'>Adam</span> <span class='ocrx_word' id='word_1_161' title='bbox 444 1253 578 1295; x_wconf 86' lang='lat' dir='ltr'>usque</span> <span class='ocrx_word' id='word_1_162' title='bbox 599 1238 652 1279; x_wconf 87' lang='lat' dir='ltr'>ad</span> <span class='ocrx_word' id='word_1_163' title='bbox 681 1237 885 1280; x_wconf 72' lang='lat' dir='ltr'>diluvium</span> <span class='ocrx_word' id='word_1_164' title='bbox 916 1237 1014 1278; x_wconf 89' lang='lat' dir='ltr'>anni</span> <span class='ocrx_word' id='word_1_165' title='bbox 1045 1237 1184 1288; x_wconf 71' lang='lat'><strong>2242,</strong></span> <span class='ocrx_word' id='word_1_166' title='bbox 1215 1252 1238 1276; x_wconf 84' lang='lat' dir='ltr'>a</span> <span class='ocrx_word' id='word_1_167' title='bbox 1267 1235 1427 1276; x_wconf 85' lang='lat' dir='ltr'>diluvio</span> <span class='ocrx_word' id='word_1_168' title='bbox 1458 1249 1560 1277; x_wconf 86' lang='lat' dir='ltr'>vero</span> <span class='ocrx_word' id='word_1_169' title='bbox 1574 1255 1607 1290; x_wconf 84' lang='lat' dir='ltr'>p.</span> <span class='ocrx_word' id='word_1_170' title='bbox 1622 1243 1690 1281; x_wconf 66' lang='lat'>754</span> 
     </span>
     <span class='ocr_line' id='line_1_19' title="bbox 74 1293 1562 1362; baseline -0.004 -22"><span class='ocrx_word' id='word_1_171' title='bbox 74 1310 209 1354; x_wconf 77' lang='lat' dir='ltr'>usque</span> <span class='ocrx_word' id='word_1_172' title='bbox 235 1294 290 1339; x_wconf 79' lang='lat' dir='ltr'>ad</span> <span class='ocrx_word' id='word_1_173' title='bbox 315 1297 470 1339; x_wconf 79' lang='lat' dir='ltr'>turrim</span> <span class='ocrx_word' id='word_1_174' title='bbox 502 1294 695 1362; x_wconf 67' lang='lat' dir='ltr'>Nebroth</span> <span class='ocrx_word' id='word_1_175' title='bbox 725 1295 825 1337; x_wconf 86' lang='lat' dir='ltr'>anni</span> <span class='ocrx_word' id='word_1_176' title='bbox 851 1294 948 1345; x_wconf 83' lang='grc'>525,</span> <span class='ocrx_word' id='word_1_177' title='bbox 977 1310 1000 1335; x_wconf 87' lang='lat' dir='ltr'>a</span> <span class='ocrx_word' id='word_1_178' title='bbox 1029 1300 1151 1358; x_wconf 68' lang='lat' dir='ltr'>turre</span> <span class='ocrx_word' id='word_1_179' title='bbox 1179 1299 1322 1335; x_wconf 82' lang='lat' dir='ltr'>autem</span> <span class='ocrx_word' id='word_1_180' title='bbox 1348 1307 1481 1350; x_wconf 78' lang='lat' dir='ltr'>usque</span> <span class='ocrx_word' id='word_1_181' title='bbox 1508 1293 1562 1334; x_wconf 82' lang='lat' dir='ltr'>ad</span> 
     </span>
     <span class='ocr_line' id='line_1_20' title="bbox 74 1349 1141 1397; baseline -0.006 -1"><span class='ocrx_word' id='word_1_182' title='bbox 74 1356 203 1397; x_wconf 81' lang='lat' dir='ltr'>finem</span> <span class='ocrx_word' id='word_1_183' title='bbox 232 1353 428 1396; x_wconf 73' lang='lat' dir='ltr'>Abrahae</span> <span class='ocrx_word' id='word_1_184' title='bbox 455 1366 552 1394; x_wconf 75' lang='lat' dir='ltr'>anm</span> <span class='ocrx_word' id='word_1_185' title='bbox 582 1351 679 1394; x_wconf 86' lang='grc'><strong>501.</strong></span> <span class='ocrx_word' id='word_1_186' title='bbox 736 1351 858 1394; x_wconf 85' lang='lat' dir='ltr'>simul</span> <span class='ocrx_word' id='word_1_187' title='bbox 886 1352 987 1393; x_wconf 88' lang='lat' dir='ltr'>anni</span> <span class='ocrx_word' id='word_1_188' title='bbox 1014 1349 1141 1392; x_wconf 70' lang='lat'><strong>3203.</strong></span> 
     </span>
    </p>
   </div>
   <div class='ocr_carea' id='block_1_5' title="bbox 76 1422 1566 1656">
    <p class='ocr_par' dir='ltr' id='par_1_5' title="bbox 76 1422 1566 1656">
     <span class='ocr_line' id='line_1_21' title="bbox 187 1422 1564 1482; baseline -0.004 -14"><span class='ocrx_word' id='word_1_189' title='bbox 187 1425 390 1468; x_wconf 81' lang='lat' dir='ltr'>Ceterum</span> <span class='ocrx_word' id='word_1_190' title='bbox 434 1425 488 1467; x_wconf 88' lang='lat' dir='ltr'>ab</span> <span class='ocrx_word' id='word_1_191' title='bbox 528 1426 715 1468; x_wconf 78' lang='lat' dir='ltr'>Abraam</span> <span class='ocrx_word' id='word_1_192' title='bbox 753 1440 882 1482; x_wconf 88' lang='lat' dir='ltr'>usque</span> <span class='ocrx_word' id='word_1_193' title='bbox 924 1425 978 1466; x_wconf 89' lang='lat' dir='ltr'>ad</span> <span class='ocrx_word' id='word_1_194' title='bbox 1018 1423 1174 1466; x_wconf 85' lang='lat' dir='ltr'>exitum</span> <span class='ocrx_word' id='word_1_195' title='bbox 1222 1422 1410 1464; x_wconf 80' lang='lat' dir='ltr'>liliorum</span> <span class='ocrx_word' id='word_1_196' title='bbox 1438 1423 1564 1463; x_wconf 81' lang='lat' dir='ltr'>lsrael</span> 
     </span>
     <span class='ocr_line' id='line_1_22' title="bbox 76 1479 1565 1539; baseline -0.004 -14"><span class='ocrx_word' id='word_1_197' title='bbox 76 1483 175 1525; x_wconf 85' lang='lat' dir='ltr'>anni</span> <span class='ocrx_word' id='word_1_198' title='bbox 203 1479 304 1536; x_wconf 78' lang='grc'><strong>430,</strong></span> <span class='ocrx_word' id='word_1_199' title='bbox 333 1490 557 1539; x_wconf 86' lang='lat' dir='ltr'>praeterea</span> <span class='ocrx_word' id='word_1_200' title='bbox 585 1483 638 1524; x_wconf 89' lang='lat' dir='ltr'>ab</span> <span class='ocrx_word' id='word_1_201' title='bbox 657 1483 769 1524; x_wconf 84' lang='lat' dir='ltr'>exitu</span> <span class='ocrx_word' id='word_1_202' title='bbox 804 1497 936 1538; x_wconf 79' lang='lat' dir='ltr'>usque</span> <span class='ocrx_word' id='word_1_203' title='bbox 966 1479 1019 1523; x_wconf 92' lang='lat' dir='ltr'>ad</span> <span class='ocrx_word' id='word_1_204' title='bbox 1048 1481 1387 1523; x_wconf 65' lang='lat' dir='ltr'>aedificationem</span> <span class='ocrx_word' id='word_1_205' title='bbox 1417 1479 1565 1535; x_wconf 84' lang='lat' dir='ltr'>templi</span> 
     </span>
     <span class='ocr_line' id='line_1_23' title="bbox 80 1537 1566 1594; baseline -0.004 -10"><span class='ocrx_word' id='word_1_206' title='bbox 80 1541 243 1584; x_wconf 88' lang='lat' dir='ltr'>domini</span> <span class='ocrx_word' id='word_1_207' title='bbox 273 1540 372 1582; x_wconf 85' lang='lat' dir='ltr'>anni</span> <span class='ocrx_word' id='word_1_208' title='bbox 400 1539 498 1591; x_wconf 84' lang='grc'><strong>757,</strong></span> <span class='ocrx_word' id='word_1_209' title='bbox 528 1554 626 1582; x_wconf 87' lang='lat' dir='ltr'>sane</span> <span class='ocrx_word' id='word_1_210' title='bbox 657 1538 710 1580; x_wconf 91' lang='lat' dir='ltr'>ab</span> <span class='ocrx_word' id='word_1_211' title='bbox 740 1539 1035 1581; x_wconf 80' lang='lat' dir='ltr'>aedificatione</span> <span class='ocrx_word' id='word_1_212' title='bbox 1070 1537 1217 1593; x_wconf 79' lang='lat' dir='ltr'>templi</span> <span class='ocrx_word' id='word_1_213' title='bbox 1248 1551 1379 1594; x_wconf 87' lang='lat' dir='ltr'>usque</span> <span class='ocrx_word' id='word_1_214' title='bbox 1409 1537 1464 1579; x_wconf 77' lang='lat' dir='ltr'>ad</span> <span class='ocrx_word' id='word_1_215' title='bbox 1493 1552 1566 1579; x_wconf 87' lang='lat' dir='ltr'>ca-</span> 
     </span>
     <span class='ocr_line' id='line_1_24' title="bbox 77 1594 1081 1656; baseline -0.004 -16"><span class='ocrx_word' id='word_1_216' title='bbox 77 1596 319 1656; x_wconf 80' lang='lat' dir='ltr'>ptivitatem</span> <span class='ocrx_word' id='word_1_217' title='bbox 351 1598 448 1639; x_wconf 86' lang='lat' dir='ltr'>anni</span> <span class='ocrx_word' id='word_1_218' title='bbox 475 1597 572 1638; x_wconf 76' lang='lat'><strong>425.</strong></span> <span class='ocrx_word' id='word_1_219' title='bbox 631 1595 800 1652; x_wconf 85' lang='lat' dir='ltr'>pariter</span> <span class='ocrx_word' id='word_1_220' title='bbox 828 1596 924 1637; x_wconf 87' lang='lat' dir='ltr'>anni</span> <span class='ocrx_word' id='word_1_221' title='bbox 954 1594 1081 1637; x_wconf 79' lang='lat'><strong>4880.</strong></span> 
     </span>
    </p>
   </div>
   <div class='ocr_carea' id='block_1_6' title="bbox 79 1666 1568 1786">
    <p class='ocr_par' dir='ltr' id='par_1_6' title="bbox 79 1666 1568 1786">
     <span class='ocr_line' id='line_1_25' title="bbox 193 1666 1567 1728; baseline -0.004 -15"><span class='ocrx_word' id='word_1_222' title='bbox 193 1672 335 1714; x_wconf 87' lang='lat' dir='ltr'>Porro</span> <span class='ocrx_word' id='word_1_223' title='bbox 362 1686 387 1712; x_wconf 86' lang='lat' dir='ltr'>a</span> <span class='ocrx_word' id='word_1_224' title='bbox 417 1671 664 1728; x_wconf 78' lang='lat' dir='ltr'>captivitate</span> <span class='ocrx_word' id='word_1_225' title='bbox 692 1685 824 1727; x_wconf 83' lang='lat' dir='ltr'>usque</span> <span class='ocrx_word' id='word_1_226' title='bbox 852 1669 906 1711; x_wconf 91' lang='lat' dir='ltr'>ad</span> <span class='ocrx_word' id='word_1_227' title='bbox 942 1668 1228 1711; x_wconf 77' lang='lat' dir='ltr'>Alexandrum</span> <span class='ocrx_word' id='word_1_228' title='bbox 1257 1667 1358 1711; x_wconf 85' lang='lat' dir='ltr'>anni</span> <span class='ocrx_word' id='word_1_229' title='bbox 1386 1666 1486 1720; x_wconf 88' lang='grc'><strong>318,</strong></span> <span class='ocrx_word' id='word_1_230' title='bbox 1514 1667 1567 1708; x_wconf 85' lang='lat' dir='ltr'>ab</span> 
     </span>
     <span class='ocr_line' id='line_1_26' title="bbox 79 1725 1568 1786; baseline -0.003 -16"><span class='ocrx_word' id='word_1_231' title='bbox 79 1727 318 1771; x_wconf 80' lang='lat' dir='ltr'>Alexandro</span> <span class='ocrx_word' id='word_1_232' title='bbox 355 1743 459 1770; x_wconf 84' lang='lat' dir='ltr'>vero</span> <span class='ocrx_word' id='word_1_233' title='bbox 503 1742 635 1786; x_wconf 88' lang='lat' dir='ltr'>usque</span> <span class='ocrx_word' id='word_1_234' title='bbox 677 1727 732 1770; x_wconf 87' lang='lat' dir='ltr'>ad</span> <span class='ocrx_word' id='word_1_235' title='bbox 766 1727 981 1770; x_wconf 84' lang='lat' dir='ltr'>Christum</span> <span class='ocrx_word' id='word_1_236' title='bbox 1009 1727 1109 1768; x_wconf 85' lang='lat' dir='ltr'>anui</span> <span class='ocrx_word' id='word_1_237' title='bbox 1135 1726 1236 1770; x_wconf 86' lang='lat'><strong>313.</strong></span> <span class='ocrx_word' id='word_1_238' title='bbox 1316 1725 1439 1768; x_wconf 87' lang='lat' dir='ltr'>simul</span> <span class='ocrx_word' id='word_1_239' title='bbox 1469 1726 1568 1766; x_wconf 86' lang='lat' dir='ltr'>anni</span> 
     </span>
    </p>
   </div>
   <div class='ocr_carea' id='block_1_7' title="bbox 82 1785 207 1830">
    <p class='ocr_par' dir='ltr' id='par_1_7' title="bbox 82 1785 207 1830">
     <span class='ocr_line' id='line_1_27' title="bbox 82 1785 207 1830; baseline 0.032 -4"><span class='ocrx_word' id='word_1_240' title='bbox 82 1785 207 1830; x_wconf 82' lang='lat'>5511.</span> 
     </span>
    </p>
   </div>
   <div class='ocr_carea' id='block_1_8' title="bbox 82 1853 1569 2028">
    <p class='ocr_par' dir='ltr' id='par_1_8' title="bbox 82 1853 1569 2028">
     <span class='ocr_line' id='line_1_28' title="bbox 195 1853 1568 1914; baseline -0.005 -14"><span class='ocrx_word' id='word_1_241' title='bbox 195 1860 229 1900; x_wconf 83' lang='lat' dir='ltr'>A</span> <span class='ocrx_word' id='word_1_242' title='bbox 252 1858 424 1901; x_wconf 79' lang='lat' dir='ltr'>Christo</span> <span class='ocrx_word' id='word_1_243' title='bbox 453 1864 595 1900; x_wconf 84' lang='lat' dir='ltr'>autem</span> <span class='ocrx_word' id='word_1_244' title='bbox 623 1871 757 1914; x_wconf 87' lang='lat' dir='ltr'>usque</span> <span class='ocrx_word' id='word_1_245' title='bbox 781 1856 835 1898; x_wconf 88' lang='lat' dir='ltr'>ad</span> <span class='ocrx_word' id='word_1_246' title='bbox 870 1856 1193 1898; x_wconf 83' lang='lat' dir='ltr'>Constantinum</span> <span class='ocrx_word' id='word_1_247' title='bbox 1239 1868 1437 1910; x_wconf 87' lang='lat' dir='ltr'>magnum</span> <span class='ocrx_word' id='word_1_248' title='bbox 1469 1853 1568 1895; x_wconf 85' lang='lat' dir='ltr'>anni</span> 
     </span>
     <span class='ocr_line' id='line_1_29' title="bbox 82 1911 1569 1971; baseline -0.003 -15"><span class='ocrx_word' id='word_1_249' title='bbox 82 1911 166 1956; x_wconf 87' lang='grc'>318</span> <span class='ocrx_word' id='word_1_250' title='bbox 184 1946 196 1966; x_wconf 88' lang='grc'>,</span> <span class='ocrx_word' id='word_1_251' title='bbox 228 1922 272 1956; x_wconf 83' lang='lat' dir='ltr'>et</span> <span class='ocrx_word' id='word_1_252' title='bbox 302 1931 324 1956; x_wconf 88' lang='lat' dir='ltr'>a</span> <span class='ocrx_word' id='word_1_253' title='bbox 356 1915 633 1957; x_wconf 87' lang='lat' dir='ltr'>Constantino</span> <span class='ocrx_word' id='word_1_254' title='bbox 666 1929 799 1970; x_wconf 86' lang='lat' dir='ltr'>usque</span> <span class='ocrx_word' id='word_1_255' title='bbox 828 1914 881 1956; x_wconf 91' lang='lat' dir='ltr'>ad</span> <span class='ocrx_word' id='word_1_256' title='bbox 911 1913 1222 1971; x_wconf 81' lang='lat' dir='ltr'>Theophilum,</span> <span class='ocrx_word' id='word_1_257' title='bbox 1264 1911 1498 1955; x_wconf 84' lang='lat' dir='ltr'>indictione</span> <span class='ocrx_word' id='word_1_258' title='bbox 1524 1911 1569 1964; x_wconf 85' lang='lat'>5,</span> 
     </span>
     <span class='ocr_line' id='line_1_30' title="bbox 83 1969 807 2028; baseline 0 -16"><span class='ocrx_word' id='word_1_259' title='bbox 83 1974 180 2013; x_wconf 85' lang='lat' dir='ltr'>anni</span> <span class='ocrx_word' id='word_1_260' title='bbox 206 1970 290 2014; x_wconf 84' lang='lat'>530</span> <span class='ocrx_word' id='word_1_261' title='bbox 307 2002 323 2026; x_wconf 80' lang='lat'><strong>,</strong></span> <span class='ocrx_word' id='word_1_262' title='bbox 350 1973 517 2028; x_wconf 87' lang='lat' dir='ltr'>pariter</span> <span class='ocrx_word' id='word_1_263' title='bbox 547 1972 647 2014; x_wconf 89' lang='lat' dir='ltr'>anni</span> <span class='ocrx_word' id='word_1_264' title='bbox 680 1969 807 2013; x_wconf 77' lang='lat'><strong>6348.</strong></span> 
     </span>
    </p>
   </div>
  </div>
 </body>
</html>
