1768 3268
610 189 680 232 Ex
717 189 1041 234 NlcEPnoRo
1083 189 1167 233 CP.
1560 185 1616 229 11

142 290 260 332 annis
285 289 344 335 30
367 291 599 334 secundum
626 294 929 350 Septuaginta,
970 293 1198 335 secundum
1233 291 1487 337 Hebraicum
1517 307 1621 333 vero

142 349 258 391 annis
271 347 343 389 50.
368 349 447 390 sub
468 349 528 392 bix
554 351 873 408 prophetabant
884 350 1115 394 Hieremias
1129 349 1366 404 sophonias
1381 355 1425 391 et
1436 349 1620 392 Bai-uel».

255 428 401 474 {achaz
422 447 581 477 menses
594 432 637 487 3,
670 434 901 476 Heliacbim
928 448 1059 475 annos
1079 433 1144 485 12,
1175 432 1390 474 lechonia's
1408 446 1567 475 menses
1582 433 1624 483 3,

142 486 333 529 Sedecias
362 503 492 531 annos
525 491 592 533 11.
654 490 767 533 bunc
793 492 946 534 effossis
975 490 1107 533 oculis
1128 488 1525 532 Nabuchodonosor
1550 503 1625 530 rex

139 545 355 600 captivum
382 547 494 599 tulit,
524 554 567 589 et
605 549 810 604 templum
842 547 1085 590 incenditur
1121 552 1220 603 post
1245 560 1404 587 menses
1434 547 1625 603 quinque

139 601 453 700 ³·N2232affl’
482 619 578 646 cum
610 605 901 661 perdurasset,
928 619 977 648 ex
1006 619 1094 662 quo
1123 607 1419 648 constructum
1442 610 1515 658 est,
1545 619 1621 644 au-

138 672 204 700 ms

247 732 383 773 Simul
413 747 557 773 omnes
586 733 640 774 ab
671 733 793 776 initio
824 735 942 792 regni
971 734 1211 778 Salomonis
1240 748 1374 792 usque
1403 733 1456 776 ad
1488 733 1624 790 capti-

136 789 311 831 vitatem
339 789 438 830 anni
464 786 562 831 448.

245 862 348 905 Post
377 863 667 918 captivitatem
695 870 836 906 autem
851 864 1107 907 Iudaeorum
1128 865 1170 906 in
1193 863 1451 922 Babylonem
1473 872 1516 906 et
1544 865 1618 907 de·-
1633 863 1750 912 1)-743

138 919 391 962 solationem
417 920 500 963 loci
527 922 626 961 anni
646 919 715 973 70,
746 922 820 978 qui
849 922 1117 979 complentur
1140 923 1326 975 secundo
1355 937 1466 963 anno
1499 923 1622 963 Darii

139 976 366 1020 Persarum
385 977 506 1032 regiS‚
535 977 610 1036 qui
640 983 683 1019 et
704 978 950 1035 populuma
978 979 1224 1035 captivitate
1247 977 1411 1020 reduxit
1439 985 1482 1021 et
1512 986 1622 1020 tem-

135 1034 256 1089 plum
297 1033 596 1091 Hierosolymis
649 1036 886 1080 renovavit.
961 1037 1123 1092 primus
1178 1037 1404 1077 Persarum
1431 1037 1624 1091 regnavit

135 1090 272 1147 Cyrus
299 1091 418 1133 annis
436 1089 506 1132 30.
565 1091 788 1149 Cambyses
808 1093 925 1135 annis
944 1093 983 1145 2,
1012 1093 1167 1135 Darius
1195 1093 1303 1135 filius
1326 1093 1520 1150 Hystaspi
1545 1110 1622 1134 an.-

134 1147 198 1189 nis
225 1145 294 1192 37.
354 1147 475 1190 buius
503 1163 615 1190 anno
652 1149 864 1202 secundo,
892 1157 941 1193 ut
970 1150 1052 1191 iam
1082 1149 1243 1191 dictum
1272 1156 1346 1202 est,
1372 1149 1567 1192 Hieroso!
1598 1178 1622 1186 -

134 1204 213 1247 mis
241 1212 493 1247 renovatum
519 1210 582 1253 cst
610 1206 826 1262 templum.
858 1208 965 1249 finnt
992 1222 1096 1264 ergo
1115 1206 1268 1263 reliqui
1288 1206 1409 1249 Darii
1436 1208 1535 1248 anni
1553 1166 1622 1251 ὦ.

248 1279 407 1323 Xerxes
438 1269 560 1321 Darii
588 1294 718 1321 annos
750 1278 817 1331 24,
846 1281 1079 1323 Artabanes
1108 1295 1269 1323 menses
1300 1280 1343 1331 8,
1372 1283 1622 1325 Artaxerxes

134 1335 418 1390 Longimanus
438 1350 569 1377 annos
580 1336 649 1377 41.
663 1337 739 1378 sub
758 1337 840 1378 hoc
857 1352 966 1394 quae
983 1343 1094 1394 gesta
1108 1346 1204 1379 sunt
1219 1338 1271 1379 de
1287 1338 1438 1380 Hester
1452 1347 1496 1381 et
1507 1343 1622 1382 Mar-

135 1389 342 1444 dochaeo,
370 1392 481 1434 facta
509 1399 755 1434 narrantur.
815 1396 975 1436 Xerxes
1005 1396 1108 1436 alius
1136 1409 1292 1436 menses
1308 1395 1348 1446 2,
1379 1396 1623 1456 Sogdoanes

133 1462 293 1491 menses
308 1446 348 1500 7,
376 1448 533 1492 Darius
555 1450 660 1491 alius
680 1465 811 1492 annos
831 1451 897 1503 18,
913 1454 1159 1496 Artaxerxes
1178 1453 1376 1493 Mnemon
1406 1468 1537 1495 annos
1551 1453 1622 1505 40,

132 1508 382 1549 Artaxerxes
414 1506 488 1563 qui
529 1513 573 1549 et
614 1507 786 1549 Hochus
818 1523 949 1551 annos
980 1507 1059 1561 26,
1102 1511 1223 1552 Arses
1254 1508 1393 1553 Hocbi
1421 1526 1552 1555 annos
1577 1512 1623 1564 4,

131 1562 287 1610 Darius
315 1563 478 1605 Arsami
508 1579 640 1606 annos
668 1561 709 1608 6.

244 1636 337 1679 Hoc
368 1645 620 1694 perempto,
651 1644 694 1680 et
722 1637 938 1681 destructo
968 1639 1191 1680 Persarum
1223 1639 1495 1697 principatu,
1523 1642 1618 1684 Ale-
1634 1653 1668 1690 P·
1686 1641 1755 1679 544

131 1691 290 1738 xander
321 1693 496 1737 Macedo
539 1695 734 1751 regnavit
772 1696 892 1740 anuis
920 1693 973 1748 6,
1002 1711 1099 1739 cum
1129 1697 1211 1739 iam
1240 1705 1471 1754 regnasset,
1505 1705 1622 1740 ante-

131 1765 259 1805 quam
282 1753 526 1806 peremisset
554 1753 762 1805 Darium,
793 1761 842 1795 ut
873 1754 1046 1805 ferunt,
1074 1754 1192 1797 annis
1228 1754 1295 1796 12.
1356 1763 1399 1798 et
1426 1762 1621 1797 mortuus

131 1814 195 1849 cst
221 1809 335 1864 apud
362 1809 622 1866 Babylonem
654 1826 865 1852 annorum
893 1809 974 1864 35,
1017 1817 1064 1852 ut
1102 1817 1244 1853 autem
1276 1811 1346 1853 alii
1386 1813 1619 1869 perhibue-

133 1870 247 1916 runt,
274 1863 346 1907 36.
405 1867 726 1924 regnavit·ergo
754 1869 870 1911 aunis
892 1867 958 1920 17,
989 1869 1153 1924 subegit
1171 1875 1312 1911 autem
1331 1870 1620 1913 barbarorum

132 1924 320 1964 nationes
344 1924 492 1965 viniuti
533 1923 657 1977 duas,
692 1933 736 1969 et
779 1926 913 1967 tribus
943 1927 1207 1967 Graecorum
1240 1926 1303 1968 13.
1346 1933 1389 1969 et
1419 1935 1615 1970 mortuus

128 1984 191 2021 est
219 1979 262 2020 in
287 1956 458 2023 Pemi'dc
491 1996 684 2038 regnans.

244 2053 375 2095 Fiunt
403 2055 545 2111 itaque
576 2070 719 2099 omnes
760 2057 882 2099 simul
922 2057 975 2099 ab
1006 2057 1139 2105 Adam
1182 2073 1316 2115 usque
1351 2058 1406 2101 ad
1431 2065 1616 2101 mortem

129 2108 355 2152 Alexandri
381 2113 482 2155 anni
512 2111 642 2155 5167.

67 2232 79 2238 x
240 2185 341 2226 Post
383 2193 565 2229 mortem
612 2194 753 2230 autem
794 2187 1017 2230 Alexandri
1048 2190 1227 2246 Aegypti
1273 2195 1317 2231 et
1342 2188 1617 2231 Alexandriae

128 2239 291 2294 primus
322 2257 400 2285 rex
426 2245 508 2285 fuit
536 2245 805 2287 Ptolomaeus
833 2245 934 2301 Lagi
966 2247 1082 2287 annis
1111 2248 1191 2299 40,
1223 2247 1494 2288 Ptolomaeus
1513 2246 1615 2287 Phi·

130 2296 348 2353 ladelphus
379 2301 579 2343 anuis-38.
648 2303 725 2343 sub
768 2301 851 2343 hoc
881 2303 989 2344 sacri
1022 2304 1133 2354 libri,
1164 2305 1235 2359 qui
1255 2305 1369 2359 apud
1402 2304 1615 2345 Haebreos

130 2362 266 2407 erant,
299 2356 340 2397 in
374 2360 583 2400 Graecam
628 2363 776 2400 vocem
815 2360 1010 2401 translati
1041 2368 1082 2401 ct
1107 2361 1381 2402 Alexandriae
1410 2367 1508 2402 sunt
1536 2361 1615 2402 sub

127 2411 332 2454 Eleazaro
361 2416 563 2469 pontifice
584 2417 851 2458 bibliothecis
883 2417 1107 2460 reconditi.
1174 2419 1442 2460 Ptolomaeus
1474 2419 1613 2460 Euer-

126 2474 240 2522 getes
272 2472 389 2511 annis
409 2473 485 2524 25,
515 2474 784 2515 Ptolomaeus
808 2474 1059 2531 Philopator
1089 2478 1204 2518 annis
1239 2476 1313 2526 17,
1344 2476 1614 2518 Ptolomaeus

127 2526 303 2568 illustris
342 2529 459 2569 annis
487 2531 554 2571 24.
623 2547 732 2587 quae
780 2539 892 2587 gesta
931 2539 1026 2573 sunt
1066 2534 1179 2575 circa
1211 2533 1505 2584 machabaeos,
1534 2534 1612 2575 sub

129 2583 211 2624 isto
245 2586 355 2626 sacta
382 2592 494 2627 sunt.
573 2589 840 2630 Ptolomaeus
886 2589 1150 2631 Philometor
1186 2590 1302 2631 annis
1340 2589 1420 2642 35,
1460 2591 1610 2633 Ptolo·

128 2655 270 2683 maeus
298 2642 442 2684 iunior
470 2645 586 2685 annis
611 2645 677 2697 29,
708 2647 978 2688 Ptolomaeus
1008 2648 1203 2703 Physcon
1231 2647 1348 2688 annis
1380 2647 1430 2689 17
1459 2648 1610 2690 mensi·

127 2697 205 2739 bus
219 2697 260 2750 6,
292 2700 561 2742 Ptolomaeus
581 2703 813 2744 Alexander
842 2705 956 2744 annis
978 2704 1041 2755 10,
1073 2706 1336 2745 Ptolomaeus
1358 2705 1492 2747 frater
1524 2706 1609 2747 eius
1621 2701 1740 2752 p-'e'45

130 2756 250 2797 annis
279 2757 334 2809 8,
384 2759 654 2802 Ptolomaeus
686 2761 759 2817 qui
802 2769 843 2803 et
873 2762 1081 2819 Dionysus
1126 2762 1244 2804 annis
1271 2761 1353 2813 30,
1385 2763 1610 2819 Cleopatra

127 2812 363 2856 Ptolomaei
393 2816 510 2857 anuis
541 2816 606 2858 22.
