1768 3268
641 202 710 242 Ex
751 199 1053 242 SYNCELLO.
1520 190 1583 237 25

210 317 425 361 Secundus
472 318 766 359 Romanorum
808 315 1061 357 monarchus
1104 315 1259 355 Caesar
1305 313 1722 364 Octavianus,p.57⁷

95 378 168 433 qui
200 382 242 417 et
275 379 480 431 Augustus
521 374 752 429 appellatus
796 379 872 414 est.
950 389 974 413 a
1019 371 1238 413 creatione
1277 370 1424 412 mundi
1457 385 1590 426 usque

96 435 149 476 ad
179 433 346 474 initium
380 431 497 472 tertii
546 431 721 487 Augusti
752 430 944 471 Caesaris
974 429 1095 482 anni,
1123 430 1165 469 in
1206 442 1294 484 quo
1336 434 1378 469 et
1412 427 1588 468 indictio

96 489 364 546 promulgata
396 495 482 541 est,
519 488 644 530 sicuti
686 489 831 528 beatus
873 486 1075 528 Maximus
1105 486 1148 527 in
1187 499 1385 526 sermone
1428 498 1504 526 suo
1536 484 1590 525 de

94 547 248 603 pascha
276 551 478 597 testatur,
508 545 605 586 anni
645 551 742 585 sunt
773 540 901 585 5460.
980 544 1132 585 Cicero
1161 542 1312 584 rhetor
1346 547 1390 583 et
1416 546 1589 582 senator

95 605 256 646 Ga'ietis
287 603 432 645 ltaliae
462 604 742 658 interemptus
785 608 869 650 est;
899 607 948 643 ut
988 607 1131 643 autem
1160 599 1232 641 alii
1262 599 1394 651 aiunt,
1424 613 1585 640 veneno

94 677 179 703 sese
210 661 390 702 necavit.

216 734 489 789 Principatus
518 747 668 775 eorum
711 739 872 789 septem
920 732 992 789 qui
1025 731 1139 786 apud
1166 732 1422 788 Pergamum
1450 730 1589 787 impe-
1602 735 1724 783 p.578

99 797 311 834 raverunt
339 791 528 843 cessavit,
557 805 654 832 cum
686 790 958 847 perdurasset
993 788 1075 832 154
1103 788 1233 830 annis.

210 869 331 912 Sicut
361 870 402 910 in
444 869 697 926 quibusdam
740 870 898 912 Latinis
932 868 1187 911 editionibus
1227 870 1378 921 fertur,
1410 868 1463 909 ab
1494 867 1590 909 Ale-
1605 881 1726 927 p‚537

98 925 261 970 xandro
305 941 438 984 usque
480 927 534 968 ad
571 927 745 985 Augusti
791 936 987 984 tempora
1030 928 1206 970 suerunt
1249 926 1347 968 anni
1387 925 1479 982 plus
1509 925 1592 966 mi-

102 999 180 1027 nus
210 983 308 1026 300.

208 1057 465 1099 Iudaeorum
492 1056 656 1112 primus
688 1072 760 1099 rex
790 1057 1020 1114 alienigena
1040 1057 1230 1099 Herodes
1262 1057 1343 1098 fuit
1369 1057 1484 1097 annis
1515 1055 1637 1109 37.p.
1653 1062 1723 1100 589
1760 1061 1768 1094 1

99 1115 173 1172 qui
202 1115 427 1155 Ananilum
473 1114 709 1170 quendam,
742 1114 995 1157 ludaeorum
1027 1116 1101 1171 qui
1145 1115 1186 1155 in
1221 1114 1439 1170 Babylone
1469 1120 1593 1156 erant

95 1187 303 1213 summum
324 1171 583 1227 pontificem,
612 1172 842 1214 accersiens
876 1173 917 1213 in
951 1172 1209 1213 Hierusalem
1238 1187 1447 1212 summum
1477 1185 1591 1226 pon.-

95 1230 251 1270 tificem
280 1228 516 1269 constituit.
588 1234 631 1269 ct
672 1228 755 1269 hoc
806 1230 942 1271 electo
970 1235 1065 1284 post
1107 1228 1324 1270 modicum
1370 1228 1592 1269 constituit

95 1285 387 1328 Aristobulum
414 1298 624 1327 summum
640 1286 902 1340 pontificem,
934 1287 1113 1328 fratrem
1146 1285 1288 1327 uxoris
1316 1300 1427 1337 suae,
1458 1284 1591 1325 lilium

95 1343 294 1399 Hyrcani.
365 1349 409 1384 et
449 1342 532 1383 hoc
574 1343 833 1399 interempto
867 1358 1011 1385 rursus
1052 1343 1276 1384 Ananilum
1310 1348 1408 1398 post
1435 1357 1592 1383 animm

99 1399 309 1455 provexit.

220 1475 344 1514 Anno
374 1471 522 1514 mundi
546 1472 657 1515 5500
686 1473 889 1515 devoluto
913 1479 954 1514 et
982 1472 1090 1515 5501
1129 1473 1358 1528 incipiente
1389 1473 1502 1513 facta
1532 1477 1592 1513 est
1605 1478 1723 1526 p.590

104 1530 343 1572 incarnatio
376 1530 537 1571 domini
567 1537 610 1572 et
636 1530 855 1572 salvatoris
886 1533 1020 1572 nostri
1052 1533 1142 1572 lesu
1159 1530 1330 1585 Christi,
1356 1544 1497 1571 mense
1528 1544 1595 1570 se-

99 1587 284 1629 cundum
311 1589 523 1629 Romanos
554 1588 736 1639 Martio,
769 1587 837 1628 die
869 1588 937 1638 25,
964 1587 1194 1629 secundum
1224 1586 1408 1628 divinam
1438 1587 1596 1627 editio-

101 1660 211 1694 nem,
245 1659 352 1701 quae
385 1659 463 1700 per
491 1646 665 1702 Moysen
690 1644 859 1700 prolata
901 1651 984 1697 est,
1013 1646 1152 1700 prima
1184 1644 1252 1685 die
1282 1644 1430 1685 mensis
1461 1644 1597 1694 Nisan,

102 1702 176 1758 qui
212 1701 325 1758 apud
352 1702 567 1743 Hebraeos
600 1702 763 1757 primus
792 1709 959 1744 creatus
991 1708 1069 1755 est,
1102 1717 1184 1759 qua
1206 1701 1380 1743 Gabriel
1412 1700 1597 1741 archan..

99 1759 214 1815 gelus
235 1760 286 1810 ei,
318 1774 426 1815 quae
456 1774 556 1801 vere
588 1766 650 1801 est
681 1774 730 1801 ac
760 1759 939 1814 proprie
970 1758 1036 1800 dei
1063 1760 1259 1814 genitrix,
1291 1759 1421 1799 totius
1451 1757 1598 1798 mundi

99 1816 242 1871 gaudii
272 1817 431 1858 obtulit
458 1818 687 1872 evangelia.
746 1817 806 1857 sic
834 1818 945 1858 enim
975 1822 1017 1858 et
1051 1817 1240 1858 vivificae
1270 1815 1596 1857 resurrectionis

102 1875 188 1914 eius
220 1873 306 1915 dies
336 1874 482 1914 eadem
514 1875 652 1928 prima
681 1874 829 1917 mensis
878 1874 946 1916 die
973 1874 1198 1915 concurrit
1227 1873 1461 1916 secundum
1491 1887 1598 1928 apo-

103 1930 272 1972 stolicas
303 1930 567 1972 traditione&

213 2006 420 2059 Augustus
450 2005 642 2059 pontifex
673 2006 873 2046 maximus
906 2006 1101 2048 decretus
1131 2012 1205 2050 est.
1279 2003 1470 2047 Herodes
1500 2002 1593 2058 pri·
1608 2006 1725 2055 p-594
1748 2006 1768 2043 4

102 2076 215 2102 scam
245 2062 492 2114 Samariam,
524 2077 620 2102 cum
638 2069 743 2104 esset
773 2063 950 2115 deserta,
981 2078 1005 2104 a
1034 2062 1318 2105 fundamentis
1349 2061 1497 2112 erexit,
1516 2062 1594 2102 Se-
1607 2070 1727 2121 p,594
1755 2073 1768 2105 1

102 2119 248 2159 hasten
294 2119 334 2158 in
373 2118 584 2160 honorem
624 2119 810 2161 Caesaris
854 2120 1086 2162 nominans.
1158 2121 1347 2162 Herodes
1390 2118 1595 2175 templum

104 2175 222 2231 quod
259 2175 560 2233 Hierosolymis
610 2182 704 2218 erat
747 2176 899 2232 duplex
930 2177 1229 2222 reaedificavit.
1288 2177 1475 2219 Herodes
1503 2175 1593 2230 pri·
1607 2177 1763 2226 p.5951

102 2248 214 2273 scam
246 2233 456 2274 Stratonis
490 2233 647 2274 turrim
678 2234 926 2275 Caesaream
974 2234 1016 2275 in
1058 2234 1269 2278 honorem
1314 2235 1498 2276 Caesaris
1527 2247 1595 2273 su-

102 2289 404 2345 peraedificans
436 2291 682 2331 nominavit.
757 2291 867 2332 idem
913 2291 1002 2346 ipse
1047 2292 1304 2335 ludaeorum
1334 2289 1646 2349 legisperitosp.
1663 2297 1733 2335 595
1765 2302 1768 2329 1

103 2346 261 2388 occidit
291 2353 333 2387 et
367 2347 546 2403 scriptas
577 2347 839 2404 genealogias
873 2348 1072 2390 incendit.

221 2420 368 2460 Mundi
394 2435 506 2461 anno
537 2419 678 2472 5500,
721 2420 887 2463 divinae
930 2437 1034 2464 vero
1079 2422 1381 2463 incarnationis
1412 2434 1523 2461 anno
1559 2421 1596 2473 l,
1609 2427 1728 2473 p.598
1756 2424 1768 2459 1

112 2482 261 2530 pastor
293 2477 427 2518 bonus
447 2483 636 2532 pastores
652 2478 813 2533 primos
832 2479 885 2520 ad
915 2479 1188 2522 ineffabilium
1219 2479 1419 2520 visionem
1448 2485 1491 2520 et
1518 2493 1597 2519 au-

111 2532 319 2574 ditionem
342 2550 420 2589 per
450 2536 617 2589 angelos
650 2535 857 2578 invitavit.

219 2619 366 2661 Mundi
398 2635 530 2660 annus
551 2628 643 2662 erat
665 2620 791 2673 5501,
824 2622 969 2663 Sextus
997 2621 1289 2678 Pythagoreus
1322 2620 1598 2676 philosophus
1611 2621 1728 2671 p-599

106 2674 304 2716 florebat.
369 2676 485 2717 ludas
515 2677 722 2719 Galilaeus
766 2678 961 2720 adversus
982 2680 1193 2720 Romanos
1240 2678 1468 2720 simultates
1498 2693 1599 2734 age-

107 2747 152 2772 re
185 2732 440 2775 hortabatur
463 2733 636 2775 ludaeos
657 2743 841 2791 propter
865 2736 1207 2791 descriptionem,
1269 2735 1459 2777 Herodes
1479 2750 1596 2777 nior-

107 2796 203 2828 tuus
233 2796 305 2842 est,
338 2807 435 2832 cum
479 2791 652 2833 vixisset·
670 2793 786 2833 annis
813 2792 894 2842 703
937 2794 1009 2849 qui
1042 2793 1201 2833 ludaeis
1242 2792 1386 2848 inique
1416 2793 1601 2848 impera-

111 2846 170 2887 vit
203 2848 318 2889 annis
352 2847 423 2890 37.
493 2849 568 2890 sub
612 2865 698 2906 quo
743 2856 783 2892 et
830 2850 1059 2906 prophetia
1108 2849 1235 2892 Iacob
1266 2849 1494 2905 adimpleta
1526 2855 1598 2891 est.
