1728 3184
701 151 901 194 NOTAE.
1438 153 1532 198 357

71 274 218 324 edocti,
247 272 406 313 etiamsi
432 270 537 312 alios
572 271 764 322 homines,
792 271 1050 327 Cappadoces
1089 282 1221 314 tamen
1249 290 1328 314 non
1355 275 1415 314 ita
1440 288 1535 314 con-

72 340 257 380 temnere,
284 344 335 368 ae
354 343 435 383 pro
461 327 590 368 nihilo
621 337 794 384 putare,
823 342 990 383 quorum
1026 330 1089 368 nil
1113 339 1198 370 tam
1225 331 1436 386 proprium
1466 340 1537 380 est,

71 401 197 442 quam
211 383 533 443 fidei-firmicum
562 389 642 424 etc.
672 383 818 424 exinde
850 385 1080 438 composita
1102 401 1195 426 cum
1212 386 1392 426 Eusebio
1422 401 1539 440 pace,

71 441 289 497 eoquead
321 441 532 481 Christum
561 441 781 495 migrante,
816 440 987 482 Basilius
1019 441 1249 495 designatus
1278 442 1442 482 antistes
1470 457 1542 482 re-

70 500 235 540 fertum
257 498 362 553 quid
386 498 473 538 alia
500 497 634 536 d1'cere
660 511 812 536 necesse
828 507 900 547 est,
929 498 1098 537 subiicit
1126 499 1333 538 nonnullis
1362 498 1542 539 interie-

71 554 147 594 ctis
174 554 427 608 Gregorius?
483 567 630 593 verum
663 553 875 593 enimvero
918 554 1067 594 Christi
1088 555 1206 594 hostis
1236 555 1469 608 imperator,
1501 565 1542 595 ct

62 611 175 667 fidei
199 620 403 663 tyrannus
415 640 428 660 ,
468 624 555 649 cum
584 610 735 649 maiori
762 611 969 665 impietate
983 640 996 659 ,
1027 626 1076 650 ac
1084 612 1344 661 ferventiore
1368 612 1470 661 acie,
1500 621 1543 651 ut

63 677 160 723 pote
186 681 276 707 cum
312 666 536 707 valentiore
570 666 812 705 adversario
853 681 937 706 rem
967 667 1183 718 habitur-145,
1213 665 1275 706 ad
1299 681 1370 706 nos
1395 667 1535 706 iterum

68 725 191 774 venit,
221 722 371 778 impuri
396 737 446 762 ac
468 723 596 777 pravi
622 723 730 762 illius
755 723 915 777 spin’tus
942 724 985 762 in
1014 723 1190 773 modum,
1223 724 1297 779 qui
1315 738 1373 762 ex
1404 723 1535 775 homi—

68 781 132 820 nis
166 793 332 836 corpore
367 779 506 834 pulsus
519 809 531 826 ,
573 778 725 835 diuque
762 789 931 832 vagatus
944 810 956 830 ,
993 779 1054 819 ad
1088 779 1253 819 eundem
1287 793 1420 818 mrsus
1446 793 1532 818 cum

67 836 225 877 maiori
262 836 474 891 spirituum
507 835 671 888 agmine
707 835 958 875 habitaturus
985 835 1091 875 redit
1120 841 1199 878 etc.
1267 849 1316 874 ac
1348 835 1531 874 inferius.

67 901 112 932 ut
142 906 240 933 vero
264 892 500 948 peragratis
526 892 703 931 omnibus
734 892 920 946 oppidis,
959 892 1022 932 ad
1047 893 1154 932 hanc
1168 890 1367 945 firmam,
1398 900 1437 930 et
1468 892 1535 931 in-

65 947 264 1002 zffinsam
290 948 546 988 ecclesianam
586 956 752 987 matrem
779 962 821 986 se
850 948 1018 988 contulit
1044 955 1120 988 etc.
1179 947 1258 987 hoe
1286 948 1317 987 si
1351 962 1430 986 non
1462 961 1533 1000 ge..

66 1005 230 1046 minum
255 1004 439 1045 Vatentis
470 1005 712 1044 Caesaream
742 1018 946 1044 accessum
983 1005 1177 1058 probant,
1207 1004 1328 1058 plane
1358 1003 1534 1043 halluci-

67 1076 158 1102 nor.
198 1060 397 1102 >secundo
421 1074 538 1111 vero,
569 1075 676 1114 quae
696 1060 765 1100 hic
783 1067 1026 1115 tanguntur,
1058 1060 1272 1115 contigisse
1288 1066 1410 1101 testes
1440 1065 1536 1099 sunt

66 1118 319 1158 Sozomenus
353 1122 395 1158 et
424 1117 673 1170 Gregorius,
708 1117 860 1172 quibus
889 1116 1143 1170 adiungit-se
1171 1123 1344 1166 auctor,
1373 1115 1534 1156 dicens:

65 1166 165 1228 ἧκεν
191 1173 253 1222 εἷς
278 1172 548 1225 Καισάρειαν
586 1172 631 1222 ἐξ
660 1171 867 1223 ἀνατολῆς
910 1171 1014 1213 κατὰ
1046 1172 1125 1214 τοῦ
1154 1173 1276 1213 θείου
1305 1171 1534 1213 Βασιλεὼυ

63 1227 347 1282 μαινόμενος·
401 1225 562 1281 ἔπραξε
588 1228 635 1269 δὲ
660 1226 734 1270 καί
758 1225 787 1269 ἃ
815 1227 837 1269 ὅ
855 1229 987 1283 μέγας
1001 1230 1043 1270 Γ
1041 1226 1235 1284 ρηγόριος
1264 1228 1325 1276 εἷς
1355 1224 1428 1269 τὸν
1443 1229 1534 1270 Ba·

63 1286 225 1328 σιλείου
242 1280 465 1341 ἐπιτάφιον
487 1281 637 1334 ἔλεξεν.

181 1368 272 1424 100,
306 1369 372 1410 13.
434 1368 594 1411 Μαυΐα
622 1369 881 1423 Σαρακηνῶν
908 1369 1156 1424 βασίλισσα]
1190 1368 1291 1410 baec
1319 1374 1415 1423 post
1445 1369 1534 1410 Va-

65 1426 186 1468 lentis
218 1425 438 1467 Antiochia
470 1426 703 1474 discessum,
736 1433 778 1466 et
810 1427 851 1465 in
869 1426 983 1466 hunc
1012 1440 1162 1466 annum
1194 1426 1418 1466 incurrisse
1447 1426 1534 1465 cot-

62 1482 163 1538 legit
189 1490 369 1534 auctor,
401 1497 447 1523 ex
476 1484 654 1523 Socrate
686 1482 759 1522 lib.
787 1478 815 1523 4
843 1497 934 1538 cap.
964 1481 1039 1535 99,
1072 1482 1123 1523 de
1152 1482 1301 1538 quibus
1332 1481 1531 1522 Theodo-

65 1547 196 1594 retus,
225 1541 494 1591 Sozomenus,
522 1546 563 1579 et
593 1540 778 1582 Rufinus.

175 1608 268 1723 tagl,
297 1623 336 1667 3.
407 1621 575 1678 ἱστορεῖ·
610 1623 710 1679 περὶ
751 1622 829 1665 τοῦ·
857 1619 1009 1673 ἔθνους
1046 1620 1070 1664 ὅ
1099 1619 1360 1677 Σωζόμενος]
1404 1622 1474 1663 lib.
1502 1622 1529 1663 6

60 1696 153 1737 cap.
240 1712 250 1722 .

174 1765 280 1806 Ibid.
313 1765 352 1807 5.
410 1761 450 1805 οἶ
480 1764 527 1805 δὲ
556 1762 727 1820 Γότθοι]
758 1764 867 1805 idem
899 1764 1062 1819 cap.37
1094 1765 1161 1805 tib.
1192 1763 1219 1804 6
1262 1763 1314 1805 de
1341 1764 1527 1818 Ulphila,

61 1821 126 1862 vel
163 1822 343 1877 Urphila
386 1821 645 1863 Gouhorum
682 1822 881 1876 episcopo
919 1821 1124 1862 eruditam
1173 1821 1297 1862 babet
1336 1822 1527 1861 disserta-

61 1878 219 1919 tionem
241 1884 392 1920 auctor
420 1894 563 1945 earum
596 1879 636 1919 in
668 1879 863 1919 Photiani
891 1878 1160 1933 Philostorgii
1188 1893 1281 1932 cap.
1302 1878 1326 1918 2
1357 1878 1427 1917 lib.
1458 1879 1495 1918 2.

169 1963 278 2004 nid.
310 1963 373 2004 15.
443 1961 631 2010 Λούκιος
658 1959 728 2018 ἔτη
759 1961 835 2015 ιβ’,
872 1961 939 2019 δ’]
984 1978 1119 2018 neque
1157 1977 1285 2002 annus
1314 1962 1383 2002 bic
1409 1963 1525 2002 Lucii

60 2026 249 2074 quartus,
281 2035 418 2075 neque
446 2021 560 2060 annis
585 2021 634 2060 1‘2
666 2023 957 2075 pontificatum
992 2019 1191 2067 obtinuit,
1221 2018 1288 2060 scd
1319 2034 1383 2059 sex
1415 2017 1524 2058 dnn..

58 2083 184 2126 taxat,
215 2077 329 2116 cuius
359 2076 427 2117 hic
458 2078 639 2132 quintus,
668 2077 890 2118 succedens
917 2084 1065 2118 sextus.
1127 2076 1250 2116 alium
1281 2076 1371 2116 Pal.
1404 2076 1523 2115 codi-

57 2134 115 2173 cis
145 2140 187 2174 et
214 2133 383 2189 Peyrez.
411 2148 617 2185 errorem,
647 2149 694 2175 ac
720 2134 893 2175 subinde
921 2135 1041 2175 barb.
1074 2132 1407 2175 emendationem
1447 2147 1519 2170 va-

58 2190 147 2231 riae
173 2190 370 2232 lectiones
399 2190 606 2232 exhibent.

166 2274 275 2316 Ibtd.
311 2273 377 2315 16.
446 2272 606 2315 Γότθοι
650 2273 776 2315 πάλιν
815 2271 1058 2329 ἓνωθένῐες]
1102 2273 1372 2327 praecipuam
1413 2270 1519 2309 banc

56 2332 343 2372 Romanorum
371 2338 550 2385 stragem
581 2332 777 2372 describit
803 2332 1039 2371 Ammianus
1070 2331 1140 2370 lib.
1170 2329 1220 2369 31
1271 2328 1321 2367 ad
1366 2341 1516 2366 annum

57 2389 243 2430 Valentis
276 2385 330 2429 14
358 2388 534 2443 assignat
559 2388 837 2442 Hieronymus
867 2389 907 2428 in
944 2388 1169 2435 chronico,
1204 2386 1274 2440 qui
1305 2390 1399 2436 post
1431 2383 1516 2422 Va..

54 2445 272 2486 lentiniani
298 2445 439 2485 fratris
469 2452 648 2485 mortem
668 2445 851 2485 Valentis
882 2445 1028 2484 tertius
1058 2449 1303 2482 numeratur
1331 2456 1353 2478 a
1375 2439 1515 2478 Theo-

55 2502 219 2556 phane:
251 2503 318 2543 cui
347 2516 524 2542 concors
558 2501 792 2553 Ammianus
810 2502 968 2542 scribit.
1021 2502 1148 2555 periit
1176 2500 1248 2536 hoe
1277 2497 1391 2536 eoeitu
1425 2495 1471 2535 V
1467 2511 1518 2534 α-

54 2559 140 2601 lens
167 2560 494 2614 quinquagesimo
535 2573 645 2598 anno
683 2560 885 2612 contigwcs
898 2590 911 2609 ‚
951 2572 1038 2597 cnm
1071 2571 1150 2611 per
1176 2568 1304 2594 annos
1333 2561 1519 2608 quattuor

56 2617 310 2669 imperasset,
335 2626 372 2655 et
394 2629 537 2671 parvo
568 2617 710 2655 ηιίιιιιε.

173 2698 265 2751 103,
298 2699 362 2741 16.
420 2699 466 2740 ἐν
492 2700 557 2755 τῷ.
579 2699 796 2754 κυνηγείῳ]
826 2700 1179 2753 αιηρΙιὶιΙιιάΙνιιηι,
1208 2708 1292 2747 qun
1324 2695 1516 2733 venatio-

58 2769 153 2807 nes,
183 2763 226 2796 et
257 2756 474 2798 hominum
516 2771 610 2796 cum
638 2751 784 2797 bestiis
816 2770 977 2809 pugnae
1020 2753 1250 2794 edebantur
1299 2754 1515 2802 xvvqyu‘ov
