1768 3268
241 219 303 266 78
425 221 705 265 ANASTAsn
744 219 1004 265 HISTORIA
1041 217 1454 263 ECCLESIASTICA

238 345 322 380 tem
348 352 440 378 cum
467 342 571 379 esset
599 335 870 388 orthodoqu
900 335 1156 376 Anastasium
1183 332 1471 386 silentiarium,
1502 329 1576 388 qui
1603 336 1700 386 post

237 396 336 436 haec
366 396 512 435 abusus
557 394 736 449 imperio
778 399 861 444 est,
891 393 941 432 ab
971 391 1140 432 ecclesia
1168 390 1329 446 pepulit
1361 396 1409 430 ut
1439 388 1700 430 haereticum

236 458 277 492 ct
304 451 501 507 Eutychis
519 456 854 501 consentaneum,
887 464 1010 504 quem
1027 455 1068 488 et
1089 449 1230 489 turbas
1251 448 1500 488 excitantem
1535 445 1700 486 intuens

234 507 358 548 sedile
388 508 523 562 ipsius,
555 506 670 562 quod
699 514 791 548 erat
820 507 860 546 in
893 505 1072 555 ecclesia,
1100 505 1320 555 subvertit,
1353 503 1630 544 comminatus
1660 501 1699 541 ci

235 564 349 620 quod
386 564 462 604 nisi
489 571 678 604 cessasset
713 579 736 603 a
777 563 951 614 talibus,
992 560 1189 604 tonderet
1220 566 1348 614 caput
1385 560 1470 600 eius
1502 566 1544 601 et
1564 558 1700 599 turbis

235 621 422 662 traderet
447 619 752 674 publicandum.
813 626 978 674 questus
1008 624 1145 658 autem
1175 617 1286 671 apud
1312 617 1524 658 Zenonem
1549 621 1700 656 contra

53 688 86 720 P·
107 676 175 711 209
198 675 350 717 4illum
379 677 563 717 obtinuit
585 683 847 731 potestatem.
907 675 1096 730 sequenti
1134 688 1234 715 vero
1263 687 1391 724 anno,
1427 687 1512 728 quo
1545 672 1699 726 ageba..

233 740 306 774 tur
337 733 516 774 decimus
546 734 739 787 septimus
769 732 934 786 imperii
970 731 1146 771 Zenonis
1179 745 1322 781 annuS,
1350 730 1464 770 Felix
1490 729 1699 786 synodicis

232 790 453 845 Euphemii
482 790 659 844 receptis
701 789 738 829 ei
768 789 936 844 quidem
980 795 1176 843 tanquam
1210 786 1454 828 orthodoxo
1485 786 1700 841 appositus

235 852 318 897 est,
359 846 600 901 episcopum
640 852 777 886 autem
815 845 931 885 illum
957 858 1040 885 non
1085 843 1274 898 recepit,
1314 857 1364 884 eo
1396 843 1513 899 quod
1543 857 1698 883 nomen

232 904 369 943 Aeacii
392 909 433 943 et
461 903 704 943 successoris
723 901 944 943 Phravitae
974 901 1025 941 de
1051 900 1258 956 diptychis
1281 914 1364 940 non
1395 899 1591 944 emiserit.
1625 914 1699 940 eo-

234 959 326 999 dem
354 973 461 999 anno
507 961 634 1000 Petro
679 959 876 1013 Cnapheo
922 963 1092 998 mortuo
1138 963 1359 1011 promotus
1388 964 1449 998 est
1480 956 1699 1012 episcopus

235 1017 326 1055 loco
357 1016 442 1056 eius
472 1016 675 1056 Palladius
720 1015 941 1071 presbyter
980 1015 1246 1055 Seleuciensis
1288 1014 1486 1055 ecclesiae
1529 1019 1699 1054 sanctae

232 1073 393 1125 primae
434 1072 627 1127 martyris
655 1071 856 1122 Theclae,
908 1086 1003 1112 cum
1035 1071 1128 1126 “quo
1170 1072 1324 1112 eiectus
1360 1076 1422 1112 est
1452 1077 1494 1112 et
1519 1072 1697 1112 Ioannes

151 1162 155 1166 .
231 1129 489 1169 Constantini
532 1134 659 1183 atque
689 1128 919 1169 Anastasius
961 1127 1222 1180 silentiarius,
1255 1128 1326 1183 qui
1358 1127 1464 1168 male
1491 1133 1589 1182 post
1619 1126 1698 1166 hac

51 1184 171 1230 1³·210
194 1185 459 1239 3imperavit.
532 1200 627 1225 nam
663 1186 831 1226 Zenone
872 1191 1064 1234 mortuo,
1095 1185 1374 1241 Longinoque
1404 1185 1539 1226 fratre
1570 1183 1697 1238 ipsius

229 1241 448 1295 imperium
478 1241 695 1283 affectante
735 1241 919 1296 repulso,
947 1241 1164 1282 Areadnae
1203 1247 1454 1297 senatusque
1498 1241 1692 1293 consulto

227 1313 276 1338 ac
308 1299 433 1338 totius
464 1298 661 1338 exercitus
680 1298 911 1338 Anastasius
930 1297 1179 1339 silentiarius
1207 1298 1507 1353 pronuntiatus
1537 1302 1598 1338 est
1616 1297 1696 1337 im-

224 1361 421 1408 perator3
452 1354 523 1409 qui
549 1369 643 1394 cum
673 1354 894 1408 imperium
913 1354 1168 1409 suscepisset,
1198 1355 1505 1410 professionem
1529 1354 1571 1394 in
1593 1354 1698 1394 scri·

223 1410 304 1464 ptis
331 1410 530 1465 expetitus
556 1416 618 1451 est
638 1410 688 1451 ab
720 1411 956 1465 Euphemio
986 1412 1126 1452 facere
1145 1426 1228 1452 non
1249 1410 1544 1452 commovendi
1573 1411 1694 1466 quic-

225 1481 347 1522 quam
376 1468 428 1507 ab
460 1466 633 1508 ecclesia
650 1467 713 1508 vel
745 1467 796 1507 de
826 1466 919 1519 fide,
949 1467 1168 1522 indignum
1195 1484 1237 1510 se
1266 1467 1510 1509 Christianis
1540 1473 1582 1508 et
1611 1467 1693 1507 im-

223 1523 343 1577 perio
376 1538 537 1564 vocans.
606 1523 690 1564 vim
731 1531 868 1564 autem
911 1523 948 1564 ei
987 1524 1164 1566 faciente
1201 1525 1470 1580 imperatrice
1499 1524 1694 1565 Areadne

225 1586 350 1634 atque
379 1585 542 1630 senatu,
583 1581 761 1635 suscepit
799 1581 1002 1635 propriae
1033 1597 1176 1623 manus
1215 1582 1300 1623 eius
1329 1581 1548 1636 scriptum,
1578 1580 1696 1636 quod

227 1636 432 1690 reciperet
463 1637 503 1675 in
527 1635 813 1678 diffinitionem
845 1637 942 1678 fidei
983 1637 1178 1693 dogmata
1209 1639 1557 1680 Chalcedonensis
1585 1652 1694 1678 con-

227 1692 323 1743 cilii,
354 1698 396 1732 et
435 1692 492 1733 ita
534 1701 759 1735 coronatus
785 1695 1018 1735 Areadnem
1047 1695 1165 1736 ducit
1208 1695 1260 1735 ad
1289 1694 1467 1750 nuptiaS,
1502 1694 1692 1735 nondum

44 1759 80 1793 p.
100 1747 167 1782 211
191 1747 321 1790 2ante
349 1749 469 1789 uxori
497 1749 686 1790 sociatus.
756 1765 889 1806 porro
934 1766 1044 1792 anno
1075 1766 1160 1807 quo
1198 1753 1312 1794 Zeno
1345 1759 1538 1793 mortuus
1561 1758 1622 1792 est
1650 1757 1693 1792 et

225 1806 460 1846 Anastasius
496 1805 703 1860 imperare
742 1808 909 1863 coepit,
954 1808 1005 1848 ab
1034 1809 1166 1850 Adam
1204 1808 1435 1850 secundum
1479 1809 1692 1850 Romanos

226 1861 396 1917 quidem
429 1862 525 1902 anni
554 1870 674 1903 erant
700 1862 822 1915 5999,
850 1864 1076 1907 secundum
1117 1866 1360 1922 diligentem
1395 1879 1500 1908 vero
1528 1879 1692 1921 suppu-

227 1918 430 1959 tationem
458 1919 831 1960 Alexandrinorum
863 1920 985 1962 5983.

98 1992 217 2039 p.212
338 1990 484 2032 Mundi
512 2007 620 2033 anno
649 1989 769 2048 5984,
799 1994 963 2036 divinae
990 1995 1287 2036 incarnationis
1318 2010 1428 2037 anno
1458 1991 1555 2049 484,
1582 1996 1692 2035 Ana-

228 2047 369 2088 stasius
419 2049 649 2103 imperator
689 2050 861 2092 Petrum
906 2052 1098 2106 Cnaphea
1142 2052 1407 2093 Antiochiam
1455 2052 1598 2093 redire
1637 2051 1692 2092 ad

228 2104 446 2158 propriam
474 2105 609 2146 sedem
634 2106 759 2147 iubet.
815 2107 884 2148 sed
912 2108 1009 2149 licet
1048 2109 1159 2150 hunc
1189 2110 1241 2150 ab
1285 2108 1406 2149 exilio
1442 2114 1690 2159 revocasset,

226 2161 492 2201 Antiochiam
527 2167 662 2202 tamen
702 2164 818 2205 abire
861 2178 942 2205 non
988 2180 1126 2219 passus
1172 2172 1246 2216 est,
1273 2165 1505 2206 Palladium
1533 2165 1690 2206 faciens

229 2217 474 2257 Antiochiae
495 2220 742 2261 consecrari.
799 2221 1050 2275 Euphemius
1081 2229 1221 2263 autem
1252 2222 1690 2277 Constantinopolita-

228 2287 303 2313 nus
348 2275 605 2328 congregatis
657 2277 885 2331 peregrinis
939 2279 1140 2334 episcopis
1182 2287 1372 2320 sanctum
1425 2279 1690 2335 praedicavit

230 2329 564 2371 Chalcedonense
591 2332 824 2374 concilium.
881 2348 1013 2388 porro
1036 2338 1209 2377 Ioannes
1240 2337 1563 2378 Tabennesiotes
1594 2351 1690 2376 cum

228 2391 335 2449 esset
361 2388 543 2437 Romae,
572 2387 736 2429 audiens
774 2390 888 2445 quod
916 2393 1145 2433 Anastasius
1174 2393 1432 2448 imperaret,
1460 2392 1576 2434 venit
1605 2394 1688 2448 By-

227 2449 435 2494 zantium,
483 2444 778 2486 vicissitudines
820 2446 946 2487 bonas
976 2463 1143 2503 sperans
1183 2450 1233 2490 ab
1264 2466 1329 2501 eo,
1360 2450 1561 2506 quoniam
1590 2450 1690 2490 Ale-

227 2498 452 2540 xandrinae
467 2500 625 2541 fecerat
657 2501 772 2540 illum
792 2517 1079 2559 oeconomum,
1113 2521 1235 2560 quem
1258 2513 1299 2548 et
1318 2507 1478 2548 nudum
1508 2520 1557 2547 ex
1586 2520 1690 2546 nau-

227 2555 360 2609 fragio
390 2563 627 2611 susceptum
656 2563 882 2599 sustentare
907 2562 1092 2612 curavit,
1127 2563 1183 2603 ita
1226 2570 1274 2603 ut
1310 2565 1468 2605 faceret
1511 2577 1606 2604 eum
1638 2562 1688 2603 de

228 2611 461 2653 calamitate
500 2613 604 2652 nihil
643 2614 812 2653 omnino
853 2617 1021 2658 sentire.
1080 2621 1310 2661 Anastasius
1348 2625 1488 2661 autem
1517 2618 1687 2659 audiens

229 2666 344 2730 quod
378 2669 554 2720 veniret,
586 2669 667 2710 fide
698 2678 822 2724 rupta
840 2674 1050 2728 multaque
1079 2676 1379 2730 ingratitudine
1408 2691 1502 2717 usus
1532 2677 1574 2716 in
1604 2675 1688 2716 exi-

229 2722 330 2762 lium
366 2726 571 2780 praecipit
616 2726 932 2780 destinandum,
976 2731 1206 2774 nullatenus
1234 2735 1284 2774 ab
1315 2735 1405 2789 ipso
1431 2739 1686 2786 susceptum.

227 2792 362 2843 porro
395 2782 566 2823 Ioannes
595 2782 677 2823 hoc
707 2797 979 2837 praenoscens
998 2788 1172 2829 Romam
1199 2790 1395 2846 fugiendo
1417 2790 1593 2831 salvatus
1613 2795 1688 2830 est.

229 2841 386 2876 mterea
425 2838 533 2879 facta
578 2839 861 2882 barbarorum
908 2843 1253 2902 praedonumque
1297 2862 1347 2888 ac
1393 2847 1686 2889 intestinorum
