1768 3268
254 216 350 268 160
467 219 748 265 ANASTAsn
785 216 1046 261 Hls'romA·
1085 212 1497 258 ECCLESIASTICA

253 344 356 385 filius
371 341 561 383 Hicsdem
590 347 633 382 et
661 338 729 380 alii
759 336 879 379 multi
904 336 1143 391 principum
1172 333 1243 374 filii
1287 339 1414 389 atque
1446 332 1552 374 filius
1571 333 1710 383 Aram,

252 414 391 441 omnes
422 399 552 452 electi,
581 405 624 438 et
658 395 771 452 quod
803 393 1004 449 siquidem
1031 391 1251 447 potuerint
1281 390 1496 430 Chosroen
1525 389 1710 445 perime-

251 472 310 508 re,
342 457 449 497 bene
476 461 518 495 et
546 454 733 509 optime:
769 452 829 492 sin
862 456 1012 500 autem,
1042 461 1182 488 omnes
1213 461 1305 486 cum
1323 446 1466 486 Sirohi
1494 445 1712 487 confluent

251 513 302 553 ad
331 513 645 567 imperatorem.
703 516 745 549 et
771 508 880 548 misit
904 521 969 546 me
1000 504 1158 545 Sirohis
1199 503 1251 543 ad
1281 510 1337 554 te,
1367 502 1555 544 domine:
1586 517 1711 543 vere-

250 576 321 610 tur
347 569 457 610 enim
479 567 699 622 imperium
711 566 1009 612 Romanorum,
1034 560 1242 616 quoniam,
1263 559 1473 614 inquiens,
1493 559 1709 600 Chosroen

249 626 462 682 quondam
502 623 692 673 salvavit,
724 627 765 661 et
792 622 920 660 multa
959 633 1006 658 ex
1034 631 1083 657 eo
1122 616 1228 656 mala
1254 617 1546 657 Romanorum
1593 622 1710 656 terra

246 695 440 737 perpessa
467 687 538 732 est,
570 685 611 719 et
647 678 743 734 quia
771 682 949 732 propter
990 674 1096 713 illius
1128 672 1473 728 ingratitudinem
1503 672 1709 713 nec-mihi

247 740 423 779 credere
451 737 576 776 habet
605 735 847 788 imperator.
906 746 1053 772 verum
1081 730 1149 770 ille
1178 730 1288 768 hunc
1316 730 1367 770 ad
1402 728 1573 770 Sirobin
1606 745 1710 770 rur-

246 809 311 834 sus
343 794 531 843 absolvit,
565 791 759 831 mandans
789 789 825 830 ei
847 795 892 829 ut
922 801 1108 827 carceres
1142 785 1339 840 aperiret,
1373 791 1416 827 et
1444 791 1629 827 retentos
1665 787 1707 826 in

247 851 302 891 eis
331 853 538 891 Romanos
569 847 786 896 educeret,
832 852 873 885 et
906 858 1020 884 arma
1049 843 1104 883 eis
1133 843 1357 895 tribueret,
1385 843 1527 899 sicque
1556 849 1708 883 contra

249 908 463 947 Chosroen
501 920 584 946 sese
611 909 811 943 moveret.
868 914 1002 955 porro
1025 899 1185 940 Sirohis
1215 899 1411 941 obediens
1440 899 1707 954 imperatori,

115 982 150 1016 p.
167 971 236 1006 502
248 963 415 1004 retrusis
445 962 614 1012 eductis,
643 958 888 1015 properavit
910 965 1057 997 contra
1092 955 1344 1010 patricidam
1372 963 1550 1011 patrem,
1570 956 1706 996 Chos-

247 1033 350 1059 roen
380 1019 549 1059 scilicet.
584 1030 762 1071 cumque
786 1016 855 1055 ille
882 1015 1025 1068 fugere
1053 1018 1251 1053 tentasset
1281 1027 1359 1053 nec
1376 1013 1581 1063 valuisset,
1615 1020 1706 1053 ten-

244 1081 380 1117 tus-et
407 1074 542 1114 valide
571 1074 731 1113 vinctus
759 1070 902 1112 ferreis
920 1076 980 1110 est
1007 1068 1277 1124 compedibus
1303 1075 1390 1110 tam
1415 1075 1512 1125 post
1541 1076 1705 1124 tergum

242 1133 430 1172 manibus
462 1145 584 1185 quam
620 1129 793 1183 pedibus
824 1125 1048 1181 colligati53
1089 1126 1157 1166 cui
1187 1132 1230 1166 et
1265 1126 1378 1167 circa
1408 1127 1564 1168 collum
1592 1141 1707 1180 pon-

242 1184 341 1228 dera
373 1189 507 1228 ferrea
533 1187 780 1239 imponunt,
821 1191 863 1225 et
889 1186 1062 1224 mittunt
1103 1198 1198 1224 eum
1228 1182 1268 1223 in
1301 1183 1474 1224 domum
1504 1183 1705 1224 tenebra-

242 1259 348 1295 rum,
379 1258 502 1298 quam
532 1242 616 1297 ipse
645 1241 821 1281 munivit
851 1256 874 1280 a
902 1240 1087 1281 novitate
1115 1245 1359 1280 construens
1389 1239 1441 1280 ad
1467 1239 1704 1281 reconden-

241 1300 310 1341 das
342 1299 534 1354 pecunias
555 1329 568 1350 ,
607 1298 807 1353 panisque
834 1312 986 1352 parum
1030 1296 1066 1336 ei
1096 1302 1138 1337 et
1166 1311 1299 1351 aquae
1327 1296 1561 1338 tribuentes
1590 1296 1703 1336 hunc

237 1357 342 1396 fame
374 1356 599 1396 necabant:
632 1354 690 1394 ait
718 1354 826 1394 enim
850 1353 1011 1394 Sirobis
1041 1354 1268 1394 “comedat
1296 1368 1460 1404 aurum,
1492 1352 1610 1408 quod
1637 1353 1702 1393 in-

237 1427 392 1453 cassum
420 1411 598 1466 collegit,
629 1417 671 1451 et
701 1417 882 1466 propter
911 1408 1026 1465 quod
1067 1410 1191 1450 etiam
1219 1410 1373 1451 multos
1400 1410 1509 1451 fame
1539 1410 1703 1450 necavit

234 1469 516 1523 mundumque
550 1467 738 1508 delevit.''
809 1480 942 1522 porro
976 1466 1087 1506 misit
1118 1466 1280 1506 Sirohis
1311 1466 1364 1507 ad
1393 1481 1487 1507 eum
1516 1473 1702 1521 satrapas

234 1525 348 1566 hunc
378 1525 535 1564 iniuriis
575 1524 859 1578 impetendum
890 1529 933 1564 et
977 1523 1313 1577 conspuendum.
1386 1531 1429 1565 et
1471 1523 1700 1564 adductum

234 1581 449 1622 Merdasan
479 1581 608 1620 filium
636 1581 747 1629 eius,
780 1595 903 1636 quem
934 1594 1144 1620 coronare
1178 1580 1357 1630 volebat,
1387 1586 1483 1620 ante
1509 1594 1551 1621 se
1582 1579 1701 1620 occi-

236 1637 310 1690 dit,
341 1643 382 1678 et
414 1637 596 1692 reliquos
635 1637 738 1677 filios
776 1638 859 1677 eius
888 1642 1061 1677 cunctos
1100 1636 1142 1677 in
1172 1642 1400 1691 conspectu
1429 1638 1514 1677 eius
1546 1636 1708 1678 intere—

238 1701 418 1745 merunt,
449 1700 491 1734 et
515 1693 625 1734 misit
654 1708 819 1734 omnem
846 1693 1062 1733 inimicum
1104 1694 1189 1734 eius
1221 1693 1383 1734 iniuriis
1411 1693 1626 1734 cumulare
1659 1700 1703 1735 et

235 1758 458 1806 percutere
486 1756 527 1791 et
555 1764 783 1805 conspuere
812 1750 940 1790 illum.
970 1749 1151 1805 denique
1178 1765 1258 1804 per
1286 1750 1473 1806 quinque
1508 1750 1592 1791 dies
1617 1750 1701 1791 hoc

236 1808 361 1857 facto,
392 1805 505 1847 iussit
535 1806 694 1847 Sirohis
732 1806 844 1847 hunc
872 1807 1052 1847 arcubus
1091 1807 1356 1860 interficere3
1382 1808 1525 1862 sicque
1552 1807 1699 1862 paula·

235 1864 311 1903 tim
341 1864 381 1903 in
410 1863 523 1902 malis
567 1863 852 1918 nequissimam
895 1879 1010 1904 suam
1041 1863 1217 1904 tradidit
1242 1864 1436 1904 animam.
1492 1870 1595 1904 tunc
1631 1865 1699 1904 Si-

235 1918 349 1960 rohis
386 1918 551 1973 scripsit
593 1919 644 1959 ad
684 1920 921 1960 Heraclium
964 1921 1244 1974 evangelizans
1276 1920 1312 1961 ei
1345 1920 1535 1961 scelerati
1563 1921 1700 1961 Chos-

236 1976 320 2016 rois
350 1976 578 2029 interitum,
607 1991 834 2032 pacemque
863 1977 999 2032 iugem
1029 1991 1124 2016 cum
1165 1991 1214 2018 eo
1245 1991 1292 2017 ac
1321 1977 1593 2018 firmissimam
1620 1992 1698 2031 pe..

105 2057 141 2092 p,
155 2043 223 2079 503
236 2032 352 2086 pigit,
385 2032 572 2072 omnibus
591 2033 843 2084 Christianis,
873 2034 945 2088 qui
975 2034 1016 2074 in
1040 2035 1276 2074 carceribus
1310 2040 1352 2075 et
1383 2033 1425 2074 in
1449 2035 1562 2074 omni
1589 2035 1698 2076 Per-

233 2088 318 2128 side
348 2088 499 2142 captivi
525 2089 797 2142 tenebantur,
828 2089 866 2130 ei
895 2090 1096 2142 remissis,
1127 2106 1209 2131 una
1241 2105 1337 2131 cum
1366 2090 1567 2131 Zacharia
1596 2090 1698 2131 Hie..

234 2144 531 2200 rosolymitano
568 2146 756 2199 praesule
802 2161 849 2186 ac
877 2147 1072 2201 pretiosis
1117 2153 1159 2187 et
1189 2147 1360 2188 vivificis
1400 2148 1546 2203 liguis,
1591 2162 1698 2202 quae

231 2201 399 2242 fuerant
427 2216 471 2241 ex
505 2202 797 2259 Hierosolymis
843 2219 866 2243 a
894 2203 1152 2245 Sarbarazan
1172 2235 1185 2256 ,
1215 2219 1310 2245 cum
1340 2204 1596 2245 Hierusalem
1625 2219 1696 2244 ce-

230 2258 366 2312 pisset,
395 2257 545 2298 ablata.

341 2326 459 2365 Anno
493 2324 657 2380 imperii
691 2325 868 2367 Heraclii
905 2327 1066 2368 decimo
1098 2334 1249 2370 octavo
1279 2343 1349 2369 rex
1380 2327 1563 2369 babetur
1590 2328 1698 2368 Per-

231 2394 369 2421 sarum
400 2381 559 2422 Sirohis
579 2413 590 2432 ‚
634 2382 704 2437 qui
735 2398 842 2424 anno
875 2385 1064 2438 regnavit
1093 2399 1194 2436 uno,
1229 2384 1396 2440 quando
1432 2392 1473 2425 et
1503 2385 1698 2425 Moamed

231 2439 414 2478 Arabum
444 2452 514 2478 seu
533 2438 839 2479 Saracenorum
868 2441 1061 2495 princeps
1091 2444 1165 2482 sub
1196 2443 1330 2483 Persis
1361 2441 1509 2497 degens
1538 2448 1698 2482 sextum

231 2494 375 2547 agebat
405 2509 556 2534 annum
577 2525 588 2546 ,
636 2503 910 2548 perventurus
941 2496 992 2536 ad
1033 2513 1202 2538 nonum.
1263 2498 1422 2539 interea
1454 2499 1562 2538 facta
1593 2513 1698 2552 pace

231 2563 326 2589 cum
356 2551 486 2590 Persis
532 2558 658 2606 atque
697 2553 916 2603 Romanis,
949 2554 1100 2594 direxit
1143 2555 1377 2610 imperator
1415 2554 1694 2595 Theodorum

231 2605 403 2646 fratrem
430 2621 549 2647 suum
578 2621 668 2647 cum
701 2609 847 2649 litteris
878 2617 920 2648 et
946 2610 1183 2651 hominibus
1215 2612 1376 2652 Sirohis
1409 2611 1516 2667 regis
1544 2611 1695 2652 Persa-

231 2675 339 2711 rum,
372 2663 560 2717 quatinus
589 2664 750 2714 Persae,
781 2665 851 2720 qui
886 2666 924 2705 in
956 2667 1185 2708 Palaestina
1216 2675 1258 2708 et
1279 2667 1438 2719 ,Edessa
1467 2673 1509 2709 et
1537 2668 1695 2709 Hiero-

230 2718 394 2771 solymis
424 2726 464 2758 et
495 2720 641 2760 ceteris
671 2721 843 2761 urbibus
873 2723 1160 2763 Romanorum
1191 2731 1335 2776 essent,
1363 2740 1459 2765 cum
1491 2739 1596 2778 pace
1627 2731 1694 2764 r'e-

231 2781 498 2813 verterentur
540 2777 579 2814 in
622 2777 830 2816 Persidem
885 2785 926 2817 et
970 2778 1148 2820 innocue
1194 2789 1353 2821 terram
1404 2776 1693 2821 Romanorum

231 2829 467 2870 transirent.
524 2837 735 2886 postremo
765 2833 998 2888 imperator
1029 2850 1123 2876 cum
1150 2851 1214 2877 sex
1243 2838 1359 2878 anuis
1387 2837 1598 2882 Persidem
1624 2852 1692 2878 ex-
