1728 3242
191 190 304 240 224
408 195 687 240 ANASTAsu
716 193 976 237 HISTORIA
1016 190 1428 236 EccfflsiAs'ric'A

210 313 318 353 enim
348 311 530 366 sepultus
573 314 677 362 erat)
712 316 755 350 et
797 307 918 349 huius
962 322 1048 349 ossa
1079 305 1261 348 effodere
1301 311 1342 347 et
1373 307 1414 346 in
1443 304 1671 362 pallio-suo

209 375 384 423 portare
427 374 552 422 atque
581 368 622 408 in
654 366 866 421 scpulcra,
900 380 1005 420 quae
1035 364 1233 404 dicuntur
1259 362 1432 418 Pelagii,
1465 378 1546 404 una
1577 378 1674 403 cum

208 425 465 466 Biothanatis
499 424 647 464 iacere.
707 438 732 463 o
765 422 1119 462 inhumanitatem.
1152 419 1302 458 multos
1334 426 1473 460 autem
1500 426 1542 460 et
1571 421 1672 460 alios

209 496 256 523 ex
285 481 555 535 primoribus,
589 479 661 535 qui
683 478 861 519 auxiliati
892 480 1052 518 fuerant
1083 475 1358 525 Artahuasdo‚
1383 475 1575 529 peremit,
1605 477 1672 515 in-

211 537 571 591 numerabilesque
614 536 742 575 oculis
779 542 819 575 et
863 534 962 573 alios
1001 531 1187 572 manibus
1216 546 1286 571 seu
1317 531 1490 586 pedihus
1526 533 1671 572 ablatis

209 593 451 634 debilitavit.
527 592 740 647 praecepit
786 597 923 630 autem
959 588 1136 629 externis
1176 587 1400 639 militibus,
1431 589 1502 644 qui
1533 602 1672 629 secum

211 649 380 703 ingressi
410 654 518 702 sunt,
546 649 725 688 introire
754 646 898 687 domos
927 651 968 685 et
998 658 1148 698 rapere
1166 643 1383 684 familiares
1415 645 1568 685 civium
1595 660 1671 685 res·

210 706 339 745 multa
372 719 539 760 quoque
570 710 612 744 et
642 704 732 754 alia,
764 703 863 758 quin
890 707 931 742 et
960 701 1176 740 innumera
1204 699 1308 740 mala
1336 700 1432 740 urbi
1463 708 1675 742 monstra..

211 763 287 802 vit.
345 775 524 815 cumque
553 759 896 814 hippodromium
923 757 1168 809 celebraret,
1199 755 1433 797 introduxit
1449 757 1671 798 Artahuas-

213 818 312 858 dum
343 832 423 857 una
453 832 545 857 cum
577 817 667 856 filiis
696 816 779 855 eius
809 820 850 854 et
876 813 1013 854 amicis
1044 813 1213 867 ligatum
1244 827 1324 867 per
1353 812 1600 867 Dihippium
1631 814 1672 853 in

214 875 383 924 circum,
414 873 534 912 simul
574 887 668 912 eum
705 871 911 912 Anastasio
942 869 1029 909 falsi
1079 868 1254 909 nominis
1285 870 1540 924 patriarcha,
1570 885 1676 924 per-

213 945 329 970 cusso
361 930 525 983 publice
567 935 609 969 et
637 929 677 967 in
719 928 831 967 asino
873 940 990 967 verso
1025 925 1142 964 vultu
1184 926 1366 978 sedente,
1397 939 1501 981 quos
1532 941 1674 967 omnes

212 1002 291 1041 per
308 986 552 1040 Dihippium
583 984 839 1025 intromissos
869 982 1085 1022 incircum
1113 982 1345 1037 pompavit.
1404 996 1552 1022 verum
1566 987 1675 1023 Ana-

211 1044 376 1082 stasium
404 1047 548 1096 utpote
574 1047 893 1080 consentaneum
919 1053 1038 1079 suum
1072 1038 1112 1078 in
1142 1038 1300 1079 throno
1320 1038 1546 1079 sacerdotii
1575 1054 1674 1080 rur-

212 1113 276 1138 sus
307 1098 470 1148 locavit,
498 1096 713 1138 deterrens
742 1102 783 1136 et
809 1095 996 1135 servituti
1027 1094 1262 1136 subiiciens.
1322 1095 1550 1136 Sisinnium
1573 1109 1674 1136 vero

212 1155 435 1207 patricium
475 1159 516 1193 et
542 1160 784 1208 praetorem
813 1152 1159 1200 Thracesiornm,
1189 1152 1260 1206 qui
1290 1151 1466 1192 multum
1499 1166 1593 1192 cum
1624 1166 1674 1192 eo

79 1230 115 1264 p.
130 1215 457 1251 649cucurrerat
494 1216 535 1249 et
576 1223 657 1264 pro
690 1209 778 1263 ipso
809 1214 1047 1248 certaverat
1089 1206 1259 1262 eiusque
1288 1209 1564 1248 consobrinus
1594 1222 1676 1249 esse

212 1267 472 1315 noscebatur,
499 1272 594 1319 post
620 1264 674 1305 40
705 1265 790 1305 dies
818 1265 1015 1317 caecavit,
1049 1264 1117 1304 dei
1147 1265 1345 1304 nimirum
1375 1264 1544 1305 iudicio.
1603 1264 1675 1320 qui

210 1323 319 1363 enim
353 1322 573 1362 auxiliatur
595 1321 739 1377 impio,
763 1321 920 1363 incidet
948 1321 989 1362 in
1010 1336 1153 1362 manus
1177 1321 1274 1375 eius,
1303 1320 1530 1361 secundum
1561 1320 1676 1376 quod

212 1380 413 1433 scriptum
447 1384 520 1418 est.

321 1462 467 1502 Mundi
502 1476 609 1501 anno
630 1459 755 1512 6236,
787 1461 951 1502 divinae
979 1461 1278 1502 incarnationis
1311 1475 1420 1502 anno
1447 1458 1544 1512 736,
1564 1475 1675 1501 anno

209 1533 312 1557 vero
348 1519 510 1573 imperii
542 1518 799 1558 Constantini
831 1525 986 1573 quarto
1025 1518 1364 1573 Theophylactus
1394 1517 1677 1558 Antiochenus

210 1574 391 1614 habetur
420 1575 595 1628 antistes,
628 1575 699 1628 qui
745 1574 942 1616 ecclesiae
990 1581 1147 1628 septem
1178 1575 1364 1628 praefuit
1391 1575 1519 1614 annis.
1580 1577 1677 1614 Mu-

210 1631 400 1685 ruhaque
430 1631 509 1671 dux
541 1632 727 1671 Arabum
759 1631 959 1680 noscitur,
991 1632 1064 1687 qui
1094 1631 1358 1685 principatus
1389 1636 1449 1671 est
1478 1631 1533 1671 eis
1563 1630 1678 1670 annis

210 1701 291 1726 sex.
351 1687 433 1726 hoc
462 1702 632 1742 quoque
675 1701 782 1727 anno
823 1694 1004 1728 cometes
1042 1702 1213 1741 magnus
1244 1688 1284 1727 in
1318 1687 1440 1742 Syria
1469 1687 1574 1727 visus
1604 1692 1677 1737 est,

212 1749 254 1781 et
283 1742 526 1783 seditionem
555 1743 782 1783 concitavit
811 1744 965 1784 Thebit
999 1751 1148 1784 contra
1169 1742 1402 1794 Maruham,
1435 1749 1476 1784 et
1490 1742 1679 1783 Dachata

210 1799 505 1850 Ruritensium,
537 1814 638 1854 quos
668 1799 866 1840 Marucha
897 1806 1044 1854 captos
1068 1799 1223 1841 occidit
1251 1800 1291 1839 in
1322 1799 1508 1841 terminis
1527 1800 1678 1841 Heme-

211 1869 278 1894 sae
307 1869 402 1894 cum
435 1855 699 1897 multitudine
726 1857 996 1906 bellatorum,
1030 1855 1070 1896 id
1109 1862 1168 1897 est
1198 1856 1358 1896 milium
1389 1856 1543 1896 decem.
1602 1869 1681 1896 eo-

213 1910 305 1950 dem
335 1912 458 1951 etiam
491 1926 597 1951 anno
626 1927 751 1966 prece
779 1913 1118 1954 Christianorum
1137 1913 1322 1954 Orientis
1350 1912 1542 1967 permisit
1572 1925 1681 1952 con-

211 1967 367 2007 secrari
393 1967 752 2023 Theophylactum
782 1970 1075 2025 presbyterum
1097 1969 1366 2010 Hedessinnm
1396 1967 1680 2023 patriarcham

213 2022 483 2073 Antiochiae,
529 2025 740 2078 Stephano
771 2026 1028 2079 dormiente,
1069 2032 1111 2066 et
1141 2025 1251 2066 bunc
1287 2026 1436 2066 litteris
1467 2025 1681 2065 catholicis

211 2079 417 2119 honorari
447 2081 662 2134 praecepit
692 2081 741 2123 ab
772 2083 1003 2122 Arabibus:
1037 2081 1155 2122 donis
1190 2082 1297 2123 enim
1329 2088 1418 2122 erat
1447 2081 1680 2135 spirituali..

211 2136 290 2175 hus
324 2136 562 2186 adornatus,
591 2144 632 2176 et
666 2139 836 2177 maxime
864 2138 1082 2192 pudicitia.
1144 2139 1256 2192 apud
1288 2137 1379 2178 Etzi
1411 2144 1549 2177 autem
1579 2152 1679 2178 cen-

213 2199 303 2232 tum
333 2197 374 2231 et
403 2192 566 2231 vicenos
600 2192 827 2234 Chalbenos
860 2196 900 2234 in
934 2196 1043 2249 ligno
1072 2195 1302 2249 suspendit.
1363 2209 1497 2248 porro
1531 2194 1679 2245 Halm,

215 2248 287 2303 qui
318 2247 493 2287 multum
519 2249 851 2290 Christianorum
889 2251 1126 2306 sanguinem
1174 2250 1281 2291 fudit
1313 2256 1354 2290 et
1384 2251 1515 2290 multa
1545 2250 1680 2304 depo..

214 2305 379 2358 pulatus
427 2310 468 2344 et
502 2303 772 2358 depraedatus
809 2313 868 2347 est
910 2308 1028 2357 loca,
1063 2307 1218 2348 occidit
1259 2307 1299 2347 in
1340 2321 1525 2347 carcere.
1586 2321 1682 2346 cum

215 2360 325 2400 enim
343 2359 510 2415 quidam
534 2376 554 2399 a
570 2361 783 2401 Maruliam
799 2362 848 2402 ad
871 2363 947 2403 hoc
973 2366 1113 2405 missus
1130 2372 1231 2405 esset
1246 2362 1458 2418 Aethiops,
1487 2363 1613 2414 venit,
1641 2369 1683 2403 et

216 2417 387 2471 impleto
418 2430 537 2457 sacco
575 2417 664 2456 viva
696 2420 806 2458 calce
835 2419 1026 2460 introivit
1044 2421 1094 2461 ad
1124 2436 1232 2470 eum,
1262 2420 1442 2474 folleque
1460 2418 1513 2459 ad
1542 2426 1681 2460 totum

84 2478 203 2525 p.650
217 2479 342 2526 caput
371 2478 412 2513 et
446 2487 564 2514 nares
596 2474 680 2513 eius
711 2474 904 2528 imposito
935 2478 1151 2518 suffocavit
1173 2478 1301 2527 illum,
1331 2476 1479 2516 iustam
1509 2475 1682 2516 adinve-

216 2530 327 2568 niens
356 2529 559 2569 malefieio
591 2529 731 2569 Habae
759 2545 961 2583 poenam:
1010 2534 1178 2588 magicis
1219 2533 1329 2573 enim
1363 2532 1682 2585 deceptionibus

216 2599 264 2624 ac
296 2590 546 2625 daemonum
594 2585 927 2627 invocationibus
970 2591 1098 2629 multa
1140 2596 1289 2629 contra
1336 2588 1591 2628 Christianos
1617 2589 1683 2627 fa-

214 2640 398 2682 bricatus
430 2649 489 2682 est
510 2641 633 2682 mala.
692 2641 761 2682 hic
791 2644 913 2683 etiam
947 2646 1136 2699 sanguini
1167 2644 1493 2685 communicavit
1511 2644 1680 2686 Vhalid.

328 2727 444 2764 Anno
480 2726 646 2780 imperii
678 2727 934 2767 Constantini
968 2731 1115 2783 quinto
1155 2730 1392 2770 Snlehiman
1427 2728 1683 2769 coacervatis

215 2780 368 2821 militiis
411 2796 552 2824 rursus
600 2783 641 2824 in
683 2783 901 2824 Maruham
944 2785 1098 2827 bellum
1141 2787 1413 2842 aggreditur,
1457 2792 1498 2826 et
1529 2785 1680 2825 amissis
