<?xml version="1.0" encoding="UTF-8"?>
<!DOCTYPE html PUBLIC "-//W3C//DTD XHTML 1.0 Transitional//EN"
    "http://www.w3.org/TR/xhtml1/DTD/xhtml1-transitional.dtd">
<html xmlns="http://www.w3.org/1999/xhtml" xml:lang="en" lang="en">
 <head>
  <title>
</title>
<meta http-equiv="Content-Type" content="text/html;charset=utf-8" />
  <meta name='ocr-system' content='tesseract 3.04.00' />
  <meta name='ocr-capabilities' content='ocr_page ocr_carea ocr_par ocr_line ocrx_word'/>
</head>
<body>
  <div class='ocr_page' id='page_1' title='image "./corpusscriptorum47niebuoft_0087.png"; bbox 0 0 1768 3268; ppageno 0'>
   <div class='ocr_carea' id='block_1_1' title="bbox 505 220 1505 274">
    <p class='ocr_par' dir='ltr' id='par_1_1' title="bbox 505 220 1505 274">
     <span class='ocr_line' id='line_1_1' title="bbox 505 220 1505 274; baseline -0.006 -3"><span class='ocrx_word' id='word_1_1' title='bbox 505 272 514 274; x_wconf 60' lang='grc'>,</span> <span class='ocrx_word' id='word_1_2' title='bbox 541 228 610 269; x_wconf 78' lang='lat' dir='ltr'>EX</span> <span class='ocrx_word' id='word_1_3' title='bbox 655 222 1003 270; x_wconf 72' lang='lat' dir='ltr'>&#39;r-HEOPRANE.</span> <span class='ocrx_word' id='word_1_4' title='bbox 1444 220 1505 266; x_wconf 83' lang='lat'>77</span> 
     </span>
    </p>
   </div>
   <div class='ocr_carea' id='block_1_2' title="bbox 38 337 1661 2906">
    <p class='ocr_par' dir='ltr' id='par_1_2' title="bbox 38 337 1638 1418">
     <span class='ocr_line' id='line_1_2' title="bbox 42 337 1511 395; baseline -0.003 -12"><span class='ocrx_word' id='word_1_5' title='bbox 42 341 391 384; x_wconf 79' lang='lat' dir='ltr'>verum-Aeacius</span> <span class='ocrx_word' id='word_1_6' title='bbox 434 341 638 383; x_wconf 80' lang='lat' dir='ltr'>insensato</span> <span class='ocrx_word' id='word_1_7' title='bbox 679 354 721 382; x_wconf 76' lang='lat' dir='ltr'>se</span> <span class='ocrx_word' id='word_1_8' title='bbox 752 341 901 382; x_wconf 82' lang='lat' dir='ltr'>hahuit</span> <span class='ocrx_word' id='word_1_9' title='bbox 940 341 1054 381; x_wconf 79' lang='lat' dir='ltr'>circa</span> <span class='ocrx_word' id='word_1_10' title='bbox 1085 337 1402 395; x_wconf 79' lang='lat' dir='ltr'><strong>depositionem,</strong></span> <span class='ocrx_word' id='word_1_11' title='bbox 1432 356 1511 383; x_wconf 87' lang='lat' dir='ltr'>no-</span> 
     </span>
     <span class='ocr_line' id='line_1_3' title="bbox 40 394 1638 455; baseline -0.004 -15"><span class='ocrx_word' id='word_1_12' title='bbox 40 414 220 455; x_wconf 89' lang='lat' dir='ltr'>menque</span> <span class='ocrx_word' id='word_1_13' title='bbox 247 399 394 440; x_wconf 82' lang='lat' dir='ltr'>Felicis</span> <span class='ocrx_word' id='word_1_14' title='bbox 423 394 453 438; x_wconf 76' lang='lat' dir='ltr'>a</span> <span class='ocrx_word' id='word_1_15' title='bbox 475 397 684 455; x_wconf 74' lang='lat' dir='ltr'>diptychis</span> <span class='ocrx_word' id='word_1_16' title='bbox 714 398 893 438; x_wconf 87' lang='lat' dir='ltr'>abstulit.</span> <span class='ocrx_word' id='word_1_17' title='bbox 950 402 1170 452; x_wconf 85' lang='lat' dir='ltr'>praeterea</span> <span class='ocrx_word' id='word_1_18' title='bbox 1190 398 1391 438; x_wconf 84' lang='lat' dir='ltr'>Calandio</span> <span class='ocrx_word' id='word_1_19' title='bbox 1419 400 1511 454; x_wconf 83' lang='lat' dir='ltr'>epi·</span> <span class='ocrx_word' id='word_1_20' title='bbox 1522 398 1638 448; x_wconf 83' lang='lat' dir='ltr'>p.206</span> 
     </span>
     <span class='ocr_line' id='line_1_4' title="bbox 40 453 1512 511; baseline -0.003 -14"><span class='ocrx_word' id='word_1_21' title='bbox 40 470 191 511; x_wconf 87' lang='lat' dir='ltr'>scopus</span> <span class='ocrx_word' id='word_1_22' title='bbox 219 455 504 496; x_wconf 76' lang='lat' dir='ltr'>Antiochenus</span> <span class='ocrx_word' id='word_1_23' title='bbox 534 456 769 510; x_wconf 80' lang='lat' dir='ltr'>asportavit</span> <span class='ocrx_word' id='word_1_24' title='bbox 795 468 952 509; x_wconf 86' lang='lat' dir='ltr'>corpus</span> <span class='ocrx_word' id='word_1_25' title='bbox 965 453 1171 494; x_wconf 84' lang='lat' dir='ltr'>Eustathii</span> <span class='ocrx_word' id='word_1_26' title='bbox 1190 455 1326 508; x_wconf 78' lang='lat' dir='ltr'>magni</span> <span class='ocrx_word' id='word_1_27' title='bbox 1356 470 1379 494; x_wconf 90' lang='lat' dir='ltr'>a</span> <span class='ocrx_word' id='word_1_28' title='bbox 1408 457 1512 496; x_wconf 85' lang='lat' dir='ltr'>Phi-</span> 
     </span>
     <span class='ocr_line' id='line_1_5' title="bbox 41 511 1511 568; baseline -0.001 -15"><span class='ocrx_word' id='word_1_29' title='bbox 41 513 185 568; x_wconf 77' lang='lat' dir='ltr'>lippis,</span> <span class='ocrx_word' id='word_1_30' title='bbox 209 512 280 552; x_wconf 85' lang='lat' dir='ltr'>uhi</span> <span class='ocrx_word' id='word_1_31' title='bbox 305 517 348 552; x_wconf 89' lang='lat' dir='ltr'>et</span> <span class='ocrx_word' id='word_1_32' title='bbox 376 511 499 553; x_wconf 84' lang='lat' dir='ltr'>exilio</span> <span class='ocrx_word' id='word_1_33' title='bbox 520 518 705 552; x_wconf 88' lang='lat' dir='ltr'>retentus</span> <span class='ocrx_word' id='word_1_34' title='bbox 727 511 974 561; x_wconf 83' lang='lat' dir='ltr'>dormierat,</span> <span class='ocrx_word' id='word_1_35' title='bbox 1005 517 1048 551; x_wconf 85' lang='lat' dir='ltr'>ct</span> <span class='ocrx_word' id='word_1_36' title='bbox 1066 524 1161 550; x_wconf 88' lang='lat' dir='ltr'>cum</span> <span class='ocrx_word' id='word_1_37' title='bbox 1184 511 1347 551; x_wconf 89' lang='lat' dir='ltr'>honore</span> <span class='ocrx_word' id='word_1_38' title='bbox 1377 513 1511 554; x_wconf 89' lang='lat' dir='ltr'>multo</span> 
     </span>
     <span class='ocr_line' id='line_1_6' title="bbox 40 567 1513 625; baseline 0.001 -16"><span class='ocrx_word' id='word_1_39' title='bbox 40 569 140 610; x_wconf 83' lang='lat' dir='ltr'>huic</span> <span class='ocrx_word' id='word_1_40' title='bbox 168 569 331 610; x_wconf 87' lang='lat' dir='ltr'>decimo</span> <span class='ocrx_word' id='word_1_41' title='bbox 363 569 543 609; x_wconf 85' lang='lat' dir='ltr'>miliario</span> <span class='ocrx_word' id='word_1_42' title='bbox 567 574 658 609; x_wconf 86' lang='lat' dir='ltr'>tota</span> <span class='ocrx_word' id='word_1_43' title='bbox 686 569 831 609; x_wconf 82' lang='lat' dir='ltr'>civitas</span> <span class='ocrx_word' id='word_1_44' title='bbox 861 568 1029 608; x_wconf 83' lang='lat' dir='ltr'>obviam</span> <span class='ocrx_word' id='word_1_45' title='bbox 1051 567 1178 607; x_wconf 85' lang='lat' dir='ltr'>venit.</span> <span class='ocrx_word' id='word_1_46' title='bbox 1238 567 1278 607; x_wconf 92' lang='lat' dir='ltr'>hi</span> <span class='ocrx_word' id='word_1_47' title='bbox 1306 583 1407 608; x_wconf 79' lang='lat' dir='ltr'>vero</span> <span class='ocrx_word' id='word_1_48' title='bbox 1440 569 1513 625; x_wconf 89' lang='lat' dir='ltr'>qni</span> 
     </span>
     <span class='ocr_line' id='line_1_7' title="bbox 39 623 1514 680; baseline 0.001 -14"><span class='ocrx_word' id='word_1_49' title='bbox 39 640 83 667; x_wconf 89' lang='lat' dir='ltr'>se</span> <span class='ocrx_word' id='word_1_50' title='bbox 114 626 167 666; x_wconf 87' lang='lat' dir='ltr'>ab</span> <span class='ocrx_word' id='word_1_51' title='bbox 196 625 367 666; x_wconf 88' lang='lat' dir='ltr'>ecclesia</span> <span class='ocrx_word' id='word_1_52' title='bbox 395 632 695 680; x_wconf 81' lang='lat' dir='ltr'><strong>separaverant</strong></span> <span class='ocrx_word' id='word_1_53' title='bbox 722 631 907 680; x_wconf 86' lang='lat' dir='ltr'>propter</span> <span class='ocrx_word' id='word_1_54' title='bbox 931 623 1108 665; x_wconf 82' lang='lat' dir='ltr'>eundem</span> <span class='ocrx_word' id='word_1_55' title='bbox 1137 629 1341 675; x_wconf 88' lang='lat' dir='ltr'>sanctum,</span> <span class='ocrx_word' id='word_1_56' title='bbox 1373 641 1514 667; x_wconf 69' lang='lat' dir='ltr'>rumus</span> 
     </span>
     <span class='ocr_line' id='line_1_8' title="bbox 41 681 1517 736; baseline 0.001 -14"><span class='ocrx_word' id='word_1_57' title='bbox 41 682 149 722; x_wconf 87' lang='lat' dir='ltr'>uniti</span> <span class='ocrx_word' id='word_1_58' title='bbox 176 687 274 723; x_wconf 85' lang='lat' dir='ltr'>sunt</span> <span class='ocrx_word' id='word_1_59' title='bbox 291 687 389 736; x_wconf 84' lang='lat' dir='ltr'>post</span> <span class='ocrx_word' id='word_1_60' title='bbox 417 689 587 723; x_wconf 88' lang='lat' dir='ltr'>centum</span> <span class='ocrx_word' id='word_1_61' title='bbox 614 682 741 722; x_wconf 79' lang='lat' dir='ltr'>ann‘os</span> <span class='ocrx_word' id='word_1_62' title='bbox 760 681 1029 723; x_wconf 82' lang='lat' dir='ltr'>dormitionis</span> <span class='ocrx_word' id='word_1_63' title='bbox 1057 681 1156 721; x_wconf 88' lang='lat' dir='ltr'>eius.</span> <span class='ocrx_word' id='word_1_64' title='bbox 1215 687 1388 722; x_wconf 90' lang='lat' dir='ltr'>mortuo</span> <span class='ocrx_word' id='word_1_65' title='bbox 1418 697 1517 723; x_wconf 89' lang='lat' dir='ltr'>sane</span> 
     </span>
     <span class='ocr_line' id='line_1_9' title="bbox 42 737 1517 793; baseline -0.003 -13"><span class='ocrx_word' id='word_1_66' title='bbox 42 738 194 781; x_wconf 75' lang='lat' dir='ltr'>Aeacio</span> <span class='ocrx_word' id='word_1_67' title='bbox 224 753 321 780; x_wconf 88' lang='lat' dir='ltr'>cum</span> <span class='ocrx_word' id='word_1_68' title='bbox 348 738 565 778; x_wconf 87' lang='lat' dir='ltr'>Phravitas</span> <span class='ocrx_word' id='word_1_69' title='bbox 597 753 679 793; x_wconf 89' lang='lat' dir='ltr'>per</span> <span class='ocrx_word' id='word_1_70' title='bbox 724 743 807 779; x_wconf 85' lang='lat' dir='ltr'>tres</span> <span class='ocrx_word' id='word_1_71' title='bbox 837 751 994 779; x_wconf 89' lang='lat' dir='ltr'>menses</span> <span class='ocrx_word' id='word_1_72' title='bbox 1038 737 1326 792; x_wconf 83' lang='lat' dir='ltr'>episcopatum</span> <span class='ocrx_word' id='word_1_73' title='bbox 1357 739 1517 779; x_wconf 88' lang='lat' dir='ltr'>tenuis-</span> 
     </span>
     <span class='ocr_line' id='line_1_10' title="bbox 42 794 1516 852; baseline -0.001 -15"><span class='ocrx_word' id='word_1_74' title='bbox 42 801 127 846; x_wconf 83' lang='lat' dir='ltr'>set,</span> <span class='ocrx_word' id='word_1_75' title='bbox 159 795 324 850; x_wconf 82' lang='lat' dir='ltr'>scripsit</span> <span class='ocrx_word' id='word_1_76' title='bbox 342 795 472 836; x_wconf 86' lang='lat' dir='ltr'>Felici</span> <span class='ocrx_word' id='word_1_77' title='bbox 490 795 607 850; x_wconf 89' lang='lat' dir='ltr'>quod</span> <span class='ocrx_word' id='word_1_78' title='bbox 625 795 664 836; x_wconf 91' lang='lat' dir='ltr'>ei</span> <span class='ocrx_word' id='word_1_79' title='bbox 693 795 864 852; x_wconf 88' lang='lat' dir='ltr'>quidem</span> <span class='ocrx_word' id='word_1_80' title='bbox 883 795 1230 843; x_wconf 77' lang='lat' dir='ltr'>communicaret,</span> <span class='ocrx_word' id='word_1_81' title='bbox 1262 794 1391 835; x_wconf 90' lang='lat' dir='ltr'>Petro</span> <span class='ocrx_word' id='word_1_82' title='bbox 1412 810 1516 836; x_wconf 83' lang='lat' dir='ltr'>vero</span> 
     </span>
     <span class='ocr_line' id='line_1_11' title="bbox 38 852 1519 908; baseline 0 -15"><span class='ocrx_word' id='word_1_83' title='bbox 38 854 195 908; x_wconf 76' lang='lat' dir='ltr'>Moggo</span> <span class='ocrx_word' id='word_1_84' title='bbox 227 865 312 893; x_wconf 89' lang='lat' dir='ltr'>non</span> <span class='ocrx_word' id='word_1_85' title='bbox 341 852 687 893; x_wconf 80' lang='lat' dir='ltr'>communicaret.</span> <span class='ocrx_word' id='word_1_86' title='bbox 746 866 769 893; x_wconf 90' lang='lat' dir='ltr'>e</span> <span class='ocrx_word' id='word_1_87' title='bbox 799 852 964 892; x_wconf 85' lang='lat' dir='ltr'>diverso</span> <span class='ocrx_word' id='word_1_88' title='bbox 997 857 1136 892; x_wconf 85' lang='lat' dir='ltr'>autem</span> <span class='ocrx_word' id='word_1_89' title='bbox 1168 853 1321 905; x_wconf 78' lang='lat' dir='ltr'>Moggo</span> <span class='ocrx_word' id='word_1_90' title='bbox 1352 852 1519 907; x_wconf 85' lang='lat' dir='ltr'>scripsit</span> 
     </span>
     <span class='ocr_line' id='line_1_12' title="bbox 41 907 1520 965; baseline 0 -16"><span class='ocrx_word' id='word_1_91' title='bbox 41 909 157 965; x_wconf 85' lang='lat' dir='ltr'>quod</span> <span class='ocrx_word' id='word_1_92' title='bbox 197 908 235 950; x_wconf 90' lang='lat' dir='ltr'>ei</span> <span class='ocrx_word' id='word_1_93' title='bbox 262 907 433 964; x_wconf 88' lang='lat' dir='ltr'>quidem</span> <span class='ocrx_word' id='word_1_94' title='bbox 475 909 831 960; x_wconf 81' lang='lat' dir='ltr'>communicaret,</span> <span class='ocrx_word' id='word_1_95' title='bbox 883 908 1066 949; x_wconf 88' lang='lat' dir='ltr'>Felicem</span> <span class='ocrx_word' id='word_1_96' title='bbox 1109 914 1246 948; x_wconf 88' lang='lat' dir='ltr'>autem</span> <span class='ocrx_word' id='word_1_97' title='bbox 1283 909 1520 949; x_wconf 84' lang='lat' dir='ltr'>Romanum</span> 
     </span>
     <span class='ocr_line' id='line_1_13' title="bbox 42 964 1519 1021; baseline 0 -15"><span class='ocrx_word' id='word_1_98' title='bbox 42 970 271 1007; x_wconf 84' lang='lat' dir='ltr'>averteret.</span> <span class='ocrx_word' id='word_1_99' title='bbox 329 979 480 1006; x_wconf 85' lang='lat' dir='ltr'>verum</span> <span class='ocrx_word' id='word_1_100' title='bbox 508 965 836 1019; x_wconf 81' lang='lat' dir='ltr'>exemplaribus,</span> <span class='ocrx_word' id='word_1_101' title='bbox 868 979 975 1021; x_wconf 87' lang='lat' dir='ltr'>quae</span> <span class='ocrx_word' id='word_1_102' title='bbox 1002 964 1054 1005; x_wconf 86' lang='lat' dir='ltr'>ad</span> <span class='ocrx_word' id='word_1_103' title='bbox 1086 966 1286 1020; x_wconf 84' lang='lat' dir='ltr'>Moggum</span> <span class='ocrx_word' id='word_1_104' title='bbox 1318 965 1519 1006; x_wconf 84' lang='lat' dir='ltr'>destinata</span> 
     </span>
     <span class='ocr_line' id='line_1_14' title="bbox 39 1021 1520 1078; baseline 0.001 -16"><span class='ocrx_word' id='word_1_105' title='bbox 39 1023 210 1063; x_wconf 82' lang='lat' dir='ltr'>fuerant</span> <span class='ocrx_word' id='word_1_106' title='bbox 240 1021 293 1062; x_wconf 88' lang='lat' dir='ltr'>ab</span> <span class='ocrx_word' id='word_1_107' title='bbox 326 1021 586 1073; x_wconf 86' lang='lat' dir='ltr'>orthodoxis,</span> <span class='ocrx_word' id='word_1_108' title='bbox 602 1022 730 1073; x_wconf 84' lang='lat' dir='ltr'>Felix,</span> <span class='ocrx_word' id='word_1_109' title='bbox 762 1027 987 1078; x_wconf 80' lang='lat' dir='ltr'>antequam</span> <span class='ocrx_word' id='word_1_110' title='bbox 1017 1021 1278 1076; x_wconf 89' lang='lat' dir='ltr'>apocrisiarii</span> <span class='ocrx_word' id='word_1_111' title='bbox 1297 1022 1520 1064; x_wconf 80' lang='lat' dir='ltr'>phravitae</span> 
     </span>
     <span class='ocr_line' id='line_1_15' title="bbox 40 1077 1520 1135; baseline 0.001 -15"><span class='ocrx_word' id='word_1_112' title='bbox 40 1093 136 1120; x_wconf 85' lang='lat' dir='ltr'>cnm</span> <span class='ocrx_word' id='word_1_113' title='bbox 156 1077 365 1135; x_wconf 78' lang='lat' dir='ltr'>synodicis</span> <span class='ocrx_word' id='word_1_114' title='bbox 382 1079 679 1134; x_wconf 85' lang='lat' dir='ltr'>pervenissent,</span> <span class='ocrx_word' id='word_1_115' title='bbox 708 1079 903 1133; x_wconf 87' lang='lat' dir='ltr'>acceptis,</span> <span class='ocrx_word' id='word_1_116' title='bbox 932 1078 1008 1118; x_wconf 90' lang='lat' dir='ltr'>hos</span> <span class='ocrx_word' id='word_1_117' title='bbox 1037 1093 1133 1119; x_wconf 90' lang='lat' dir='ltr'>cum</span> <span class='ocrx_word' id='word_1_118' title='bbox 1160 1078 1420 1121; x_wconf 87' lang='lat' dir='ltr'>inhonestate</span> <span class='ocrx_word' id='word_1_119' title='bbox 1448 1094 1520 1121; x_wconf 90' lang='lat' dir='ltr'>re-</span> 
     </span>
     <span class='ocr_line' id='line_1_16' title="bbox 39 1134 1519 1191; baseline 0 -15"><span class='ocrx_word' id='word_1_120' title='bbox 39 1135 164 1176; x_wconf 87' lang='lat' dir='ltr'>misit.</span> <span class='ocrx_word' id='word_1_121' title='bbox 198 1151 201 1155; x_wconf 92' lang='lat'>·</span> <span class='ocrx_word' id='word_1_122' title='bbox 233 1134 433 1176; x_wconf 84' lang='lat' dir='ltr'>defuncto</span> <span class='ocrx_word' id='word_1_123' title='bbox 477 1142 618 1176; x_wconf 90' lang='lat' dir='ltr'>autem</span> <span class='ocrx_word' id='word_1_124' title='bbox 665 1135 866 1176; x_wconf 87' lang='lat' dir='ltr'>Phravita</span> <span class='ocrx_word' id='word_1_125' title='bbox 908 1134 1164 1190; x_wconf 87' lang='lat' dir='ltr'>Euphemius</span> <span class='ocrx_word' id='word_1_126' title='bbox 1204 1135 1429 1191; x_wconf 87' lang='lat' dir='ltr'>presbyter</span> <span class='ocrx_word' id='word_1_127' title='bbox 1477 1142 1519 1176; x_wconf 91' lang='lat' dir='ltr'>et</span> 
     </span>
     <span class='ocr_line' id='line_1_17' title="bbox 40 1191 1520 1247; baseline 0.001 -14"><span class='ocrx_word' id='word_1_128' title='bbox 40 1191 382 1247; x_wconf 77' lang='lat' dir='ltr'>ptochotrophos</span> <span class='ocrx_word' id='word_1_129' title='bbox 411 1193 642 1247; x_wconf 87' lang='lat' dir='ltr'>Neapoleos</span> <span class='ocrx_word' id='word_1_130' title='bbox 671 1193 961 1247; x_wconf 84' lang='lat' dir='ltr'>episcopatum</span> <span class='ocrx_word' id='word_1_131' title='bbox 1003 1191 1426 1247; x_wconf 87' lang='lat' dir='ltr'>Constantinopoleos</span> <span class='ocrx_word' id='word_1_132' title='bbox 1454 1200 1520 1234; x_wconf 83' lang='lat' dir='ltr'>te-</span> 
     </span>
     <span class='ocr_line' id='line_1_18' title="bbox 40 1247 1521 1304; baseline 0.002 -16"><span class='ocrx_word' id='word_1_133' title='bbox 40 1249 144 1298; x_wconf 83' lang='lat' dir='ltr'>nuit,</span> <span class='ocrx_word' id='word_1_134' title='bbox 173 1249 393 1290; x_wconf 79' lang='lat' dir='ltr'>confestim</span> <span class='ocrx_word' id='word_1_135' title='bbox 421 1249 610 1304; x_wconf 85' lang='lat' dir='ltr'>propriis</span> <span class='ocrx_word' id='word_1_136' title='bbox 638 1249 828 1289; x_wconf 90' lang='lat' dir='ltr'>manibus</span> <span class='ocrx_word' id='word_1_137' title='bbox 850 1262 1002 1289; x_wconf 90' lang='lat' dir='ltr'>nomen</span> <span class='ocrx_word' id='word_1_138' title='bbox 1021 1247 1164 1303; x_wconf 79' lang='lat' dir='ltr'>Moggi</span> <span class='ocrx_word' id='word_1_139' title='bbox 1204 1247 1359 1290; x_wconf 86' lang='lat' dir='ltr'>delevit</span> <span class='ocrx_word' id='word_1_140' title='bbox 1393 1265 1415 1290; x_wconf 84' lang='lat' dir='ltr'>a</span> <span class='ocrx_word' id='word_1_141' title='bbox 1454 1249 1521 1291; x_wconf 88' lang='lat' dir='ltr'>di-</span> 
     </span>
     <span class='ocr_line' id='line_1_19' title="bbox 39 1304 1519 1362; baseline 0.001 -17"><span class='ocrx_word' id='word_1_142' title='bbox 39 1304 232 1360; x_wconf 77' lang='lat' dir='ltr'>ptychis,</span> <span class='ocrx_word' id='word_1_143' title='bbox 268 1304 412 1362; x_wconf 86' lang='lat' dir='ltr'>sicque</span> <span class='ocrx_word' id='word_1_144' title='bbox 442 1306 485 1347; x_wconf 89' lang='lat' dir='ltr'>in</span> <span class='ocrx_word' id='word_1_145' title='bbox 515 1306 572 1347; x_wconf 89' lang='lat' dir='ltr'>eis</span> <span class='ocrx_word' id='word_1_146' title='bbox 615 1305 759 1348; x_wconf 87' lang='lat' dir='ltr'>sedens</span> <span class='ocrx_word' id='word_1_147' title='bbox 803 1305 845 1346; x_wconf 90' lang='lat' dir='ltr'>in</span> <span class='ocrx_word' id='word_1_148' title='bbox 877 1304 1035 1346; x_wconf 88' lang='lat' dir='ltr'>throno</span> <span class='ocrx_word' id='word_1_149' title='bbox 1076 1319 1230 1346; x_wconf 89' lang='lat' dir='ltr'>nomen</span> <span class='ocrx_word' id='word_1_150' title='bbox 1269 1305 1418 1348; x_wconf 84' lang='lat' dir='ltr'>Felicis</span> <span class='ocrx_word' id='word_1_151' title='bbox 1450 1306 1519 1347; x_wconf 87' lang='lat' dir='ltr'>in-</span> 
     </span>
     <span class='ocr_line' id='line_1_20' title="bbox 39 1361 219 1418; baseline -0.011 -16"><span class='ocrx_word' id='word_1_152' title='bbox 39 1361 219 1418; x_wconf 83' lang='lat' dir='ltr'>scripsit.</span> 
     </span>
    </p>

    <p class='ocr_par' dir='ltr' id='par_1_3' title="bbox 41 1430 1661 2906">
     <span class='ocr_line' id='line_1_21' title="bbox 152 1430 1519 1489; baseline -0.002 -14"><span class='ocrx_word' id='word_1_153' title='bbox 152 1433 301 1476; x_wconf 78' lang='lat' dir='ltr'>Mundi</span> <span class='ocrx_word' id='word_1_154' title='bbox 329 1446 442 1474; x_wconf 86' lang='lat' dir='ltr'>anno</span> <span class='ocrx_word' id='word_1_155' title='bbox 470 1432 610 1489; x_wconf 80' lang='lat'>5982,</span> <span class='ocrx_word' id='word_1_156' title='bbox 641 1432 806 1475; x_wconf 88' lang='lat' dir='ltr'>divinae</span> <span class='ocrx_word' id='word_1_157' title='bbox 836 1433 1136 1475; x_wconf 82' lang='lat' dir='ltr'>incarnationis</span> <span class='ocrx_word' id='word_1_158' title='bbox 1164 1443 1274 1475; x_wconf 70' lang='lat' dir='ltr'>atino</span> <span class='ocrx_word' id='word_1_159' title='bbox 1302 1430 1408 1486; x_wconf 75' lang='lat'>482,</span> <span class='ocrx_word' id='word_1_160' title='bbox 1434 1435 1519 1477; x_wconf 88' lang='lat' dir='ltr'>Pe..</span> 
     </span>
     <span class='ocr_line' id='line_1_22' title="bbox 42 1491 1649 1546; baseline 0 -14"><span class='ocrx_word' id='word_1_161' title='bbox 42 1496 132 1532; x_wconf 81' lang='lat' dir='ltr'>trus</span> <span class='ocrx_word' id='word_1_162' title='bbox 162 1493 339 1546; x_wconf 80' lang='lat' dir='ltr'>Moggus</span> <span class='ocrx_word' id='word_1_163' title='bbox 384 1496 577 1531; x_wconf 90' lang='lat' dir='ltr'>mortuus</span> <span class='ocrx_word' id='word_1_164' title='bbox 607 1496 672 1532; x_wconf 89' lang='lat' dir='ltr'>est</span> <span class='ocrx_word' id='word_1_165' title='bbox 697 1491 997 1542; x_wconf 83' lang='lat' dir='ltr'>Alexandriae,</span> <span class='ocrx_word' id='word_1_166' title='bbox 1042 1505 1124 1545; x_wconf 90' lang='lat' dir='ltr'>pro</span> <span class='ocrx_word' id='word_1_167' title='bbox 1157 1506 1243 1546; x_wconf 89' lang='lat' dir='ltr'>quo</span> <span class='ocrx_word' id='word_1_168' title='bbox 1272 1491 1519 1534; x_wconf 83' lang='lat' dir='ltr'>Athanasius</span> <span class='ocrx_word' id='word_1_169' title='bbox 1531 1497 1649 1544; x_wconf 85' lang='lat' dir='ltr'>p.207</span> 
     </span>
     <span class='ocr_line' id='line_1_23' title="bbox 41 1547 1519 1603; baseline 0 -15"><span class='ocrx_word' id='word_1_170' title='bbox 41 1553 312 1588; x_wconf 78' lang='lat' dir='ltr'>consecratus</span> <span class='ocrx_word' id='word_1_171' title='bbox 339 1553 402 1589; x_wconf 84' lang='lat' dir='ltr'>est</span> <span class='ocrx_word' id='word_1_172' title='bbox 431 1553 714 1603; x_wconf 85' lang='lat' dir='ltr'>cognomento</span> <span class='ocrx_word' id='word_1_173' title='bbox 737 1547 890 1589; x_wconf 82' lang='lat' dir='ltr'>Cilites.</span> <span class='ocrx_word' id='word_1_174' title='bbox 927 1553 1010 1588; x_wconf 87' lang='lat' dir='ltr'>.ast</span> <span class='ocrx_word' id='word_1_175' title='bbox 1039 1547 1274 1602; x_wconf 88' lang='lat' dir='ltr'>imperator</span> <span class='ocrx_word' id='word_1_176' title='bbox 1303 1549 1416 1588; x_wconf 88' lang='lat' dir='ltr'>Zeno</span> <span class='ocrx_word' id='word_1_177' title='bbox 1449 1565 1519 1590; x_wconf 82' lang='lat' dir='ltr'>re-</span> 
     </span>
     <span class='ocr_line' id='line_1_24' title="bbox 43 1604 1522 1662; baseline 0.002 -18"><span class='ocrx_word' id='word_1_178' title='bbox 43 1604 142 1660; x_wconf 86' lang='lat' dir='ltr'>quie</span> <span class='ocrx_word' id='word_1_179' title='bbox 173 1604 334 1658; x_wconf 84' lang='lat' dir='ltr'>potitus</span> <span class='ocrx_word' id='word_1_180' title='bbox 380 1618 405 1645; x_wconf 85' lang='lat' dir='ltr'>a</span> <span class='ocrx_word' id='word_1_181' title='bbox 445 1604 665 1656; x_wconf 83' lang='lat' dir='ltr'>barbaris,</span> <span class='ocrx_word' id='word_1_182' title='bbox 694 1605 747 1646; x_wconf 87' lang='lat' dir='ltr'>ab</span> <span class='ocrx_word' id='word_1_183' title='bbox 779 1604 1042 1645; x_wconf 84' lang='lat' dir='ltr'>Antiochena</span> <span class='ocrx_word' id='word_1_184' title='bbox 1073 1604 1373 1645; x_wconf 87' lang='lat' dir='ltr'>Calandionem</span> <span class='ocrx_word' id='word_1_185' title='bbox 1402 1606 1522 1662; x_wconf 89' lang='lat' dir='ltr'>pellit</span> 
     </span>
     <span class='ocr_line' id='line_1_25' title="bbox 42 1659 1520 1716; baseline -0.001 -14"><span class='ocrx_word' id='word_1_186' title='bbox 42 1661 226 1714; x_wconf 86' lang='lat' dir='ltr'>ecclesia,</span> <span class='ocrx_word' id='word_1_187' title='bbox 255 1659 416 1702; x_wconf 82' lang='lat' dir='ltr'>exulem</span> <span class='ocrx_word' id='word_1_188' title='bbox 433 1660 586 1702; x_wconf 87' lang='lat' dir='ltr'>faciens</span> <span class='ocrx_word' id='word_1_189' title='bbox 611 1661 724 1716; x_wconf 89' lang='lat' dir='ltr'>apud</span> <span class='ocrx_word' id='word_1_190' title='bbox 741 1661 883 1715; x_wconf 87' lang='lat' dir='ltr'>Oasin,</span> <span class='ocrx_word' id='word_1_191' title='bbox 908 1662 1168 1716; x_wconf 85' lang='lat' dir='ltr'>Petrumque</span> <span class='ocrx_word' id='word_1_192' title='bbox 1191 1660 1387 1716; x_wconf 87' lang='lat' dir='ltr'>Cnaphea</span> <span class='ocrx_word' id='word_1_193' title='bbox 1416 1677 1520 1704; x_wconf 86' lang='lat' dir='ltr'>con-</span> 
     </span>
     <span class='ocr_line' id='line_1_26' title="bbox 41 1717 1521 1774; baseline 0.001 -16"><span class='ocrx_word' id='word_1_194' title='bbox 41 1717 195 1758; x_wconf 86' lang='lat' dir='ltr'>stituit.</span> <span class='ocrx_word' id='word_1_195' title='bbox 265 1717 484 1759; x_wconf 83' lang='lat' dir='ltr'>Nestorem</span> <span class='ocrx_word' id='word_1_196' title='bbox 523 1724 663 1759; x_wconf 87' lang='lat' dir='ltr'>autem</span> <span class='ocrx_word' id='word_1_197' title='bbox 690 1719 956 1773; x_wconf 86' lang='lat' dir='ltr'>Tarsensem,</span> <span class='ocrx_word' id='word_1_198' title='bbox 988 1718 1147 1774; x_wconf 85' lang='lat' dir='ltr'>Cyrum</span> <span class='ocrx_word' id='word_1_199' title='bbox 1176 1719 1521 1773; x_wconf 87' lang='lat' dir='ltr'>leropolitanum,</span> 
     </span>
     <span class='ocr_line' id='line_1_27' title="bbox 44 1774 1522 1830; baseline 0.001 -16"><span class='ocrx_word' id='word_1_200' title='bbox 44 1775 240 1815; x_wconf 85' lang='lat' dir='ltr'>loannem</span> <span class='ocrx_word' id='word_1_201' title='bbox 268 1774 569 1830; x_wconf 82' lang='lat' dir='ltr'>Cyrestensem‚</span> <span class='ocrx_word' id='word_1_202' title='bbox 599 1777 837 1816; x_wconf 86' lang='lat' dir='ltr'>Romanum</span> <span class='ocrx_word' id='word_1_203' title='bbox 868 1774 1263 1826; x_wconf 89' lang='lat' dir='ltr'>Chalcedonensem,</span> <span class='ocrx_word' id='word_1_204' title='bbox 1292 1775 1522 1816; x_wconf 87' lang='lat' dir='ltr'>Eusebium</span> 
     </span>
     <span class='ocr_line' id='line_1_28' title="bbox 42 1831 1521 1886; baseline 0.002 -15"><span class='ocrx_word' id='word_1_205' title='bbox 42 1831 371 1882; x_wconf 79' lang='lat' dir='ltr'>samosatenum,</span> <span class='ocrx_word' id='word_1_206' title='bbox 395 1832 600 1872; x_wconf 85' lang='lat' dir='ltr'>lulianum</span> <span class='ocrx_word' id='word_1_207' title='bbox 618 1831 963 1886; x_wconf 81' lang='lat' dir='ltr'>Mopsuestinum,</span> <span class='ocrx_word' id='word_1_208' title='bbox 992 1831 1169 1872; x_wconf 89' lang='lat' dir='ltr'>Paulum</span> <span class='ocrx_word' id='word_1_209' title='bbox 1199 1832 1521 1874; x_wconf 89' lang='lat' dir='ltr'>Constantinen-</span> 
     </span>
     <span class='ocr_line' id='line_1_29' title="bbox 42 1887 1521 1943; baseline 0.001 -15"><span class='ocrx_word' id='word_1_210' title='bbox 42 1901 141 1942; x_wconf 88' lang='lat' dir='ltr'>sem,</span> <span class='ocrx_word' id='word_1_211' title='bbox 169 1890 342 1928; x_wconf 89' lang='lat' dir='ltr'>Manum</span> <span class='ocrx_word' id='word_1_212' title='bbox 371 1888 709 1929; x_wconf 89' lang='lat' dir='ltr'>Hermeniensem</span> <span class='ocrx_word' id='word_1_213' title='bbox 740 1894 784 1930; x_wconf 91' lang='lat' dir='ltr'>et</span> <span class='ocrx_word' id='word_1_214' title='bbox 796 1890 1007 1930; x_wconf 86' lang='lat' dir='ltr'>Andream</span> <span class='ocrx_word' id='word_1_215' title='bbox 1025 1887 1521 1943; x_wconf 87' lang='lat' dir='ltr'>Theodosiopolitanum,</span> 
     </span>
     <span class='ocr_line' id='line_1_30' title="bbox 44 1945 1522 2001; baseline 0.001 -17"><span class='ocrx_word' id='word_1_216' title='bbox 44 1945 120 1984; x_wconf 87' lang='lat' dir='ltr'>sub</span> <span class='ocrx_word' id='word_1_217' title='bbox 150 1945 331 1985; x_wconf 86' lang='lat' dir='ltr'>obtentu</span> <span class='ocrx_word' id='word_1_218' title='bbox 372 1945 544 2000; x_wconf 88' lang='lat' dir='ltr'>quidem</span> <span class='ocrx_word' id='word_1_219' title='bbox 581 1945 738 1986; x_wconf 86' lang='lat' dir='ltr'>favoris</span> <span class='ocrx_word' id='word_1_220' title='bbox 788 1946 903 2001; x_wconf 85' lang='lat' dir='ltr'>quasi</span> <span class='ocrx_word' id='word_1_221' title='bbox 947 1945 1061 1986; x_wconf 86' lang='lat' dir='ltr'>circa</span> <span class='ocrx_word' id='word_1_222' title='bbox 1094 1951 1297 2000; x_wconf 84' lang='lat' dir='ltr'>tyrannos</span> <span class='ocrx_word' id='word_1_223' title='bbox 1335 1946 1522 2001; x_wconf 84' lang='lat' dir='ltr'>exhibiti,</span> 
     </span>
     <span class='ocr_line' id='line_1_31' title="bbox 43 2000 1523 2058; baseline 0.003 -17"><span class='ocrx_word' id='word_1_224' title='bbox 43 2000 115 2041; x_wconf 89' lang='lat' dir='ltr'>sed</span> <span class='ocrx_word' id='word_1_225' title='bbox 144 2001 326 2041; x_wconf 86' lang='lat' dir='ltr'>veritate</span> <span class='ocrx_word' id='word_1_226' title='bbox 354 2009 539 2056; x_wconf 83' lang='lat' dir='ltr'>propter</span> <span class='ocrx_word' id='word_1_227' title='bbox 567 2016 651 2042; x_wconf 91' lang='lat' dir='ltr'>non</span> <span class='ocrx_word' id='word_1_228' title='bbox 683 2010 898 2057; x_wconf 86' lang='lat' dir='ltr'>receptum</span> <span class='ocrx_word' id='word_1_229' title='bbox 921 2002 1135 2043; x_wconf 87' lang='lat' dir='ltr'>enoticum</span> <span class='ocrx_word' id='word_1_230' title='bbox 1164 2001 1274 2057; x_wconf 81' lang='lat' dir='ltr'>abigi</span> <span class='ocrx_word' id='word_1_231' title='bbox 1303 2004 1523 2058; x_wconf 88' lang='lat' dir='ltr'>praecepit</span> 
     </span>
     <span class='ocr_line' id='line_1_32' title="bbox 48 2057 1523 2113; baseline 0.002 -15"><span class='ocrx_word' id='word_1_232' title='bbox 48 2057 244 2098; x_wconf 88' lang='lat' dir='ltr'>ecclesiis.</span> <span class='ocrx_word' id='word_1_233' title='bbox 303 2058 456 2098; x_wconf 85' lang='lat' dir='ltr'>Petrus</span> <span class='ocrx_word' id='word_1_234' title='bbox 486 2063 624 2098; x_wconf 89' lang='lat' dir='ltr'>autem</span> <span class='ocrx_word' id='word_1_235' title='bbox 641 2058 858 2113; x_wconf 89' lang='lat' dir='ltr'>Cnapheus</span> <span class='ocrx_word' id='word_1_236' title='bbox 874 2058 1141 2099; x_wconf 82' lang='lat' dir='ltr'>Antiochiam</span> <span class='ocrx_word' id='word_1_237' title='bbox 1162 2058 1365 2112; x_wconf 81' lang='lat' dir='ltr'>ingressus</span> <span class='ocrx_word' id='word_1_238' title='bbox 1391 2061 1523 2100; x_wconf 86' lang='lat' dir='ltr'>multa</span> 
     </span>
     <span class='ocr_line' id='line_1_33' title="bbox 43 2114 1523 2171; baseline 0.003 -18"><span class='ocrx_word' id='word_1_239' title='bbox 43 2114 152 2154; x_wconf 86' lang='lat' dir='ltr'>mala</span> <span class='ocrx_word' id='word_1_240' title='bbox 182 2121 380 2168; x_wconf 84' lang='lat' dir='ltr'>operatus</span> <span class='ocrx_word' id='word_1_241' title='bbox 409 2121 497 2166; x_wconf 89' lang='lat' dir='ltr'>est,</span> <span class='ocrx_word' id='word_1_242' title='bbox 540 2114 901 2156; x_wconf 88' lang='lat' dir='ltr'>anathematismos</span> <span class='ocrx_word' id='word_1_243' title='bbox 940 2114 1134 2155; x_wconf 84' lang='lat' dir='ltr'>videlicet</span> <span class='ocrx_word' id='word_1_244' title='bbox 1164 2115 1314 2171; x_wconf 79' lang='lat' dir='ltr'>synodi</span> <span class='ocrx_word' id='word_1_245' title='bbox 1347 2116 1523 2158; x_wconf 89' lang='lat' dir='ltr'>Chalce-</span> 
     </span>
     <span class='ocr_line' id='line_1_34' title="bbox 45 2170 1523 2225; baseline 0.003 -14"><span class='ocrx_word' id='word_1_246' title='bbox 45 2170 252 2223; x_wconf 85' lang='lat' dir='ltr'>donensis,</span> <span class='ocrx_word' id='word_1_247' title='bbox 282 2170 719 2224; x_wconf 89' lang='lat' dir='ltr'>inreprehensibilium</span> <span class='ocrx_word' id='word_1_248' title='bbox 749 2172 1000 2213; x_wconf 88' lang='lat' dir='ltr'>deiectiones</span> <span class='ocrx_word' id='word_1_249' title='bbox 1025 2171 1335 2225; x_wconf 84' lang='lat' dir='ltr'>episcoporum,</span> <span class='ocrx_word' id='word_1_250' title='bbox 1366 2175 1523 2215; x_wconf 88' lang='lat' dir='ltr'>subro-</span> 
     </span>
     <span class='ocr_line' id='line_1_35' title="bbox 45 2227 1523 2282; baseline 0.003 -16"><span class='ocrx_word' id='word_1_251' title='bbox 45 2227 231 2282; x_wconf 83' lang='lat' dir='ltr'>gationes</span> <span class='ocrx_word' id='word_1_252' title='bbox 251 2231 293 2267; x_wconf 90' lang='lat' dir='ltr'>et</span> <span class='ocrx_word' id='word_1_253' title='bbox 318 2227 552 2269; x_wconf 65' lang='lat' dir='ltr'>creationes</span> <span class='ocrx_word' id='word_1_254' title='bbox 580 2229 757 2282; x_wconf 86' lang='lat' dir='ltr'>illicitas,</span> <span class='ocrx_word' id='word_1_255' title='bbox 784 2235 827 2270; x_wconf 87' lang='lat' dir='ltr'>et</span> <span class='ocrx_word' id='word_1_256' title='bbox 850 2228 912 2270; x_wconf 90' lang='lat' dir='ltr'>his</span> <span class='ocrx_word' id='word_1_257' title='bbox 930 2228 1094 2275; x_wconf 89' lang='lat' dir='ltr'>similia,</span> <span class='ocrx_word' id='word_1_258' title='bbox 1127 2233 1222 2268; x_wconf 86' lang='lat' dir='ltr'>ante</span> <span class='ocrx_word' id='word_1_259' title='bbox 1252 2229 1390 2271; x_wconf 86' lang='lat' dir='ltr'>omnia</span> <span class='ocrx_word' id='word_1_260' title='bbox 1421 2231 1523 2271; x_wconf 87' lang='lat' dir='ltr'>tris-</span> 
     </span>
     <span class='ocr_line' id='line_1_36' title="bbox 46 2282 1521 2342; baseline 0.003 -20"><span class='ocrx_word' id='word_1_261' title='bbox 46 2285 141 2338; x_wconf 83' lang='lat' dir='ltr'>agio</span> <span class='ocrx_word' id='word_1_262' title='bbox 175 2282 331 2339; x_wconf 82' lang='lat' dir='ltr'>hymno</span> <span class='ocrx_word' id='word_1_263' title='bbox 363 2282 515 2325; x_wconf 83' lang='lat' dir='ltr'>addens</span> <span class='ocrx_word' id='word_1_264' title='bbox 563 2285 756 2326; x_wconf 86' lang='lat' dir='ltr'>“Christe</span> <span class='ocrx_word' id='word_1_265' title='bbox 794 2300 866 2327; x_wconf 86' lang='lat' dir='ltr'>rex</span> <span class='ocrx_word' id='word_1_266' title='bbox 896 2286 970 2342; x_wconf 88' lang='lat' dir='ltr'>qui</span> <span class='ocrx_word' id='word_1_267' title='bbox 998 2284 1220 2327; x_wconf 84' lang='lat' dir='ltr'>crucifixus</span> <span class='ocrx_word' id='word_1_268' title='bbox 1249 2300 1332 2340; x_wconf 87' lang='lat' dir='ltr'>pro</span> <span class='ocrx_word' id='word_1_269' title='bbox 1363 2288 1521 2327; x_wconf 84' lang='lat' dir='ltr'>nohis.&#39;’</span> 
     </span>
     <span class='ocr_line' id='line_1_37' title="bbox 44 2339 1521 2397; baseline 0.003 -18"><span class='ocrx_word' id='word_1_270' title='bbox 44 2339 198 2380; x_wconf 89' lang='lat' dir='ltr'>Petrus</span> <span class='ocrx_word' id='word_1_271' title='bbox 228 2346 369 2380; x_wconf 75' lang='lat' dir='ltr'>nutem</span> <span class='ocrx_word' id='word_1_272' title='bbox 396 2340 551 2380; x_wconf 88' lang='lat' dir='ltr'>iterum</span> <span class='ocrx_word' id='word_1_273' title='bbox 577 2343 744 2383; x_wconf 82' lang='lat' dir='ltr'>veniens</span> <span class='ocrx_word' id='word_1_274' title='bbox 776 2344 1008 2397; x_wconf 85' lang='lat' dir='ltr'>amputavit</span> <span class='ocrx_word' id='word_1_275' title='bbox 1036 2340 1229 2382; x_wconf 83' lang='lat' dir='ltr'>“Christe</span> <span class='ocrx_word' id='word_1_276' title='bbox 1247 2346 1356 2383; x_wconf 86' lang='lat' dir='ltr'>rex.&#39;&#39;</span> <span class='ocrx_word' id='word_1_277' title='bbox 1385 2358 1521 2397; x_wconf 89' lang='lat' dir='ltr'>porro</span> 
     </span>
     <span class='ocr_line' id='line_1_38' title="bbox 44 2396 1524 2441; baseline 0.003 -4"><span class='ocrx_word' id='word_1_278' title='bbox 44 2396 285 2437; x_wconf 87' lang='lat' dir='ltr'>Xenocbias</span> <span class='ocrx_word' id='word_1_279' title='bbox 327 2411 468 2437; x_wconf 81' lang='lat' dir='ltr'>servus</span> <span class='ocrx_word' id='word_1_280' title='bbox 502 2398 679 2439; x_wconf 86' lang='lat' dir='ltr'>Satanae</span> <span class='ocrx_word' id='word_1_281' title='bbox 719 2397 975 2440; x_wconf 88' lang='lat' dir='ltr'>dominicam</span> <span class='ocrx_word' id='word_1_282' title='bbox 1009 2403 1053 2440; x_wconf 87' lang='lat' dir='ltr'>et</span> <span class='ocrx_word' id='word_1_283' title='bbox 1082 2403 1325 2439; x_wconf 88' lang='lat' dir='ltr'>sanctorum</span> <span class='ocrx_word' id='word_1_284' title='bbox 1355 2400 1524 2441; x_wconf 84' lang='lat' dir='ltr'>dicebat</span> 
     </span>
     <span class='ocr_line' id='line_1_39' title="bbox 46 2452 1524 2509; baseline 0.003 -17"><span class='ocrx_word' id='word_1_285' title='bbox 46 2466 131 2492; x_wconf 91' lang='lat' dir='ltr'>non</span> <span class='ocrx_word' id='word_1_286' title='bbox 163 2453 447 2507; x_wconf 86' lang='lat' dir='ltr'>recipiendam</span> <span class='ocrx_word' id='word_1_287' title='bbox 478 2452 714 2509; x_wconf 84' lang='lat' dir='ltr'>imaginem.</span> <span class='ocrx_word' id='word_1_288' title='bbox 781 2471 877 2496; x_wconf 90' lang='lat' dir='ltr'>cum</span> <span class='ocrx_word' id='word_1_289' title='bbox 919 2456 1031 2497; x_wconf 86' lang='lat' dir='ltr'>enirn</span> <span class='ocrx_word' id='word_1_290' title='bbox 1065 2459 1169 2494; x_wconf 87' lang='lat' dir='ltr'>esset</span> <span class='ocrx_word' id='word_1_291' title='bbox 1196 2456 1367 2496; x_wconf 88' lang='lat' dir='ltr'>natione</span> <span class='ocrx_word' id='word_1_292' title='bbox 1396 2458 1524 2497; x_wconf 70' lang='lat' dir='ltr'>Pema</span> 
     </span>
     <span class='ocr_line' id='line_1_40' title="bbox 47 2503 1523 2568; baseline 0.004 -20"><span class='ocrx_word' id='word_1_293' title='bbox 47 2515 90 2548; x_wconf 84' lang='lat' dir='ltr'>et</span> <span class='ocrx_word' id='word_1_294' title='bbox 117 2509 291 2549; x_wconf 73' lang='lat' dir='ltr'>fortuna</span> <span class='ocrx_word' id='word_1_295' title='bbox 333 2525 502 2561; x_wconf 65' lang='lat' dir='ltr'>servm,</span> <span class='ocrx_word' id='word_1_296' title='bbox 533 2511 750 2551; x_wconf 86' lang='lat' dir='ltr'>dominum</span> <span class='ocrx_word' id='word_1_297' title='bbox 788 2527 910 2553; x_wconf 88' lang='lat' dir='ltr'>snum</span> <span class='ocrx_word' id='word_1_298' title='bbox 947 2514 1023 2553; x_wconf 90' lang='lat' dir='ltr'>sub</span> <span class='ocrx_word' id='word_1_299' title='bbox 1059 2510 1318 2552; x_wconf 85' lang='lat' dir='ltr'>Calandione</span> <span class='ocrx_word' id='word_1_300' title='bbox 1359 2503 1523 2568; x_wconf 61' lang='lat' dir='ltr'>fugiens</span> 
     </span>
     <span class='ocr_line' id='line_1_41' title="bbox 47 2565 1522 2620; baseline 0.004 -16"><span class='ocrx_word' id='word_1_301' title='bbox 47 2565 173 2616; x_wconf 84' lang='lat' dir='ltr'>villas,</span> <span class='ocrx_word' id='word_1_302' title='bbox 204 2581 312 2620; x_wconf 90' lang='lat' dir='ltr'>quae</span> <span class='ocrx_word' id='word_1_303' title='bbox 347 2566 459 2606; x_wconf 89' lang='lat' dir='ltr'>circa</span> <span class='ocrx_word' id='word_1_304' title='bbox 504 2567 768 2608; x_wconf 82' lang='lat' dir='ltr'>Antiochiam</span> <span class='ocrx_word' id='word_1_305' title='bbox 812 2575 930 2620; x_wconf 88' lang='lat' dir='ltr'>sunt,</span> <span class='ocrx_word' id='word_1_306' title='bbox 961 2585 984 2610; x_wconf 91' lang='lat' dir='ltr'>a</span> <span class='ocrx_word' id='word_1_307' title='bbox 1024 2569 1108 2609; x_wconf 84' lang='lat' dir='ltr'>fide</span> <span class='ocrx_word' id='word_1_308' title='bbox 1139 2568 1394 2616; x_wconf 85' lang='lat' dir='ltr'>retrahebat,</span> <span class='ocrx_word' id='word_1_309' title='bbox 1426 2584 1522 2610; x_wconf 86' lang='lat' dir='ltr'>cum</span> 
     </span>
     <span class='ocr_line' id='line_1_42' title="bbox 47 2622 1521 2677; baseline 0.001 -16"><span class='ocrx_word' id='word_1_310' title='bbox 47 2635 133 2661; x_wconf 90' lang='lat' dir='ltr'>non</span> <span class='ocrx_word' id='word_1_311' title='bbox 157 2628 260 2662; x_wconf 85' lang='lat' dir='ltr'>esset</span> <span class='ocrx_word' id='word_1_312' title='bbox 286 2622 522 2677; x_wconf 86' lang='lat' dir='ltr'>baptizatus</span> <span class='ocrx_word' id='word_1_313' title='bbox 539 2654 552 2675; x_wconf 90' lang='lat'>‚</span> <span class='ocrx_word' id='word_1_314' title='bbox 583 2639 626 2665; x_wconf 87' lang='lat' dir='ltr'>se</span> <span class='ocrx_word' id='word_1_315' title='bbox 655 2624 856 2666; x_wconf 83' lang='lat' dir='ltr'>clericum</span> <span class='ocrx_word' id='word_1_316' title='bbox 883 2641 968 2667; x_wconf 86' lang='lat' dir='ltr'>esse</span> <span class='ocrx_word' id='word_1_317' title='bbox 997 2625 1150 2665; x_wconf 83' lang='lat' dir='ltr'>dicens.</span> <span class='ocrx_word' id='word_1_318' title='bbox 1223 2625 1336 2666; x_wconf 87' lang='lat' dir='ltr'>hunc</span> <span class='ocrx_word' id='word_1_319' title='bbox 1368 2627 1521 2667; x_wconf 80' lang='lat' dir='ltr'>Calan-</span> 
     </span>
     <span class='ocr_line' id='line_1_43' title="bbox 48 2677 1523 2737; baseline 0.004 -19"><span class='ocrx_word' id='word_1_320' title='bbox 48 2677 120 2718; x_wconf 88' lang='lat' dir='ltr'>dio</span> <span class='ocrx_word' id='word_1_321' title='bbox 150 2678 320 2733; x_wconf 88' lang='lat' dir='ltr'>quidem</span> <span class='ocrx_word' id='word_1_322' title='bbox 349 2680 525 2733; x_wconf 87' lang='lat' dir='ltr'>pepulit,</span> <span class='ocrx_word' id='word_1_323' title='bbox 555 2680 704 2722; x_wconf 87' lang='lat' dir='ltr'>Petrus</span> <span class='ocrx_word' id='word_1_324' title='bbox 735 2696 837 2722; x_wconf 89' lang='lat' dir='ltr'>vero</span> <span class='ocrx_word' id='word_1_325' title='bbox 869 2682 1090 2737; x_wconf 89' lang='lat' dir='ltr'>Cnapheus</span> <span class='ocrx_word' id='word_1_326' title='bbox 1131 2679 1374 2735; x_wconf 74' lang='lat' dir='ltr'>episcopum</span> <span class='ocrx_word' id='word_1_327' title='bbox 1404 2685 1523 2724; x_wconf 86' lang='lat' dir='ltr'>lera—</span> 
     </span>
     <span class='ocr_line' id='line_1_44' title="bbox 47 2734 1661 2792; baseline 0.006 -19"><span class='ocrx_word' id='word_1_328' title='bbox 47 2734 193 2788; x_wconf 88' lang='lat' dir='ltr'>poleos</span> <span class='ocrx_word' id='word_1_329' title='bbox 225 2735 423 2776; x_wconf 88' lang='lat' dir='ltr'>ordinans</span> <span class='ocrx_word' id='word_1_330' title='bbox 452 2736 713 2778; x_wconf 87' lang='lat' dir='ltr'>Philoxenon</span> <span class='ocrx_word' id='word_1_331' title='bbox 745 2745 907 2779; x_wconf 84' lang='lat' dir='ltr'>mutato</span> <span class='ocrx_word' id='word_1_332' title='bbox 927 2740 1097 2779; x_wconf 88' lang='lat' dir='ltr'>nomine</span> <span class='ocrx_word' id='word_1_333' title='bbox 1126 2739 1395 2792; x_wconf 83' lang='lat' dir='ltr'>nuncupavit.</span> <span class='ocrx_word' id='word_1_334' title='bbox 1425 2754 1521 2781; x_wconf 87' lang='lat' dir='ltr'>cum</span> <span class='ocrx_word' id='word_1_335' title='bbox 1537 2738 1661 2786; x_wconf 81' lang='lat' dir='ltr'><strong>P·208</strong></span> 
     </span>
     <span class='ocr_line' id='line_1_45' title="bbox 50 2791 1524 2849; baseline 0.005 -20"><span class='ocrx_word' id='word_1_336' title='bbox 50 2797 190 2830; x_wconf 87' lang='lat' dir='ltr'>autem</span> <span class='ocrx_word' id='word_1_337' title='bbox 218 2793 489 2845; x_wconf 85' lang='lat' dir='ltr'>postmodum</span> <span class='ocrx_word' id='word_1_338' title='bbox 520 2808 614 2834; x_wconf 90' lang='lat' dir='ltr'>eum</span> <span class='ocrx_word' id='word_1_339' title='bbox 642 2794 901 2849; x_wconf 87' lang='lat' dir='ltr'>baptizatum</span> <span class='ocrx_word' id='word_1_340' title='bbox 931 2811 1014 2835; x_wconf 91' lang='lat' dir='ltr'>non</span> <span class='ocrx_word' id='word_1_341' title='bbox 1046 2806 1131 2835; x_wconf 85' lang='lat' dir='ltr'>esse</span> <span class='ocrx_word' id='word_1_342' title='bbox 1159 2791 1382 2846; x_wconf 86' lang='lat' dir='ltr'>didicisset,</span> <span class='ocrx_word' id='word_1_343' title='bbox 1412 2798 1524 2836; x_wconf 82' lang='lat' dir='ltr'>“suf-</span> 
     </span>
     <span class='ocr_line' id='line_1_46' title="bbox 51 2846 1521 2906; baseline 0.005 -19"><span class='ocrx_word' id='word_1_344' title='bbox 51 2846 159 2887; x_wconf 81' lang='lat' dir='ltr'>ficit’&#39;</span> <span class='ocrx_word' id='word_1_345' title='bbox 191 2848 421 2903; x_wconf 85' lang='lat' dir='ltr'>inquit-“ei</span> <span class='ocrx_word' id='word_1_346' title='bbox 453 2863 532 2904; x_wconf 88' lang='lat' dir='ltr'>pro</span> <span class='ocrx_word' id='word_1_347' title='bbox 560 2851 771 2906; x_wconf 86' lang='lat' dir='ltr'>baptismo</span> <span class='ocrx_word' id='word_1_348' title='bbox 801 2852 1105 2894; x_wconf 87' lang='lat' dir='ltr'>consecratio.&#39;’</span> <span class='ocrx_word' id='word_1_349' title='bbox 1161 2850 1416 2906; x_wconf 83' lang='lat' dir='ltr'>Euphemius</span> <span class='ocrx_word' id='word_1_350' title='bbox 1445 2868 1521 2894; x_wconf 85' lang='lat' dir='ltr'>au-</span> 
     </span>
    </p>
   </div>
  </div>
 </body>
</html>
