1768 3268
542 209 616 250 Ex
655 207 1001 250 THEOPRANE.
1395 195 1493 241 181

37 325 194 361 runtur
209 333 340 376 usque
353 335 477 362 nunc.
497 327 559 362 ast
580 322 813 377 imperator
834 321 1127 362 Constantinus
1143 326 1364 375 comperto
1376 321 1499 376 qnod

35 377 243 430 extemplo
291 391 389 432 gens
433 379 603 419 sordida
643 384 686 418 et
726 377 938 418 immunda
970 377 1082 417 ultra
1112 378 1349 417 Danubium
1389 376 1500 431 apud

36 431 204 487 Hoglon
230 433 547 475 tabernaculum
568 434 702 475 fixerit
730 440 773 474 et
790 434 1174 489 appropinquantia
1190 434 1384 474 Danubio
1416 433 1504 474 dis-

34 494 205 540 currat,
240 489 286 529 id
314 496 377 531 est
403 493 617 545 regionem
644 505 751 545 quae
777 504 888 530 nunc
925 495 1096 530 tenetur
1123 489 1176 530 ab
1205 489 1283 529 iltis
1312 504 1503 545 quaeque

35 550 138 584 tunc
170 559 195 584 a
222 545 464 587 Christianis
501 546 812 602 possidebatur,
846 546 1035 586 tristatus
1061 552 1122 586 est
1149 544 1430 597 vehementer,
1460 553 1503 587 et

35 599 152 640 iubet
178 602 362 643 transire
402 618 545 643 omnes
583 603 785 644 exercitus
827 602 871 642 iu
906 602 1138 653 Thracem,
1185 607 1227 641 et
1261 607 1503 642 construens

33 657 199 697 classem
214 662 301 698 tam
315 673 395 713 per
407 664 565 700 terram
577 674 701 714 quam
715 673 794 713 per
806 673 923 700 mare
939 664 1088 699 contra
1104 671 1173 699 eos
1190 662 1327 697 motus
1342 663 1415 711 est,
1431 657 1503 699 hos
1516 661 1552 695 P·
1570 647 1641 687 548

32 712 154 752 bello·
171 714 368 770 persequi
400 716 556 767 voleus,
588 721 631 756 et
657 721 805 756 contra
820 714 985 770 Hoglon
1011 720 1141 770 atque
1157 713 1395 754 Danubium
1426 729 1503 767 per

35 768 240 823 Hepirum
284 770 443 824 pedites
482 771 522 812 in
571 771 702 812 aciem
741 771 943 826 dirigens,
978 777 1020 812 et
1046 785 1128 824 per
1159 770 1502 825 appropinquans

33 824 149 865 littus
176 840 323 867 navem
351 826 488 868 adesse
519 828 796 882 praecipiens.
853 841 990 882 porro
1019 826 1221 882 Vulgaroe
1249 826 1327 866 hac
1356 826 1502 866 celeri-

33 885 119 922 tate
147 895 220 922 seu
259 883 434 924 maxima
469 884 737 925 multitudine
771 883 855 924 visa
883 898 1011 938 super
1034 883 1165 925 salute
1194 897 1265 923 sua
1295 881 1502 936 desperati

33 936 85 976 ad
116 937 380 991 praedictum
404 940 658 995 praesidium
687 940 954 995 confugiunt,
989 947 1031 981 et
1059 954 1145 981 sese
1175 940 1503 994 circumquaque

31 993 241 1034 muniunt.
314 1010 394 1050 per
419 1002 506 1047 tres
538 1002 675 1038 autem
705 1003 747 1038 et
792 1002 997 1052 quattuor
1024 995 1107 1037 dies
1139 1010 1188 1036 ex
1215 995 1501 1043 huiuscemodi

30 1049 266 1091 munitione
306 1066 384 1093 nec
411 1052 490 1093 illis
527 1053 642 1094 exire
684 1052 959 1104 audentibus,
990 1067 1066 1093 nec
1094 1052 1291 1093 Romanis
1322 1057 1503 1106 propter

31 1105 309 1147 adiacentium
350 1109 552 1163 paludum
601 1109 859 1150 occasionem
899 1109 1107 1164 praelium
1150 1108 1501 1161 construentibus,

31 1161 362 1205 animadvertens
391 1166 554 1219 polluta
583 1179 681 1220 gens
710 1165 898 1207 remissos
925 1166 1212 1206 Romanorum
1245 1165 1402 1204 animos
1433 1179 1501 1205 re-

31 1225 173 1258 creata
199 1225 243 1259 et
279 1220 462 1262 alacrior
502 1222 611 1261 facta
641 1227 713 1264 est.
768 1236 904 1275 porro
952 1236 1048 1261 cum
1076 1222 1307 1275 imperator
1346 1220 1501 1274 pedum

31 1273 223 1315 dolorem
250 1276 409 1318 acriter
427 1283 660 1331 pateretur,
690 1285 732 1318 et
750 1278 803 1318 ad
823 1277 1040 1318 meridiem
1068 1285 1294 1332 cogeretur
1322 1277 1377 1316 ob
1405 1277 1501 1317 bal-

31 1330 98 1370 nei
126 1345 244 1371 usum
275 1335 357 1372 u'na
388 1348 485 1374 cum
515 1334 701 1389 quinque
730 1333 1004 1374 dromonibus
1035 1341 1077 1375 et
1105 1334 1292 1388 propriis
1322 1332 1502 1373 homini..

28 1386 105 1426 bus
132 1387 215 1427 suis
251 1390 434 1440 reverti,
470 1389 654 1431 deseruit
692 1391 953 1444 magistratus
994 1396 1037 1431 et
1084 1391 1314 1444 populum,
1356 1388 1501 1430 iubens

30 1457 126 1483 cum
152 1444 302 1485 lanceis
330 1446 589 1487 vibrantibus
617 1447 850 1496 exercitari,
879 1452 922 1487 et
942 1446 1144 1500 impetum
1175 1446 1216 1486 in
1247 1460 1317 1486 eos
1347 1446 1500 1495 facere,

30 1504 72 1539 et
98 1505 197 1554 post
223 1515 266 1542 se
293 1500 386 1541 illos
414 1501 628 1543 attrahere
656 1518 678 1542 a
695 1503 940 1552 munitione,
975 1509 1018 1543 et
1045 1502 1201 1543 bellum
1236 1503 1276 1542 in
1307 1516 1376 1542 eos
1404 1515 1499 1541 mo·

29 1569 152 1610 vere,
194 1557 228 1597 si
266 1557 449 1598 fortassis
489 1558 678 1599 exirent:
708 1560 769 1600 sin
798 1565 952 1609 autem,
996 1558 1061 1599 vel
1094 1558 1336 1599 obsiderent
1362 1571 1432 1597 eos
1456 1563 1500 1598 et

28 1611 303 1655 observarent
331 1615 372 1654 in
399 1615 714 1658 munitionibus,
773 1622 816 1656 at
843 1629 947 1655 vero
974 1614 1016 1654 hi
1045 1615 1119 1670 qui
1152 1620 1272 1655 erant
1300 1614 1499 1669 equestris

28 1668 229 1721 militiae,
269 1670 568 1725 imperatorem
606 1671 752 1726 fugisse
783 1671 1037 1712 diffamantes
1069 1676 1268 1726 metuque
1298 1670 1499 1724 oppressi,

28 1724 174 1765 eadem
204 1727 545 1781 tergiversatione
562 1728 678 1768 abusi
710 1735 819 1778 suut,
847 1727 1013 1768 nemine
1040 1734 1330 1782 persequente.
1361 1741 1499 1780 porro
1511 1732 1545 1767 P·
1566 1718 1638 1756 549

26 1780 229 1836 Vulgaroe
257 1782 340 1823 hoc
369 1783 455 1823 viso
485 1784 812 1839 insequebantur
828 1791 925 1838 post
954 1789 1070 1838 terga
1095 1784 1297 1838 ipsorum,
1333 1789 1375 1823 et
1404 1782 1500 1837 plu-

26 1850 92 1878 res
121 1838 289 1893 quidem
327 1839 466 1892 gladio
498 1855 729 1894 peremere,
768 1841 920 1880 multos
949 1854 1049 1880 vero
1082 1841 1368 1890 vulneravere,
1397 1854 1499 1892 per.

26 1894 158 1934 secuti
188 1909 258 1935 eos
291 1910 420 1951 usque
439 1897 694 1937 Danubium.
761 1911 887 1950 quem
919 1902 1191 1946 transeuntes,
1221 1901 1263 1936 et
1291 1896 1499 1935 venientes

27 1964 158 2005 usque
199 1951 254 1992 ad
298 1967 389 1992 eam
433 1967 541 2008 quae
584 1953 742 1993 dicitur
775 1954 956 2003 Barnan,
984 1953 1098 1992 circa
1140 1953 1238 1992 fines
1269 1951 1428 2006 Odyssi,
1458 1957 1501 1991 et

26 2007 336 2048 mediterraneo
357 2009 440 2049 illic
467 2009 606 2063 posito
635 2009 731 2049 loco
759 2015 999 2065 perspecto,
1030 2008 1146 2064 quod
1167 2009 1209 2048 in
1239 2008 1369 2048 multa
1399 2022 1501 2047 cau-

26 2064 109 2103 tela
142 2065 396 2117 consisteret,
429 2065 472 2104 in
499 2065 805 2120 posterioribus
847 2065 1017 2121 quidem
1046 2070 1231 2120 propter
1260 2064 1502 2104 Danubium

27 2119 225 2170 fluvium,
271 2121 311 2160 in
345 2122 628 2163 anterioribus
672 2128 811 2163 autem
840 2128 883 2163 et
910 2137 956 2163 ex
985 2122 1181 2163 lateribus
1209 2121 1265 2162 oh
1296 2121 1502 2161 clausuras

25 2182 69 2215 et
95 2176 320 2216 Ponticum
362 2193 504 2229 mare,
547 2179 793 2233 praesertim
832 2193 929 2219 cum
960 2179 1282 2219 dominarentur
1310 2183 1354 2217 et
1386 2177 1502 2216 adia-

26 2233 210 2272 centium
233 2233 523 2274 Sclaviuorum
542 2235 895 2289 generationibuS,
922 2249 1030 2290 quae
1059 2235 1311 2275 dicebantur
1329 2240 1502 2287 septem,

24 2288 194 2329 Severes
222 2289 394 2344 quidem
420 2291 667 2331 locaverunt
705 2292 756 2331 ab
786 2291 1000 2332 anteriore
1030 2291 1219 2331 clausura
1252 2289 1503 2343 Veregabo-

26 2358 123 2384 rum
152 2345 203 2385 ad
235 2354 375 2399 partes
410 2347 667 2401 Orientales‚
697 2348 739 2387 in
771 2348 871 2389 locis
902 2354 1043 2389 autem
1073 2363 1181 2403 quae
1209 2353 1304 2386 suut
1335 2345 1387 2384 ad
1410 2358 1501 2384 me-

24 2400 173 2441 ridiem
204 2409 245 2442 et
275 2402 535 2444 occidentem
565 2418 696 2458 usque
726 2403 778 2443 ad
791 2404 996 2455 Avariam,
1028 2404 1209 2444 residuas
1238 2408 1396 2455 septem
1428 2414 1502 2455 ge-

29 2458 279 2508 nerationes,
298 2474 406 2513 quae
427 2460 502 2499 sub
519 2465 645 2513 pacto
664 2468 798 2501 erant.
829 2475 931 2515 ergo
962 2476 1057 2501 cum
1085 2461 1125 2499 in
1149 2460 1208 2499 his
1241 2457 1367 2498 delati
1398 2456 1500 2496 fuis-

25 2519 128 2566 sent,
156 2514 254 2554 elati
283 2523 408 2564 suut,
455 2521 498 2555 et
524 2523 757 2569 coeperunt
802 2531 849 2557 ea
879 2532 988 2571 quae
1016 2518 1091 2557 sub
1122 2517 1309 2556 Romana
1341 2528 1387 2553 re
1416 2527 1499 2566 pu-

24 2569 133 2609 blica
155 2578 277 2611 erant
300 2579 434 2612 castra
464 2586 535 2611 seu
556 2573 729 2626 praedia
759 2572 977 2614 destruere
998 2581 1125 2628 atque
1150 2569 1359 2625 praedari.
1388 2569 1501 2608 unde

10 2626 66 2664 ·vi
100 2632 268 2666 coactus
298 2628 533 2682 imperator
557 2643 703 2682 pacem
736 2629 835 2670 fecit
878 2644 973 2669 cum
1002 2630 1070 2678 eis,
1106 2642 1240 2667 annua
1269 2626 1345 2665 illis
1376 2641 1501 2680 prae-

24 2681 126 2722 bere
159 2690 280 2736 pacta
313 2684 524 2737 pollicitus
565 2685 605 2724 in
637 2686 925 2726 confusionem
954 2688 1242 2725 Romanorum
1270 2682 1325 2722 oh
1356 2682 1501 2721 multi-

25 2739 211 2779 tudinem
254 2739 518 2781 delictorum.
586 2742 777 2782 mirabile
819 2742 977 2797 quippe
1015 2743 1103 2794 ipso
1144 2739 1290 2779 auditu
1318 2745 1411 2779 erat
1437 2738 1500 2777 his

27 2795 98 2848 qui
125 2795 247 2851 louge
275 2804 316 2837 et
342 2796 403 2837 his
430 2797 504 2852 qui
532 2811 670 2853 prope
685 2797 903 2853 degebant,
935 2797 1051 2853 quod
1082 2797 1112 2836 is
1143 2795 1216 2851 qui
1248 2809 1389 2837 omnes
1417 2794 1499 2835 tri-
