1728 3184
697 162 898 206 NOTAE.
1415 155 1512 208 491

47 279 201 319 ctione
226 277 408 321 secunda
446 282 639 319 notatur.
683 276 735 316 ad
763 283 945 317 mentem
995 278 1136 331 itaque
1164 276 1442 346 Theophanis,
1470 293 1518 318 ex

46 333 272 389 Nicephori
300 333 456 376 iudicio
498 333 681 375 decimus
721 347 856 373 nonus
887 333 1068 373 Heraclii
1104 333 1362 397 elabebatur,
1395 331 1520 387 ἡνίκα

41 391 199 431 ταῦτα
210 387 449 443 savinae.
505 389 791 454 Nicephorum
820 402 957 443 porro
990 388 1171 429 Heraclii
1203 389 1246 429 in
1277 391 1427 431 urbem
1445 404 1519 431 re·-

44 448 155 502 giam
182 446 407 490 adventum
432 447 634 503 posthaec
658 446 815 499 scripta
844 445 878 485 si
904 445 1054 485 dixeris
1071 475 1082 494 ,
1115 446 1326 498 geminum
1354 447 1399 486 in
1429 461 1521 487 eam

47 503 194 543 urbem
223 518 246 543 e
274 503 449 546 Perside
494 510 536 546 et
564 502 854 557 Hierosolyma
902 501 1084 543 1editum
1119 501 1247 540 facilis
1277 502 1519 554 concedam,

43 567 87 600 et
115 559 400 615 Nicephorum
429 565 701 604 narratorum
731 558 924 600 ordinem
963 558 1133 599 solitum
1158 566 1407 612 pervertere
1436 559 1517 600 ob-

44 615 241 658 servabis.

152 671 249 723 505,
280 672 323 713 5.
381 666 736 725 ἇποκαταστήσας
762 670 992 724 Ζαχαοίαν
1023 668 1098 717 τὸν
1126 669 1409 723 πατριάρχην]
1439 685 1516 712 oc-

47 735 224 783 cupatae
257 744 281 768 a
309 729 447 770 Persis
481 728 797 784 Hierosolymae
826 734 1019 781 tempore
1048 726 1283 767 Modestum
1311 727 1396 767 eius
1425 728 1519 782 epi..

42 799 218 840 scopum
246 785 396 826 sedisse
430 787 542 827 testis
580 792 641 827 est
668 776 940 838 Nicephorus.
1015 783 1179 823 vivente
1209 782 1423 833 Zacharia,
1450 782 1517 825 vel

42 843 228 891 absente,
257 842 417 882 nullam
443 842 621 884 Modesti
652 842 694 882 in
710 840 1104 895 Hierosolymorum
1130 838 1343 879 ecclesiam
1368 846 1519 880 aucto-

43 899 212 939 ritatem
247 898 525 953 Theophanes
570 899 714 939 refert.
784 912 892 952 quae
924 897 1060 947 ratio,
1094 901 1141 935 ut
1170 896 1315 935 falsum
1344 897 1517 935 omnino

41 955 269 1010 Nicephori
288 954 520 996 chronicon
542 955 805 1004 existimaret,
831 953 1049 994 Petavium
1065 952 1246 1006 impulit
1270 952 1383 992 litem
1413 966 1517 993 vero

40 1012 178 1052 verbis
220 1010 506 1052 huiuscemodi
550 1028 573 1051 a
609 1010 868 1078 Theophane
910 1009 961 1049 ad
1014 1009 1126 1048 hunc
1169 1024 1320 1048 annum
1352 1009 1522 1075 scriptis

42 1067 254 1122 aptissime
267 1069 480 1131 componi.
500 1063 705 1108 εισελθών
724 1063 814 1106 δὲ
792 1081 812 1104 ο
829 1062 1035 1116 βασιλευς
1055 1065 1100 1104 ἐν
1110 1062 1432 1116 Ἱεροσολιίιοις,
1447 1061 1522 1104 καί

44 1123 124 1164 τοῦ
142 1119 410 1176 πατριάρχου
425 1125 653 1176 Ζαχαρίου
669 1122 1005 1175 τελευτήσαντος,
1028 1117 1133 1170 μετὰ
1157 1119 1204 1160 τὸ
1228 1121 1272 1160 ε’)
1276 1122 1370 1160 θεῖν
1386 1118 1520 1161 αὐτὸν

41 1179 90 1221 ἐκ
122 1180 411 1232 Παλαιστίνης
430 1179 512 1219 α’πὸ
531 1180 604 1231 τῆς
633 1178 942 1230 αιχμαλωσιάς,
971 1177 1050 1216 τοῦ
1080 1177 1126 1217 δὲ
1148 1175 1269 1228 ἁγίου
1288 1177 1520 1241 Μοδέστου

39 1251 110 1276 και
143 1235 503 1305 Ἀρχιμανδοίτου
529 1237 604 1288 τῆς
631 1235 763 1286 μονῆς
790 1235 867 1274 τοῦ
895 1232 1018 1286 ἁγίου
1041 1232 1286 1282 Θεοδοσίου
1314 1247 1390 1271 του
1418 1230 1518 1283 κτή-

38 1306 188 1339 σαντος
215 1288 291 1344 τήν
323 1290 447 1343 ἁγίαν
481 1290 796 1343 ’Λυαστασιάι,
834 1305 903 1329 και
939 1287 1027 1358 1erx
1060 1285 1185 1342 ἆγιάν
1212 1290 1427 1342 Βηθλεέμ,
1459 1286 1520 1336 ὥς

45 1347 346 1416 ἐμπρησθέντα
375 1347 457 1388 ἀπὸ
485 1348 572 1387 τῶν
590 1348 801 1400 Περσῶν·
858 1342 952 1386 τότε
974 1359 1051 1386 ουν
1077 1348 1319 1397 χειροτοιεῖ
1339 1343 1361 1384 ὅ
1389 1346 1519 1397 βασι-

41 1402 140 1452 λεὺς
169 1400 244 1444 τὸν
272 1400 391 1457 ἅγιον
426 1403 654 1444 Μόδεσῐον
697 1400 979 1455 πατοιάοχην,
1034 1402 1164 1442 verba
1191 1415 1328 1455 porro
1359 1402 1434 1441 ista
1464 1401 1518 1441 li-

42 1466 110 1501 cet
139 1459 299 1508 vitiata,
326 1468 367 1501 et
397 1476 420 1500 a
449 1460 743 1515 grammaticae
793 1459 947 1514 legibus
978 1458 1111 1498 aliena
1139 1472 1299 1498 sensum
1334 1473 1357 1498 a
1387 1458 1516 1498 Peta-

40 1518 110 1557 vio
139 1516 472 1557 animadversum
505 1516 687 1557 reddunt
716 1532 841 1571 quam
870 1529 1081 1569 congrue:
1109 1515 1334 1570 imperator
1359 1514 1516 1555 Hier-0-

38 1574 239 1639 solymam
268 1575 465 1627 ingressus
496 1582 568 1622 est,
603 1573 874 1627 (procedente
904 1587 1006 1611 vero
1038 1574 1244 1625 tempore)
1271 1585 1361 1610 cum
1390 1571 1519 1610 soluta

41 1630 280 1685 captivitate
308 1645 354 1670 ιη
379 1630 660 1671 Palaestinam
691 1630 876 1669 redizsset
909 1629 1152 1669 Zacharias
1186 1628 1453 1681 patriarcha,
1481 1635 1522 1666 et

36 1687 143 1726 diem
173 1687 353 1727 ultimum
383 1686 684 1732 obaissec‚t1mc
708 1689 930 1741 imperator
956 1694 1136 1724 sanctum
1167 1683 1417 1732 Modestum,
1448 1684 1523 1739 qui

36 1744 170 1782 sancti
195 1743 411 1784 Theodosii
437 1752 684 1783 monaster-10
706 1743 914 1798 quondam
931 1739 1278 1781 Archimandrita
1299 1740 1521 1803 praeposi-

40 1801 278 1851 &afim-at,
309 1809 349 1839 et
373 1808 564 1840 sanctam
583 1800 862 1847 Anastasiam,
896 1797 938 1837 id
960 1803 1033 1847 est,
1063 1795 1380 1837 resurrectionis
1408 1801 1521 1836 tem-

45 1855 177 1908 plum,
217 1865 259 1896 et
282 1856 404 1896 aliud
428 1857 472 1896 in
501 1866 647 1895 sancta
680 1856 882 1896 Bethleem
921 1870 948 1894 α
977 1853 1115 1894 Persis
1140 1862 1346 1903 exustum,
1389 1866 1518 1908 repa-

38 1921 236 1961 raverat,
279 1912 472 1953 ordinari
507 1913 696 1952 curavit.-
738 1911 899 1952 cunctis
940 1918 1082 1951 tamen
1123 1909 1165 1948 in
1197 1908 1514 1963 exemplaribus,

42 1982 152 2022 quae
181 1967 233 2007 ad
262 1983 407 2009 manus
435 1974 562 2018 sunt,
606 1983 690 2008 non
735 1974 875 2009 extare
920 1968 1117 2008 observo.
1177 1966 1219 2005 in
1249 1965 1376 2005 illust.
1408 1965 1517 2020 Pey-
1533 1978 1535 1980 ·

42 2039 125 2064 1·.ez
154 2024 303 2066 codice
344 2025 483 2065 fateor
512 2025 618 2079 legi3
652 2025 704 2065 ad
732 2024 952 2066 Barberini
983 2024 1215 2087 marginem
1245 2036 1292 2062 ex
1308 2022 1516 2073 Palatino,

41 2095 138 2120 cum
168 2096 255 2136 quo
285 2082 563 2136 Peyrezianus
591 2082 722 2122 codex
755 2087 1042 2145 comparatus,
1070 2079 1276 2133 exscripta
1302 2093 1387 2118 non
1419 2078 1516 2117 infi-

37 2137 120 2177 cias
150 2151 217 2177 e0.
278 2138 319 2177 in
348 2138 493 2192 Regio,
523 2140 563 2177 in
580 2138 794 2179 Vaticanis
820 2139 969 2188 trihus,
999 2137 1041 2177 in
1063 2136 1297 2176 Barhe1in0
1328 2148 1411 2173 non
1445 2149 1515 2175 re-

40 2194 187 2248 periri,
224 2201 267 2234 et
308 2209 407 2233 num
446 2210 470 2233 a
503 2193 762 2249 Theophane
801 2195 942 2250 primo
988 2193 1258 2248 prodierint,
1306 2191 1515 2231 incertum

40 2249 266 2293 contendo.
324 2256 393 2291 tot
421 2250 635 2291 codicibus
665 2267 749 2292 uno
784 2251 900 2306 quasi
930 2251 1038 2304 stylo
1073 2249 1248 2290 exaratis
1280 2247 1513 2287 concordes

35 2321 121 2347 sese
153 2307 399 2359 Anastasius,
429 2307 636 2348 miscellae
663 2308 863 2361 sciiptor,
885 2313 928 2348 et
946 2307 1160 2347 Cedrenus
1181 2305 1441 2367 adiungunt.
1471 2308 1514 2343 et

38 2377 147 2418 quae
175 2363 360 2405 adducta
401 2364 532 2403 verba
565 2366 810 2415 continent,
841 2379 893 2404 ne
925 2364 1056 2404 verbo
1088 2362 1259 2425 quidem
1286 2360 1510 2414 attingunt.

37 2420 239 2474 quocirca
270 2435 319 2461 ex
348 2420 418 2470 eis,
448 2427 496 2460 ut
524 2420 627 2460 mihi
659 2420 805 2461 falsum
834 2419 1064 2474 Nicephori
1093 2417 1325 2458 chronicon
1355 2414 1513 2455 redda-

35 2480 135 2525 tur,
164 2476 364 2531 colligere
408 2476 635 2517 nonlicet:
687 2477 863 2518 maxime
901 2491 997 2516 cum
1035 2474 1234 2514 Zacharia
1265 2472 1512 2526 captivitate

32 2531 201 2573 Persica
230 2509 431 2584 detento,
472 2547 581 2588 quae
619 2533 794 2574 Baronii
834 2533 1040 2574 sententia
1086 2537 1147 2571 est
1190 2529 1243 2569 ad
1284 2543 1320 2567 a.
1355 2529 1400 2568 C.
1427 2526 1512 2569 616

36 2602 150 2628 num.
182 2589 221 2639 7,
245 2589 469 2642 Modestus,
499 2594 547 2628 ut
574 2590 789 2643 cpiscopa‘
776 2604 838 2629 us
865 2589 1192 2635 administrator,
1224 2584 1364 2624 sedem
1392 2589 1512 2625 tene-

36 2658 84 2684 re
109 2647 322 2698 potuerit:
352 2645 477 2700 idque
504 2645 640 2686 solum
668 2646 899 2710 Nicephori
925 2644 1177 2684 auctoritate
1205 2641 1352 2681 evinci.
1383 2641 1513 2696 quin-

34 2700 164 2741 immo
193 2702 297 2743 illud
328 2702 438 2743 idem
477 2702 720 2742 memoratis
759 2703 949 2756 superius
980 2700 1142 2749 verbis,
1184 2698 1235 2737 ab
1266 2696 1355 2750 ipso
1383 2697 1510 2737 etiam

33 2756 292 2813 Theophane
327 2760 463 2800 foetus
495 2759 664 2800 nomine
692 2759 842 2814 agnitis
885 2756 1106 2798 commode
1134 2754 1391 2795 confirmari.
1435 2754 1507 2808 qui
