1728 3184
188 161 284 209 660
633 163 708 206 AD
751 164 1126 206 THEOPHANEM

186 280 361 329 clarius,
409 277 595 334 nihilque
638 279 851 321 redditum
894 279 1121 320 obscurius.
1193 289 1280 333 qua
1321 278 1552 319 iuramentis
1584 279 1661 319 tuis

175 338 304 394 fidem
333 336 493 389 hahens,
520 349 602 392 qua
621 337 694 376 cibi
718 350 906 392 parcenS,
932 337 1075 391 plures
1104 334 1205 374 mihi
1223 333 1320 374 bene
1337 335 1562 375 consultum
1589 348 1662 376 vo·

185 396 306 434 tentes
332 393 574 447 contempsi,
605 393 690 432 iam
718 402 801 433 tum
825 391 902 432 deo
935 406 1000 432 res
1029 405 1138 431 meas
1165 391 1426 431 committens.
1484 391 1662 447 aequior

186 450 309 505 longe
339 447 577 503 Nicephoro
624 455 773 490 auctor
810 450 920 489 vitae
944 448 984 488 S.
1014 446 1252 501 Nicephori,
1294 462 1420 502 quam
1449 463 1543 488 cum
1574 448 1661 488 aliis

185 505 470 562 patriarcham
497 506 588 546 vitis
617 520 767 547 eorum
795 510 1036 559 temporum
1065 503 1283 544 historiam
1301 519 1448 558 magna
1466 519 1512 546 ex
1540 511 1664 560 parte

185 562 498 605 continentibus
534 569 651 604 tomo
684 562 832 612 altero,
867 561 1082 615 alteraque
1112 561 1216 600 illius
1247 567 1370 614 parte
1397 575 1464 602 me
1494 561 1662 616 produ-

186 627 353 661 cturum
381 633 519 673 spero.
575 618 798 669 προσκυνῶ
828 633 894 658 σοι
923 615 980 664 ὥς
1009 619 1197 669 βασιλεῖε
1231 616 1437 669 αἰτοῦμαι
1466 617 1526 659 δέ.
1558 619 1659 673 Reg-

185 685 264 720 etc.
296 677 381 718 τῶν
405 675 687 729 Ἐλευθερίου.
722 674 782 723 εἰς
813 675 956 714 πᾶσαν
984 672 1123 714 θεῶν.
1151 673 1232 714 τῶν
1265 673 1340 728 τῆς
1372 675 1516 727 βασιλ.

294 747 392 802 742,
425 749 492 790 18.
549 743 575 803 ἦ
617 743 721 802 αὐτή
753 741 1009 804 ᾠκοδόμησε.
1043 744 1194 788 κακίαν
1221 747 1267 788 τὲ
1291 747 1387 803 καί]
1420 749 1519 804 Reg.
1551 753 1630 789 etc·

294 820 390 874 743,
421 820 462 862 6.
523 815 731 873 οἶτιμοέσαι
759 821 805 861 τέ
833 819 918 864 καί.
960 819 1034 860 τοῦ
1073 820 1283 873 κρατῆσαι
1312 816 1461 874 αὐτήν.
1492 818 1537 863 ἐν
1566 822 1660 863 Λέ-

182 882 272 937 σβῳ
304 880 352 935 τῇ
383 878 510 936 νήσῳ]
542 878 663 918 Cedr.
695 877 754 924 εἰς
788 875 1071 930 ἈῙιτυλήνηνε
1108 892 1214 932 quae
1235 879 1356 918 Lesbi
1379 878 1535 919 insulae
1558 879 1658 919 urbs

182 944 244 978 est
274 938 417 988 libera,
452 951 499 976 cx
531 949 611 990 qua
658 933 767 974 dicta
799 933 997 989 Mitylene
1023 933 1115 987 ipsa
1155 933 1307 988 insula,
1339 941 1386 974 ut
1419 935 1514 976 Ort.
1545 934 1656 977 unde

183 1001 226 1036 ct
241 994 380 1035 statim
412 992 523 1033 idem
550 990 788 1032 defunctam
818 991 888 1041 ait,
920 989 964 1030 ἐν
999 989 1049 1044 τῇ
1078 987 1188 1045 αὐτῇ
1217 991 1389 1047 Λέσβῳ.

293 1064 387 1116 744,
423 1065 489 1104 19.
562 1059 608 1103 τὸ
655 1061 874 1102 α’πολυθὲν
915 1062 987 1102 εἠἰ
1015 1057 1163 1117 τούτῳ,
1210 1060 1450 1118 ἄπεκοίρθη]
1485 1065 1529 1104 in
1559 1065 1661 1105 hunc

161 1123 302 1179 finem
331 1123 512 1172 missum,
545 1129 669 1176 caput
695 1120 859 1158 abrasit.
918 1118 976 1159 sic
1015 1118 1121 1158 bene
1154 1120 1292 1160 Anast.
1325 1120 1542 1172 intellexit,
1575 1135 1659 1161 non

182 1186 230 1219 ut
257 1180 297 1218 in
330 1179 419 1233 ipso
451 1177 615 1231 navigio
657 1176 852 1216 detonsus
882 1176 960 1226 sit,
993 1174 1108 1229 quod
1139 1182 1180 1215 ct
1209 1177 1477 1231 sequentibus
1508 1177 1661 1218 adver-

177 1243 306 1286 satur,
335 1235 483 1291 quibus
512 1233 694 1288 peractis
725 1233 917 1272 omnibus
950 1246 1058 1287 quae
1086 1238 1182 1272 sunt
1198 1234 1451 1275 monasticae
1481 1234 1660 1289 inaugu-

179 1293 368 1342 rationis,
406 1292 616 1346 navigium
647 1290 847 1345 ingressus
875 1289 1045 1331 dicitur.
1065 1287 1271 1330 εἰσελθών
1299 1289 1344 1331 ἐν
1374 1289 1502 1348 αὐτῷ.
1533 1292 1659 1348 Peyr-

179 1350 306 1394 Barh.
339 1355 419 1389 etc.

243 1455 245 1457 ·
298 1428 405 1468 Ibid.
443 1426 505 1471 19.
567 1422 687 1473 τινας
718 1425 765 1466 δὲ
795 1424 870 1465 καί
898 1424 956 1465 ἐκ.

292 1507 387 1558 745,
422 1506 488 1547 11.
549 1506 601 1562 τῇ
633 1519 679 1546 τε
709 1503 820 1560 ἰδέᾳ]
850 1506 948 1558 Reg.
979 1509 1059 1544 etc.

286 1585 381 1637 746,
402 1582 440 1625 4.
471 1588 557 1634 τοῖς
588 1581 745 1625 εἰδόσιν
776 1584 980 1637 α’κριβῶς]
1010 1585 1110 1639 Reg.
1130 1590 1207 1624 etc.
1227 1579 1274 1622 τὸ
1303 1580 1472 1634 μιαρόν.
1506 1581 1659 1638 ἆπρόϊ-

174 1656 245 1683 τον
274 1643 351 1683 τοῦ
387 1642 615 1694 βασιλικοῦ
656 1640 866 1688 κοιτῶνος.
910 1640 1059 1687 δολίως
1090 1637 1541 1690 κλαυθμυριζόμενον.
1597 1655 1659 1679 se-

170 1709 281 1754 ptem
321 1700 479 1739 dierum
522 1699 654 1754 spatio
695 1712 776 1738 non
812 1696 1022 1753 prodierit
1064 1712 1118 1737 ex
1171 1697 1282 1749 regio
1325 1697 1521 1736 thalamo.
1580 1710 1658 1749 yv-

176 1754 379 1809 ναικώδη.

287 1828 396 1868 Ibid.
425 1826 463 1867 8.
535 1826 618 1867 τῶν
662 1822 839 1881 φαύλων
883 1825 956 1865 καί
1006 1824 1351 1878 ψευδοχρίστοις]
1402 1826 1565 1866 emend.
1611 1841 1658 1867 ex

178 1886 317 1925 Anast.
337 1882 747 1935 ψευδοχριστιανῶν.
778 1882 888 1936 quod
912 1892 968 1922 est
996 1891 1222 1921 consuetum
1248 1883 1398 1938 pravis
1414 1883 1656 1935 hominibus,

177 1956 226 1981 ac
245 1940 356 1996 falsi
381 1942 552 1981 nominis
588 1941 840 1979 Christianis.
887 1935 1126 1990 ἀποβαλών.

290 2019 398 2060 Ibid.
426 2018 491 2059 20.
551 2013 854 2070 ἀποβαλόντες]
883 2017 983 2070 Reg.
1019 2021 1102 2056 etc.

291 2094 388 2149 747,
420 2097 484 2138 10.
546 2092 734 2137 Πλάτων
764 2095 824 2149 δέ,
855 2093 928 2134 καί
959 2093 1182 2147 Θεόδωρος
1221 2092 1450 2147 ἡγούμενος
1479 2095 1555 2148 τῆς
1582 2110 1658 2147 μο-

177 2154 253 2208 νῆς
282 2153 367 2194 τῶν
398 2153 624 2205 Σπουδίου]
660 2154 717 2193 ita
746 2153 853 2192 bene
884 2152 1006 2191 Cedr.
1040 2167 1123 2191 non
1155 2158 1202 2191 ut
1232 2153 1358 2191 modo
1389 2152 1512 2193 codd.
1546 2154 1657 2207 ipse-

180 2226 262 2266 que
294 2214 434 2251 Anast.
463 2208 688 2263 ἡγούμενοι
708 2240 719 2260 ,
753 2209 867 2264 quasi
902 2214 1080 2263 uterque
1121 2208 1226 2248 illius
1257 2210 1497 2249 monasterii
1529 2224 1657 2262 prae-

178 2270 337 2308 fectum
367 2273 532 2321 ageret,
565 2280 647 2306 non
688 2266 796 2305 solus
823 2265 1086 2314 Theodorus,
1116 2264 1166 2305 de
1196 2279 1280 2319 quo
1313 2265 1436 2305 etiam
1467 2274 1658 2320 postmo-

180 2324 280 2364 dum
308 2325 502 2364 subditur
531 2322 645 2378 quod
682 2322 942 2377 praesideret
988 2322 1201 2362 monachis
1243 2320 1324 2363 700
1354 2323 1397 2361 in
1427 2337 1476 2362 eo
1507 2337 1657 2362 mona-

179 2381 335 2429 sterio;
366 2382 543 2421 Platone
587 2386 678 2420 tum
708 2379 837 2419 vitam
880 2380 1054 2433 degente
1082 2379 1309 2419 solitariam
1336 2379 1379 2418 in
1414 2378 1655 2430 inclusorio,

181 2437 400 2493 eidemque
434 2436 579 2492 nepoti
625 2451 699 2476 suo
745 2436 978 2476 Theodoro
1026 2435 1212 2488 subdito,
1256 2436 1316 2475 uti
1349 2437 1436 2489 ipse
1464 2437 1656 2490 pluribus

180 2495 223 2534 in
254 2495 337 2534 vita
366 2494 497 2542 illius;
529 2494 570 2533 in
603 2508 685 2549 qua
715 2499 756 2532 et
787 2492 868 2532 loci
899 2491 1020 2532 huius
1046 2493 1309 2546 tragoediam
1341 2498 1473 2532 totam
1504 2507 1656 2547 prose-

182 2552 358 2605 quitur3
391 2551 597 2605 aliamque
627 2564 674 2589 ac
704 2549 973 2604 praecipuam
992 2549 1147 2589 dissidii
1170 2563 1336 2589 causam
1366 2548 1497 2602 affert,
1531 2564 1657 2603 quam

181 2613 326 2647 narret
354 2606 659 2661 Theophanes,
702 2621 750 2646 ac
790 2620 870 2659 pro
915 2621 998 2660 qua
1034 2612 1212 2654 excusat,
1245 2604 1473 2659 Nicephori
1500 2606 1657 2646 scilicet

179 2664 495 2717 promotionem
539 2679 584 2704 ex
629 2663 769 2711 laicis;
815 2677 939 2717 quam
985 2663 1059 2702 etsi
1103 2662 1274 2702 moleste
1317 2662 1527 2702 habebant
1574 2663 1656 2702 viri

180 2720 420 2760 sanctissimi
462 2722 578 2761 velut
621 2735 706 2760 non
751 2720 920 2759 omnino
968 2734 1013 2759 ex
1045 2734 1254 2760 canonum
1286 2719 1451 2759 ratione
1484 2719 1655 2772 sactum,

179 2775 294 2818 haud
323 2783 459 2819 tamen
482 2792 571 2820 rem
603 2776 805 2820 eiusmodi
837 2775 1125 2818 existimabant
1155 2782 1201 2816 ut
1233 2776 1344 2830 pacis
1374 2775 1512 2818 studio
1534 2775 1655 2817 dissi-
