1768 3268
231 211 308 254 20·
675 209 959 251 ANASTASH
990 207 1253 249 HISTORIA

228 319 358 358 Iustus
389 329 542 355 annum
576 313 614 355 1.
1052 311 1472 353 ArseniusHeraclius
1491 310 1702 353 ctllarius.

223 373 323 415 Levi
353 387 481 412 annos
503 367 543 412 4.
1051 376 1095 410 et
1118 370 1272 409 iterum
1304 375 1524 410 revocatus
1553 385 1575 409 a
1595 369 1702 408 Gra-

224 431 378 471 Effrem
403 443 530 469 annos
557 425 600 467 4.
1052 427 1167 466 tiano
1219 425 1258 465 in
1314 426 1495 467 secunda
1540 424 1702 482 synodo

225 486 375 541 Ioseph
404 500 532 526 annos
564 484 602 523 Q.
1052 483 1419 537 Constantinopoli
1469 491 1531 525 est
1584 496 1703 524 rece-

225 544 343 585 ludas
370 557 499 582 annos
531 541 568 581 9.
1052 546 1161 594 ptus.
1219 539 1338 580 siinul
1372 555 1503 583 annos
1531 538 1600 583 42.

223 603 389 642 Marcus
421 612 549 638 annos
578 595 620 637 8.
996 598 1167 638 Ioannes
1198 611 1326 637 annos
1360 595 1430 637 16.

225 658 437 698 Cassianus
468 669 596 695 annos
627 653 669 694 5.
995 654 1186 694 Parillius
1218 669 1346 694 annos
1377 652 1447 695 ΩΟ.

222 714 424 756 Maximus
455 726 584 752 annos
614 710 658 752 4.
995 711 1198 752 Iuvenalis
1228 712 1269 751 in
1308 711 1472 753 duobus
1503 713 1704 767 conciliis,

225 771 407 812 Iulianus
439 783 567 809 anuos
603 767 644 808 2.
1050 768 1264 823 Ephe-sino
1293 769 1450 809 scilicet
1473 775 1515 811 et
1532 770 1704 811 Chalce-

226 826 406 868 Galanus
437 840 565 866 annos
593 823 633 866 3.
1052 825 1239 879 (lonensi,
1270 831 1462 880 repertus
1494 827 1703 868 annosssss.

222 882 493 941 Symmachus
524 895 652 922 annos
683 880 721 922 2.
995 881 1269 933 Theodosius,
1288 883 1359 938 qui
1380 884 1575 925 eiectus.a
1589 886 1704 925 Mar-

225 942 346 982 Caius
378 955 507 981 annos
538 938 577 980 3.
1052 940 1187 993 clano,
1221 945 1263 979 et
1292 940 1447 982 iterum
1487 943 1704 996 luvenalis,

223 999 404 1039 Iulianus
433 1011 563 1038 annos
592 990 633 1035 4.
1053 1012 1181 1037 annos
1211 992 1278 1038 48.

96 1052 211 1102 9766
225 1055 319 1096 Heli
351 1069 480 1095 annos
512 1053 550 1098 2.
994 1053 1232 1095 Anastasius
1264 1067 1393 1094 annos
1426 1053 1492 1095 18.

227 1111 377 1166 Capito
408 1125 536 1151 annos
557 1106 598 1152 4.
997 1111 1219 1165 Salustius,
1257 1111 1333 1151 suh
1378 1126 1463 1166 quo
1493 1113 1706 1153 Romanus

223 1169 423 1209 Maximus
455 1178 583 1207 annos
610 1162 655 1204 4.
1052 1168 1272 1222 episcopus
1300 1183 1342 1208 se
1360 1170 1572 1222 separavit
1600 1184 1706 1224 pro-

222 1226 456 1265 Antoninus
489 1237 618 1263 annos
648 1220 686 1262 5.
1050 1230 1149 1279 pter
1177 1225 1616 1279 unitoriumZenonis,
1633 1242 1706 1267 an-

223 1282 374 1322 Valens
405 1295 534 1321 annos
561 1278 599 1322 3.
1050 1295 1124 1320 nos
1155 1280 1199 1322 8.

222 1338 428 1379 Narcissus
459 1351 586 1377 annos
616 1333 655 1376 4.
996 1337 1164 1390 Helias,
1212 1338 1286 1394 qui
1325 1339 1520 1394 expulsus
1551 1346 1612 1381 est
1653 1341 1705 1381 ab

221 1395 324 1436 Dius
355 1408 481 1434 annos
509 1392 551 1433 8.
1051 1396 1266 1437 Anastasio
1286 1395 1562 1451 imperatore,
1576 1412 1706 1438 anuos

222 1451 438 1492 Sermanio
473 1463 602 1490 annos
630 1447 670 1489 4.
1051 1451 1118 1492 23.

224 1508 403 1548 Gordius
431 1521 558 1547 annos
589 1505 629 1546 5.
995 1510 1170 1551 loannes
1205 1524 1335 1550 annos
1366 1508 1431 1550 11.

223 1566 429 1605 Narcissus
447 1561 649 1605 secundus
666 1568 832 1620 martyr
845 1577 926 1617 an-
991 1566 1157 1620 Petrus,
1190 1566 1265 1623 qui
1295 1565 1544 1622 Iustiniano‚
1576 1582 1707 1613 annos

279 1635 354 1661 nos
387 1620 453 1662 10.
1051 1623 1118 1667 90.

226 1678 459 1719 Alexander
499 1680 663 1731 martyr
695 1691 825 1717 annos
858 1675 922 1717 15.
992 1683 1028 1732 *)
1061 1679 1329 1720 Alexandrini
1363 1710 1593 1722 ......

225 1735 467 1775 Mazabanes
493 1747 618 1773 annos
649 1734 714 1774 21.
992 1737 1139 1793 Usque
1173 1753 1284 1778 nunc
1302 1753 1349 1778 cx
1378 1738 1549 1792 paganis
1568 1740 1708 1794 Impc-
1723 1764 1758 1799 p,

227 1792 477 1832 Himenaeus
512 1803 637 1830 annos
669 1789 738 1831 23.
1052 1802 1216 1836 ratores
1259 1801 1302 1836 et
1332 1802 1638 1850 persecutores.

228 1848 387 1888 Zabdas
417 1861 543 1888 annos
576 1845 640 1886 10.

229 1905 414 1945 Hermon
447 1918 574 1945 annos
603 1901 641 1943 9.
997 1895 1058 1938 Et
1085 1898 1158 1954 qui
1177 1906 1271 1954 post
1297 1912 1486 1952 magnum
1518 1897 1710 1940 Constan-

231 1962 374 2016 Usque
408 1961 459 2001 ad
478 1961 554 2000 hos
580 1961 750 2000 fuerunt
772 1975 819 2001 ex
850 1975 928 2015 pa..
1133 1956 1259 1995 tinum
1288 1956 1582 2012 imperatorem.

287 2018 401 2073 ganis
427 2018 702 2072 imperatores
731 2025 772 2058 et
793 2020 844 2060 ab
875 2019 929 2059 eis
1091 2057 1099 2065 ,

290 2076 609 2129 persecutiones·
998 2055 1176 2097 Achillas
1207 2071 1318 2097 anno
1352 2057 1392 2097 1.

998 2113 1244 2164 Alexander,
1275 2114 1349 2170 qui
1379 2115 1420 2154 in
1445 2114 1583 2170 prima
1613 2129 1714 2171 syn-

235 2175 295 2215 Εἰ
337 2185 431 2231 quot
467 2185 675 2232 postquam
718 2177 934 2218 Christiani
1057 2171 1160 2224 odo,
1191 2172 1307 2212 annis
1343 2170 1410 2212 23·

317 2233 434 2285 sacti
453 2243 542 2274 sanc
570 2235 835 2289 imperatores,
999 2227 1244 2269 Athanasius
1273 2230 1447 2283 Magnus
1471 2228 1588 2269 annis
1619 2227 1687 2268 4‘2.

385 2333 394 2343 ·
533 2334 542 2342 .
1002 2286 1233 2340 Gregorius
1263 2287 1466 2326 Arrianus
1498 2287 1614 2327 anuis
1643 2283 1712 2326 46.

238 2334 458 2388 Macarius,
472 2335 599 2388 quiin
613 2336 934 2392 prima-synodo,
1005 2342 1249 2382 Athanasius
1264 2343 1430 2395 iterum,
1462 2343 1536 2398 qui
1564 2357 1713 2383 secun-

296 2405 426 2432 annos
458 2391 525 2431 20·
566 2448 574 2456 ⁸
1059 2398 1113 2439 do
1141 2399 1233 2440 exul
1261 2401 1430 2441 effectus
1456 2406 1518 2441 est
1544 2400 1597 2440 ab
1623 2399 1713 2454 ipso

242 2475 438 2488 .....
468 2450 666 2489 Maximus
697 2464 825 2490 annos
853 2448 892 2490 6.
1065 2456 1355 2510 Constantino,
1389 2457 1506 2497 annis
1534 2456 1601 2497 48.

108 2511 227 2559 p‚767
243 2504 433 2568 Cyrillus,
467 2507 536 2560 qui
554 2506 693 2559 pulsus
715 2514 775 2547 est
790 2508 839 2547 ab
858 2509 937 2547 Ar..
1007 2513 1237 2566 Gregorius
1265 2515 1465 2554 Arrianus
1496 2515 1612 2554 annis
1644 2509 1713 2553 49.

299 2574 438 2600 rianis.
459 2575 540 2616 pro
560 2575 610 2603 eo
625 2562 721 2602 facti
736 2570 831 2603 sunt
844 2571 939 2618 tres,
1007 2568 1250 2610 Athanasius
1265 2571 1456 2612 similiter
1471 2571 1618 2625 tertio,
1641 2570 1716 2625 qui

338 2661 374 2716 ').
396 2661 465 2694 Hic
489 2673 625 2718 magna
659 2671 711 2698 est
748 2664 889 2699 lacuna
923 2679 1049 2703 errore
1083 2670 1260 2712 librarii,
1301 2671 1446 2718 decepti
1469 2670 1716 2707 similitudine

337 2707 693 2762 eiusdemtnominis.
745 2710 878 2746 desunt
901 2724 1021 2749 autem
1042 2727 1192 2762 praeter
1224 2730 1427 2767 postremos
1454 2721 1601 2768 aliquot
1627 2720 1717 2753 Hie-

338 2756 621 2810 rosolyrfiitanos
645 2759 803 2794 Romani
827 2769 861 2794 et
889 2762 1077 2807 Cpolitani
1101 2768 1286 2812 episcopi,
1317 2778 1352 2803 et
1369 2770 1490 2815 prima
1513 2780 1604 2814 pars
1631 2769 1717 2802 Ale-

339 2802 623 2838 :randi-morum.
662 2805 794 2840 desunt
819 2810 928 2842 etiam
955 2812 996 2843 ιή
1021 2813 1216 2848 Casinensi
1242 2814 1369 2852 codice
1397 2826 1432 2852 et
1458 2815 1600 2852 duobus
1627 2817 1716 2850 aliis

341 2851 615 2900 manuscriptis.
639 2853 822 2890 videndus
840 2857 1081 2905 Nicephorii&
1134 2862 1326 2897 rannerus.
