1768 3268
546 199 618 240 Ex
655 197 1007 241 THEOPHANE.
1443 193 1506 240 59

38 311 148 352 hanc
174 325 218 352 se
240 308 397 367 fingens
426 326 591 354 sumere
623 319 841 368 postremo
881 314 1072 368 porrexit
1100 312 1285 364 ancillae,
1314 319 1358 355 et
1384 327 1509 355 acce-

37 375 155 423 ptam
173 370 574 411 Macedonianorum
591 371 931 411 communionem
961 371 1015 410 ad
1040 386 1085 411 os
1117 372 1248 422 affert,
1277 376 1320 411 et
1348 371 1509 411 invenit

37 439 128 466 eam
167 425 347 479 lapidem
379 426 546 466 factam.
619 433 708 468 tum
753 427 957 468 deterrita
982 433 1024 467 et
1061 428 1305 468 tremefacta
1330 425 1507 482 pedibus

38 481 288 522 incurvatur
323 483 514 535 Ioannis,
551 485 831 524 temeritatem
876 484 1079 525 confitens
1119 490 1163 525 et
1202 484 1421 525 sinceriter
1452 483 1506 524 ad

36 538 250 579 ecclesiam
280 537 457 580 rediens.
511 553 650 594 porro
678 541 780 596 lapis
813 541 1019 595 repositus
1045 546 1107 581 est
1134 541 1177 581 in
1203 553 1399 581 vasorum
1428 555 1508 580 cu-

35 593 241 635 stodiario
270 595 561 637 reservandus.
633 611 711 651 per
739 597 851 637 idem
891 603 1052 652 tempus
1083 598 1291 647 Arsenius,
1320 598 1394 652 qui
1414 607 1531 636 ma-·

34 665 138 706 gnus
158 650 210 691 ad
237 652 447 692 saeculum
473 653 626 701 fuerat,
662 653 913 708 contemptis
937 654 1128 694 omnibus
1155 654 1337 695 divinam
1366 653 1507 708 philo-

34 707 226 762 sophiam
264 709 378 762 apud
414 711 649 765 Aegyptum
686 711 953 762 sectabatur,
998 711 1084 751 vita
1128 716 1172 752 et
1217 710 1351 751 verbo
1379 716 1508 766 atque

37 764 251 805 miraculis
280 765 325 805 in
353 765 505 806 ordine
534 767 764 808 monastico
799 768 974 822 fulgens.

146 831 294 873 Mundi
322 846 433 874 anno
465 831 591 885 5896,
621 834 786 876 divinae
803 834 1099 876 incarnationis
1121 848 1231 876 anno
1250 833 1348 886 396,
1380 834 1555 881 Ioan-p-
1575 835 1640 870 121
1668 831 1692 867 6

35 902 106 930 nes
134 887 454 944 Cbrysostomus
479 891 619 930 multis
647 891 691 931 in
720 893 806 932 vita
837 898 880 933 et
911 893 1046 934 verbo
1093 891 1328 947 divinisque
1365 890 1509 932 chari-

33 944 232 986 smatibus
261 945 494 1002 splendens,
535 953 579 987 et
604 946 716 988 circa
756 962 923 989 omnem
951 949 1150 989 virtutem
1179 948 1389 989 districtus
1419 947 1510 988 exi-

32 1008 159 1054 stens,
187 1001 440 1057 diligebatur
465 1017 487 1043 a
519 1005 695 1058 populo,
727 1005 800 1061 qui
833 1004 1133 1046 aedificabatur
1161 1005 1282 1045 valde
1304 1004 1508 1045 doctrinis

34 1058 134 1099 eius.
205 1057 251 1099 hi
281 1073 386 1100 vero
430 1058 502 1115 qui
530 1060 742 1102 luxuriose
771 1062 968 1103 vivebant
992 1076 1036 1102 se
1062 1063 1312 1103 avertebant
1337 1061 1391 1102 ab
1419 1060 1507 1113 illo,

35 1114 171 1169 quiet
200 1114 243 1156 in
273 1114 399 1167 bello,
429 1115 547 1171 quod
577 1115 771 1158 adversus
799 1134 893 1158 eum
913 1123 1072 1173 gestum
1091 1123 1166 1168 est,
1200 1118 1366 1174 operati
1396 1124 1506 1165 sunt;

33 1171 146 1211 inter
175 1185 284 1228 quae
312 1171 531 1227 contigere
560 1188 668 1228 quae
701 1174 813 1214 circa
839 1175 1096 1229 Eutropium
1126 1174 1366 1216 eunuchum
1395 1180 1508 1229 gesta

30 1234 154 1279 sunt,
173 1226 276 1282 quin
308 1234 351 1269 et
382 1230 600 1270 contentio
618 1230 834 1271 Severiani
865 1232 1105 1272 Gabalensis
1136 1238 1286 1272 contra
1303 1230 1509 1286 Serapio-

32 1298 129 1324 nem
157 1283 502 1325 archidiaconum
519 1286 697 1337 Ioannis,
729 1293 773 1328 et
799 1287 903 1328 illud
923 1286 1038 1343 quod
1067 1291 1204 1328 actum
1235 1292 1296 1328 est
1326 1287 1377 1328 de
1388 1289 1507 1328 Lon-

32 1340 120 1395 giS,
163 1341 236 1395 qui
267 1355 316 1382 ex
344 1343 536 1398 Aegypto
566 1343 760 1398 fugerant
786 1350 970 1399 propter
1006 1343 1310 1398 Theophilum;
1339 1358 1504 1385 necnon

31 1402 75 1438 et
115 1395 218 1436 illud
264 1397 317 1438 de
346 1397 496 1438 litteris
537 1397 764 1454 Theophili
808 1399 860 1440 ad
897 1398 1195 1454 Epiphanium.
1264 1414 1312 1441 ex
1350 1400 1503 1455 quibus

33 1452 226 1493 omnibus
273 1454 450 1495 famulus
493 1453 561 1495 dei
591 1457 763 1496 Ioannes
794 1456 950 1496 insidiis
979 1457 1274 1510 appetebatur.
1341 1457 1502 1497 interea

29 1509 288 1565 Epiphanius
317 1510 496 1566 Cyprius
539 1511 707 1553 veniens
747 1512 788 1552 in
816 1512 1059 1553 Ebdomum
1100 1514 1433 1554 consecrationes
1459 1520 1502 1554 et

29 1580 198 1622 synaxes
239 1572 412 1623 praeter
444 1567 609 1609 Ioannis
647 1568 905 1610 voluntatem
949 1568 1062 1609 fecit.
1118 1583 1267 1610 verum
1295 1569 1398 1610 haec
1428 1571 1502 1610 lo-

29 1637 136 1664 anne
166 1623 222 1665 ob
252 1623 434 1665 divinam
463 1624 683 1666 caritatem
714 1623 1062 1680 parvipendente,
1093 1639 1178 1666 non
1208 1633 1267 1667 est
1299 1627 1499 1681 placatus,

28 1679 390 1722 criminationibus
404 1680 630 1737 Theophili
645 1688 797 1722 contra
818 1682 989 1723 beatum
1006 1683 1204 1722 Ioannem
1223 1683 1340 1724 factis
1369 1697 1500 1738 prae-

29 1742 269 1792 occupatus.
340 1739 532 1794 sequenti
575 1753 676 1780 vero
725 1754 833 1780 anno
867 1741 1039 1779 loannes
1080 1753 1315 1779 sermonem
1347 1740 1672 1786 contram-1223

26 1795 152 1834 malas
180 1793 373 1836 mulieres
402 1795 513 1845 fecit,
540 1810 625 1850 quo
649 1796 785 1836 vesani
815 1802 857 1837 et
875 1795 1061 1836 veritatis
1091 1795 1247 1836 inimici
1263 1796 1498 1837 Eudoxiam

26 1849 329 1903 irritaverunt,
370 1851 553 1893 dicentes
598 1853 796 1894 adversus
838 1867 930 1893 eam
966 1851 1156 1892 habitum
1184 1852 1306 1894 fuisse
1334 1867 1498 1894 sermo-

26 1922 133 1948 nem.
193 1913 236 1947 at
267 1907 336 1948 illa
367 1907 507 1950 dicens
540 1909 593 1950 ad
623 1908 848 1950 Arcadium
877 1909 1038 1949 atrocia
1068 1924 1111 1950 se
1138 1925 1161 1950 a
1192 1910 1345 1950 Ioanne
1374 1909 1499 1950 fuisse

25 1977 287 2019 perpessam,
327 1965 412 2020 egit
442 1971 491 2006 ut
517 1965 773 2020 Theophilus
811 1966 1105 2018 accersiretur,
1135 1965 1234 2022 quia
1257 1966 1497 2006 manifestus

24 2028 119 2061 erat
146 2021 336 2062 inimicus
368 2022 560 2074 loannis3
592 2023 663 2078 qui
693 2022 892 2064 accedens
918 2028 1067 2062 contra
1096 2024 1294 2063 loannem
1323 2021 1496 2063 insidia-

23 2080 89 2116 tus
122 2082 209 2129 est,
257 2080 309 2119 et‘
340 2084 443 2118 tunc
472 2077 608 2119 emisit
647 2079 699 2120 ab
747 2080 865 2121 urbe.
934 2093 1021 2120 (uo
1061 2085 1282 2133 comperto
1313 2080 1495 2134 populus

22 2148 215 2188 magnam
246 2134 442 2174 excitavit
466 2134 738 2188 seditionem,
769 2150 857 2176 non
890 2095 1106 2190 indulgens
1136 2135 1234 2190 pelli
1264 2137 1491 2184 loannem;

21 2189 136 2231 inter
180 2203 286 2247 quos
329 2196 373 2231 et
399 2190 590 2232 Eudoxia
630 2192 942 2248 plorationibus
974 2192 1107 2246 plebis
1137 2192 1333 2233 inclinata
1363 2206 1492 2247 roga-

22 2245 84 2287 vit
111 2246 351 2298 Arcadium,
377 2253 420 2289 et
449 2248 570 2290 misso
599 2249 775 2290 Crisone
803 2249 997 2290 eunucho
1027 2264 1051 2289 a
1078 2249 1264 2290 Preneto
1293 2250 1491 2290 Ioannem

22 2301 201 2352 reduxit,
233 2305 305 2359 qui
347 2304 559 2358 publicam
600 2306 808 2362 synodum
846 2306 1026 2346 introire
1056 2304 1226 2347 minime
1266 2319 1404 2360 passus
1446 2306 1488 2344 in

21 2360 208 2412 proastio
242 2362 507 2402 morabatur.
564 2363 747 2418 populus
784 2368 925 2404 autem
969 2361 1022 2404 ad
1064 2361 1366 2417 imperatorem
1408 2375 1490 2400 vo-

21 2415 217 2456 ciferatus
259 2418 457 2458 Ioannem
502 2418 664 2460 intrare
700 2425 742 2460 et
785 2419 826 2459 in
869 2419 1025 2460 throno
1055 2418 1198 2460 locare
1227 2419 1388 2473 coegit,
1427 2418 1485 2458 ita

20 2477 69 2511 ut
97 2472 374 2528 Theophilus,
408 2481 450 2515 et
484 2475 556 2531 qui
588 2489 683 2516 cum
710 2476 783 2516 illo
814 2482 944 2527 erant,
975 2481 1207 2517 metuentes
1238 2476 1289 2516 de
1316 2474 1487 2516 civitate

18 2528 223 2583 fugerent.
280 2536 384 2571 tunc
416 2532 622 2586 sexaginta
654 2532 839 2586 episcopi
872 2533 1162 2573 convenientes
1191 2532 1313 2572 irrita
1345 2531 1486 2571 omnia

20 2597 127 2638 quae
168 2601 191 2626 a
227 2586 465 2642 Theophilo
511 2594 552 2629 et
578 2588 700 2629 sociis
739 2594 888 2629 contra
924 2590 1108 2630 divinum
1150 2590 1347 2628 loannem
1393 2595 1486 2628 acta

18 2640 187 2681 fuerant
213 2642 306 2684 iure
335 2644 659 2685 constituerunt.
718 2659 855 2698 porro
884 2646 1073 2700 sequenti
1100 2659 1209 2685 anno
1241 2644 1484 2698 imperatrix
1494 2653 1531 2690 P·
1548 2646 1616 2682 123
1639 2644 1665 2680 3

16 2695 205 2738 Eudoxia
235 2714 352 2740 suam
382 2708 624 2755 argenteam
652 2707 832 2742 statuam
861 2703 1011 2742 faciens
1039 2702 1184 2741 statuit
1213 2699 1255 2739 in
1282 2700 1378 2740 loco
1409 2700 1481 2756 qui

18 2762 289 2809 nuncupatur
324 2757 527 2809 Pittacia,
556 2758 667 2798 iuxta
702 2766 888 2799 sanctam
930 2758 1138 2799 Eirenem.
1197 2756 1311 2797 urbis
1342 2763 1482 2798 autem

17 2809 251 2863 praefectus
279 2827 375 2854 cum
419 2821 523 2856 essct
559 2814 848 2865 Manichacus,
889 2821 933 2858 et
962 2829 1069 2871 quae
1098 2827 1358 2869 paganorum
1386 2820 1481 2855 sunt
