1728 3184
220 148 317 195 618
720 156 794 207 ΑΙ)
825 156 1120 198 ΤΗΕΟΡΗΑΝ
1127 157 1198 196 ΕΜ

325 263 527 319 468,16.
597 281 670 308 και
715 266 811 310 επει
835 266 999 322 χειμών
1026 266 1267 320 κατέλαβεν,
1298 266 1568 321 ἀποκλείσας]
1617 268 1680 307 vi-

217 324 319 363 tiosa
350 338 452 364 vox:
487 325 610 378 plane
643 323 881 375 αήοκλίνας,
916 331 961 365 ut
983 325 1106 365 etiam
1145 326 1243 380 legit
1262 326 1400 365 Anast.
1423 324 1544 364 Cedr.
1571 338 1680 378 quo-

217 395 312 435 que,
341 377 530 427 ἐκκλίνας
560 376 666 447 πρὸς
690 378 737 421 τὸ
764 382 840 421 τοῦ
857 379 1030 422 Πόντου
1059 356 1208 432 κλίμα,
1258 381 1473 436 deflectens
1500 381 1544 420 in
1574 381 1681 420 Pon·

211 440 337 479 ticam
365 439 579 490 regionem.
610 433 631 476 ὃ
662 436 708 478 δὲ
743 435 981 491 Σάρβαρος,
1009 438 1079 487 sic,
1110 436 1256 486 iidem,
1287 437 1360 477 ubi
1388 436 1572 476 mendosi
1607 451 1683 476 no-

213 493 289 533 stri
334 493 459 534 codd.
489 491 732 546 Βάρβαρος.
790 493 902 534 ducis
947 494 988 532 id
1019 508 1182 534 nomeu.
1213 493 1273 542 εἰς
1299 492 1494 546 α’θυμίαν
1522 486 1680 547 ἧλθονε

215 549 352 604 iidem,
379 564 462 604 pro
491 547 726 605 ῥαθυμίαν.
754 552 903 590 animis
931 551 1208 592 conciderunt.

324 625 515 682 469,11.
572 625 650 682 τὴν
669 644 766 679 πριν
793 624 930 685 ἓαυτιό
956 627 1192 681 σεβασμίαν
1213 626 1388 683 ἐδυσφ]
1417 629 1516 683 Reg.
1538 642 1681 669 emen-

213 684 323 725 date.
383 683 409 738 ἦ
439 685 487 725 δὲ
516 684 667 739 σελήνη
695 683 869 738 ὑπέστη.
899 700 997 725 casu
1027 687 1210 741 εείίρειηι
1239 699 1368 740 passa
1397 694 1464 735 est,
1479 659 1544 725 t'ut
1576 685 1682 725 bene

211 743 348 782 Anast.
379 756 427 782 ex
457 757 537 797 qua
567 742 779 781 luminaris
811 741 1042 782 defectione
1072 743 1381 810 superstitiosus
1411 742 1479 781 ille
1510 741 1682 781 Sarbari

209 812 372 853 pavor·
419 798 518 837 mali
546 798 655 838 enim
684 796 724 837 id
755 798 903 838 ominis
933 799 1165 839 videbatur.
1208 813 1287 837 vox
1310 793 1548 851 ὑφεστάναι
1583 797 1683 837 auis

210 854 401 909 propria,
424 855 475 894 ad
497 854 697 895 eiusmodi
718 854 958 908 explicanda
983 855 1177 922 deliquia,
1194 869 1303 920 quae
1325 855 1431 894 fiunt
1461 854 1683 894 interiecto

209 926 409 966 corpme,
446 926 493 951 ac
523 911 726 951 subeunte
750 911 967 952 luminare.
1001 908 1023 950 ὅ
1043 906 1241 963 σοβαρός.
1269 910 1429 952 emend.
1460 907 1481 949 ὅ
1510 907 1680 964 ..άρβα-

209 980 297 1020 ρος,
325 968 466 1023 sicque
496 968 535 1007 in
567 967 669 1008 aliis.

319 1037 416 1091 472,
444 1037 484 1080 4.
545 1037 644 1080 οὐδὲ
673 1054 713 1081 τι
741 1038 816 1081 τὸν
845 1038 964 1094 λόγον
991 1038 1145 1093 ἡγεῖτο.

318 1114 419 1155 Ibr‘d
445 1112 507 1154 16.
565 1110 610 1154 τὸ
642 1113 724 1154 τῶν
750 1111 975 1165 Ῥωμαίων
995 1111 1308 1153 αυτοδὲσποτον
1337 1107 1506 1164 κράτος]
1540 1113 1677 1153 Anast.

207 1172 314 1226 Reg.
337 1171 461 1236 Peyr.
495 1177 574 1211 etc.
606 1171 792 1236 liberum,
837 1170 974 1226 suique
1017 1172 1116 1209 iuris
1143 1171 1414 1209 Romanorum
1453 1170 1677 1224 imperium.

202 1228 287 1268 τῶν
314 1224 456 1282 φόνων
483 1224 750 1292 φονειῖτριαν.
808 1227 934 1267 iidem
957 1240 1111 1277 omnes,
1145 1241 1220 1267 nec
1242 1226 1364 1266 video
1397 1240 1450 1266 ex
1479 1239 1563 1281 quo
1581 1225 1676 1265 cod.

200 1290 348 1325 natum
384 1283 499 1335 illud,
530 1280 693 1340 φόβων.
723 1284 795 1324 καὶ
825 1284 960 1336 μέγαν
987 1282 1196 1324 κίνδυνον.
1229 1284 1328 1338 Reg.
1359 1287 1438 1323 etc.

312 1357 421 1399 Ibid.
453 1356 519 1397 21.
590 1370 673 1397 των
703 1370 977 1410 στρατιωτων
1009 1353 1134 1425 ἤμων
1177 1353 1371 1410 ὁρῶντες]
1403 1354 1541 1395 iidem.
1568 1351 1675 1394 α’λλα

203 1413 277 1466 τῆς
305 1413 478 1455 αἰωνίου
511 1412 635 1480 ζωῆς
667 1413 805 1457 iidem.
836 1409 1082 1467 συνεργήσει
1108 1409 1210 1466 ἡμῖν
1239 1411 1541 1465 ἅνεπτέρωσας
1567 1406 1680 1464 ἡμᾶς

203 1468 274 1511 διὰ
306 1471 390 1511 τῶν
422 1467 622 1524 ῥημάτων
651 1483 745 1510 σου.
764 1471 863 1525 Reg.
892 1470 1015 1526 Peyr.
1046 1476 1124 1510 etc.

313 1534 637 1589 473,12.τὰς
667 1533 821 1589 πόλεις,
850 1537 924 1578 καί
949 1533 1029 1584 τὰς
1071 1531 1231 1602 κώμας]
1275 1536 1396 1576 Banb.
1441 1536 1564 1591 Peyr.
1599 1539 1677 1574 etc

199 1595 353 1646 θαῦμα
383 1569 608 1636 κάνταῦθα
652 1593 862 1650 φαβερόν.
893 1589 1011 1641 τινάς
1041 1608 1124 1634 των
1154 1588 1225 1633 υπ’
1255 1589 1388 1633 αότὸν
1421 1589 1680 1645 Σαρακηνων

202 1651 465 1704 προτρέχειν.

315 1721 414 1774 474,
446 1725 485 1765 2.
540 1721 642 1771 τούς
670 1723 751 1776 μέν
779 1723 962 1780 ἀνεῖλον]
992 1724 1117 1779 Peyr.

316 1798 426 1841 [hid.
466 1796 529 1838 13.
587 1794 745 1852 βουλὴν
774 1798 955 1839 ἐποιεῖτο
985 1797 1061 1837 τοῦ
1100 1793 1443 1848 παραχεᾲιασαι]
1470 1794 1570 1848 Reg
1601 1798 1678 1834 etc.

315 1870 409 1911 475.
448 1870 512 1911 11.
570 1867 832 1936 στρατηγόν,
849 1864 985 1923 avc59a
1020 1863 1288 1922 δραστήριον]
1314 1867 1677 1933 Reg-etc.v1rum

207 1937 436 1979 strenuam,
466 1928 723 1969 industrium.
782 1924 861 1975 τὰς
890 1924 962 1967 ἐπὶ
988 1924 1188 1978 Περσίδα
1217 1919 1417 1977 οἷγούσας.
1450 1923 1588 1964 iidem.

318 2000 425 2041 Ibid.
462 1999 526 2041 19.
583 1997 764 2042 ἐποιεῖτο
792 2000 864 2041 ἐπὶ
882 1997 1104 2054 Περσιδα]
1130 1999 1230 2052 Reg.
1266 2005 1346 2038 etc.

316 2065 412 2119 476,
446 2066 508 2108 19.
566 2068 665 2119 πρὶν
692 2068 931 2108 ἀπολέσθαι
957 2064 1069 2120 ἡμᾶς
1091 2063 1190 2112 τοὺς
1193 2029 1411 2113 Όοῖθλιόυς]
1442 2064 1542 2119 Reg.
1574 2070 1653 2105 etc.

316 2137 480 2207 478,1.
540 2138 611 2182 διὰ
640 2141 725 2182 τῶν
753 2138 985 2196 φαράγγων
1017 2136 1187 2189 διώξας]
1219 2141 1319 2196 Reg.
1338 2146 1417 2181 etc.
1450 2139 1535 2180 τῶν
1563 2135 1679 2191 α’γιό-

207 2211 291 2239 νων
323 2212 455 2246 οντος.
487 2195 569 2239 οὑν
593 2199 651 2255 τῶ
677 2194 838 2239 εαυτοῦ
866 2197 1044 2253 στρατῶ.
1075 2197 1213 2237 iidem.

321 2272 426 2313 Ibid.
466 2271 530 2312 15.
588 2269 723 2325 λόγοις
764 2271 1046 2322 οἶνεπτέρωσε]
1091 2270 1191 2324 Reg.
1223 2269 1346 2339 Peyr.
1377 2275 1458 2309 etc.
1489 2282 1566 2308 vox
1596 2269 1678 2307 tri-

207 2329 383 2378 tissima,
428 2343 532 2386 pro,
569 2331 783 2381 eoecz'tare;
826 2329 940 2370 velut
983 2328 1065 2368 alas
1097 2326 1264 2368 addere.
1321 2325 1392 2366 ι’να
1420 2321 1495 2365 καί
1521 2321 1542 2365 ὃ
1570 2324 1676 2376 μέλ-

207 2386 293 2424 λων
321 2383 448 2439 ἡμᾶς.

318 2455 416 2506 479,
447 2457 488 2497 4.
545 2452 627 2497 α’πὸ
657 2453 774 2509 πρωῒ
799 2456 953 2510 μέχρις
978 2454 1175 2510 α’λλήλοις
1195 2455 1249 2495 ου’
1271 2456 1518 2507 συνέβαλον]
1553 2453 1675 2494 Cedr.

209 2516 344 2554 Anast.
376 2508 496 2570 Peyr.
528 2519 607 2554 etc.
636 2513 742 2554 male
760 2515 859 2568 Reg.
890 2513 1038 2553 omissa
1072 2513 1252 2568 negatio,
1281 2518 1328 2552 ut
1358 2514 1398 2552 in
1431 2511 1563 2551 editis.
1585 2524 1676 2549 cum

205 2585 233 2608 a
263 2585 381 2611 mane
409 2572 472 2612 ad
500 2586 713 2628 vesperam
743 2571 850 2610 acies
888 2572 1050 2612 vicmae
1079 2579 1217 2619 essent,
1247 2570 1522 2610 abstinuerunt
1542 2581 1674 2623 prae-

205 2626 273 2667 lto.
331 2628 392 2675 εις
420 2628 555 2681 μέγαν
584 2627 790 2668 κιᾛνδυνον

317 2707 422 2747 lbid.
454 2707 516 2748 13.
575 2707 619 2748 ἑν
642 2711 729 2756 τοῖς
758 2706 883 2754 ιὸιόις
903 2703 1008 2759 πρὸς
1045 2704 1090 2745 τὸ
1117 2701 1430 2759 ἀναπαύεσθαι]
1463 2704 1562 2771 Reg.
1592 2709 1672 2743 etc.

205 2763 264 2803 ad
287 2773 468 2818 quzetam
501 2766 692 2821 aliquam
710 2761 960 2821 captandam
989 2762 1051 2802 ad
1068 2778 1142 2803 sua
1162 2764 1346 2818 dispersa
1373 2770 1439 2801 est.
1471 2755 1585 2808 ὅστις
1613 2758 1672 2813 τῷ
