1768 3268
543 212 617 253 Ex
650 209 997 253 THEOPHANE.
1216 225 1219 230 ·
1290 232 1296 237 -
1420 203 1514 251 155

46 328 224 368 loricam
250 327 376 382 ipsius
406 341 453 367 ex
483 340 589 367 auro
617 333 870 377 contextam,
899 330 941 367 et
959 326 1240 380 scaramaggin
1271 326 1357 367 eius
1390 325 1518 366 detu-

43 386 187 426 lerunt
213 397 311 424 cum
334 384 475 438 capite
493 383 630 438 ipsius,
658 389 786 438 atque
815 382 1018 423 dextralia
1044 381 1081 434 *)
1099 412 1113 434 ,
1145 389 1188 423 et
1214 383 1357 423 sellam
1383 387 1519 423 totam

46 454 95 482 ex
133 455 240 482 auro
274 440 561 481 fabrefactam.
627 451 764 494 porro
814 445 951 481 tentus
1004 443 1066 480 est
1102 439 1219 478 vivus
1253 440 1521 479 Barzamuses

45 497 243 552 princeps
273 497 533 538 Hiberorum
558 497 635 537 sub
658 496 792 538 Persis
822 495 1076 550 degentium.
1134 510 1257 535 nemo
1284 501 1423 536 autem
1451 508 1520 535 re-

45 554 151 594 colit
180 553 417 594 huiusmodi
442 553 599 594 bellum
624 553 738 593 inter
764 554 976 593 Romanos
1006 558 1049 594 et
1067 552 1225 603 Persas,
1254 551 1372 606 quod
1401 550 1519 591 vide-

44 611 142 651 licet
181 625 258 665 per
295 616 435 651 totum
473 610 586 650 diem
626 608 774 650 habuit
803 615 983 659 statum,
1022 609 1300 663 viceruntque
1326 607 1522 649 Romani.

46 680 193 708 verum
225 666 308 707 boc
333 668 491 707 factum
521 673 585 707 est
615 666 706 707 solo
734 666 800 706 dei
824 666 1046 707 iuvamine.
1102 665 1337 719 imperator
1368 679 1468 705 vero
1498 679 1523 703 a

43 738 88 764 se
120 724 409 764 confortatum
430 724 662 764 exercitum
689 729 841 763 contra
860 722 1078 762 Chosroen
1098 721 1286 762 minabat
1302 723 1356 771 **)
1369 752 1382 773 ‚
1412 736 1523 775 qua-

47 780 159 820 tinus
188 780 302 820 bunc
330 780 581 821 deterreret.
657 794 793 833 porro
832 778 882 819 13
923 778 1116 819 kalendas
1158 777 1368 818 lanuarias
1398 791 1523 817 com-

42 843 168 891 perto
198 837 432 891 imperator
449 834 565 891 quod
582 835 764 890 populus
783 835 970 887 Rhazati,
988 836 1062 890 qui
1079 849 1126 877 ex
1147 833 1230 874 hoc
1247 834 1357 875 bello
1377 833 1520 884 evasit,

42 893 183 933 unitus
212 894 344 934 fuerit
370 893 505 934 tribus
521 893 687 933 milibus
710 907 818 948 quae
847 908 870 931 a
890 893 1079 933 Cbosroe
1104 891 1308 932 destinata
1337 891 1520 938 fuerant,
1535 906 1571 941 p.
1588 890 1662 930 492

42 955 86 990 et
113 955 363 1005 sequeretur
390 956 487 1004 post
515 964 588 1000 se,
631 950 907 1004 ceperintque
935 948 1104 999 Ninive,
1142 953 1400 989 transmeans
1432 962 1523 986 ma-

42 1020 172 1059 gnum
196 1006 352 1056 Zaban,
382 1005 515 1046 mittit
543 1006 777 1061 Georgium
806 1004 1082 1046 turmarchen
1115 1019 1211 1045 cum
1237 1004 1349 1045 mille
1378 1003 1527 1044 militi-

43 1064 132 1114 bus,
161 1076 249 1118 quo
282 1069 478 1104 curreret
501 1062 555 1102 ad
584 1062 851 1103 retinendum
880 1069 1032 1117 pontes
1063 1061 1236 1102 minoris
1258 1061 1398 1101 zaban
1431 1060 1527 1114 pri-

44 1124 220 1175 usquam
249 1119 293 1160 id
321 1119 529 1160 Chosroes
559 1125 850 1173 cognosceret.
898 1133 1079 1174 cumque
1107 1118 1362 1159 cucurrisset
1389 1118 1528 1157 Geor.

40 1174 131 1230 gius
154 1181 289 1216 noctu
315 1175 502 1216 miliariis
530 1175 808 1231 quadraginta
834 1181 948 1224 octo,
979 1175 1116 1217 tenuit
1143 1179 1348 1230 quattuor
1375 1178 1526 1228 pontes

39 1231 220 1272 minoris
249 1231 403 1286 Zaban,
434 1237 479 1273 et
507 1231 700 1272 inventos
736 1232 778 1272 in
806 1231 982 1273 castellis
1003 1232 1157 1272 ’θοι-533
1187 1230 1386 1271 obtinuit.
1446 1229 1527 1270 de-

41 1289 155 1328 cimo
184 1295 408 1343 praeterea
437 1287 714 1329 kalendarum
739 1287 1027 1328 Ianuariarum
1056 1287 1306 1342 perveniens
1336 1286 1527 1340 impera-

40 1352 113 1386 tor
142 1345 196 1385 ad
227 1350 378 1400 pontes
403 1345 704 1396 transfretavit,
736 1351 778 1386 et
808 1345 981 1386 divertit
1000 1344 1042 1385 in
1066 1344 1214 1384 domos
1244 1342 1451 1396 Hiaedem,
1480 1350 1525 1384 et

41 1401 189 1442 refecit
217 1407 304 1441 tam
342 1401 573 1442 exercitum
621 1416 747 1456 quam
790 1400 1038 1452 animantia,
1080 1400 1264 1455 fecitque
1296 1398 1524 1440 nativitatis

38 1456 202 1498 Christi
224 1457 496 1498 festivitatem
525 1457 567 1498 iu
597 1457 746 1499 eodem
775 1457 888 1499 loco.
945 1463 1166 1512 comperto
1195 1470 1297 1497 vero
1317 1455 1526 1497 Cbosroes

42 1513 159 1569 quod
173 1514 350 1554 Romani
374 1520 569 1556 tenerent
587 1520 740 1569 pontes
756 1514 932 1555 minoris
945 1515 1100 1565 Zabae,
1115 1513 1226 1554 misit
1243 1511 1295 1552 ad
1307 1511 1526 1553 Persicum

40 1572 262 1626 populum,
285 1570 353 1611 cui
366 1570 568 1612 Rhazates
586 1577 796 1626 praeerat,
816 1578 865 1612 ut
892 1569 1053 1625 oppido
1073 1570 1312 1611 festinantes
1342 1583 1526 1623 praeve-

42 1626 185 1668 nirent
217 1627 519 1684 imperatorem
545 1633 588 1669 et
617 1627 669 1668 ad
702 1627 838 1682 ipsum
852 1634 1098 1683 pergerent.
1130 1627 1412 1667 accelerantes
1444 1639 1526 1665 au-

41 1689 127 1724 tem
154 1684 227 1736 illi,
258 1690 301 1726 et
326 1690 627 1725 transmeantes
658 1685 867 1726 minorem
895 1685 1036 1725 Zaban
1065 1684 1107 1725 in
1136 1683 1225 1724 aliis
1255 1681 1370 1733 locis,
1397 1696 1526 1736 prae-

41 1746 251 1781 venerunt
277 1741 580 1796 imperatorem
618 1748 746 1798 atque
783 1741 1022 1796 praeibant.
1079 1754 1261 1795 cumque
1286 1739 1525 1793 imperator

42 1797 248 1851 palatium
278 1797 395 1853 quod
435 1798 659 1839 dicebatur
701 1797 937 1840 Dezeridan
982 1796 1170 1853 cepisset,
1203 1796 1286 1836 hoc
1316 1794 1526 1836 destruxit

42 1858 171 1908 atque
198 1854 440 1896 combussit.
509 1861 552 1895 at
594 1870 700 1896 vero
729 1856 884 1896 Persae
923 1869 1020 1895 cum
1045 1859 1222 1910 pontem
1248 1853 1418 1894 Toruae
1439 1851 1527 1892 flu-

41 1909 162 1950 minis
191 1910 530 1966 pertransissent,
558 1912 715 1952 ibidem
740 1918 878 1953 castra
903 1912 1049 1952 metati
1079 1916 1188 1952 sunt.
1246 1915 1309 1950 ast
1337 1909 1523 1963 impera-

41 1971 116 2006 tor
128 1967 433 2021 comprehenso
461 1967 546 2008 alio
565 1968 724 2024 palatio
745 1969 958 2021 Cbosrois,
992 1968 1111 2024 quod
1139 1967 1374 2008 vocabatur
1399 1966 1525 2015 Rusa,

40 2028 84 2064 et
113 2022 197 2064 hoc
221 2024 442 2066 subvertit.
508 2031 698 2067 ceterum
727 2026 955 2067 verebatur
981 2023 1099 2080 quod
1126 2024 1167 2065 in
1195 2029 1330 2078 ponte
1354 2023 1526 2063 Tornae

41 2079 223 2120 fluminis
260 2079 397 2122 hostes
428 2082 572 2123 forent
615 2088 767 2123 contra
791 2096 835 2123 se
863 2081 1073 2123 bellaturi.
1140 2080 1212 2122 sed
1241 2079 1325 2120 hoc
1346 2079 1411 2119 illi
1440 2078 1523 2120 sci-

41 2141 155 2177 entes
194 2136 344 2178 relicto
381 2144 513 2193 ponte
555 2139 769 2194 fugerunt.
838 2138 1003 2180 interea
1040 2138 1276 2192 imperator
1311 2151 1408 2177 cnm
1435 2135 1522 2176 sine

40 2191 343 2247 impedimento
386 2194 641 2248 transiisset,
678 2194 958 2251 apprehendit
984 2194 1095 2235 aliud
1125 2194 1329 2249 palatium
1356 2206 1520 2247 cogno-
1531 2196 1649 2246 p.493

40 2256 183 2290 mento
216 2250 393 2300 Bechal‚
436 2251 509 2292 ubi
542 2258 586 2294 et
611 2251 962 2308 hippodromium
1006 2252 1315 2294 aedificaverat.
1372 2248 1445 2291 sed
1476 2252 1520 2289 et

42 2305 144 2346 illud
171 2306 283 2347 casui
309 2306 438 2348 dedit.
494 2321 593 2350 sane
621 2308 794 2364 quidam
824 2307 1148 2362 Armeniorum,
1178 2307 1254 2363 qui
1282 2321 1378 2347 cum
1406 2306 1518 2347 Per-

40 2362 93 2403 sis
123 2362 315 2416 aderant,
346 2370 555 2405 venerunt
579 2363 633 2405 ad
655 2366 959 2421 imperatorem
984 2371 1115 2407 noctu
1145 2364 1328 2405 dicentes
1357 2360 1517 2403 “Chos-

41 2433 136 2459 roes
167 2434 263 2459 cum
309 2419 598 2475 elephantibus
623 2428 665 2463 et
688 2423 874 2463 exercitu
905 2436 980 2463 suo
1007 2422 1197 2478 quinque
1218 2420 1380 2460 milibus
1410 2417 1519 2458 citra

40 2475 244 2529 palatium
270 2490 406 2529 suum,
438 2478 646 2519 vocabulo
672 2478 937 2536 Dastagerd¹
969 2478 1011 2519 in
1041 2478 1136 2519 loco
1163 2482 1405 2531 nuncupato
1435 2474 1519 2514 Ba-

41 2532 211 2572 rasrach
253 2539 390 2573 castra
427 2540 606 2576 metatus
637 2540 719 2587 est,
749 2542 794 2576 et
836 2534 1049 2576 mandavit
1077 2540 1215 2575 totum
1245 2533 1329 2573 illic
1358 2529 1519 2572 exerci-

41 2593 131 2629 tum
161 2590 414 2642 convenire,
445 2597 494 2632 ut
535 2590 730 2633 adversus
768 2598 811 2633 te
839 2591 1096 2647 praelietur:
1134 2596 1194 2631 est
1223 2588 1334 2630 enim
1364 2587 1449 2629 illic
1477 2592 1521 2627 et

90 2689 122 2735 *)
155 2688 348 2740 dextralia]
391 2691 542 2726 Glossae
568 2691 714 2727 isidori:
739 2692 918 2728 dextralia
954 2690 1167 2726 brachialia.
1198 2687 1293 2722 adde
1317 2684 1514 2722 Flodoard.

138 2736 223 2770 hist.
252 2739 351 2772 Rem.
378 2740 401 2773 2
425 2739 461 2774 6.
511 2741 617 2774 Fun.

59 2785 110 2832 ⁴¹¹)
132 2785 292 2819 minabat
337 2788 413 2821 Act.
443 2789 564 2832 Apost.
591 2787 637 2822 18
662 2787 724 2823 16:
752 2794 789 2822 et
815 2789 967 2822 minavit
998 2797 1070 2820 eos.
1131 2785 1248 2819 utitur
1275 2787 1380 2818 vetus
1410 2781 1519 2815 luve-

134 2832 229 2867 nalis
255 2845 292 2868 sc
320 2835 367 2869 ol.
395 2846 427 2869 v.
456 2837 602 2883 Papiam
627 2836 667 2870 in
693 2835 858 2881 abigeus.
907 2836 1013 2869 Fun.
