1794 3250
708 179 915 222 VNOTAE.
1455 174 1550 223 295

87 311 178 339 mus
204 296 403 341 moritur,
458 311 577 339 ovum
605 295 731 368 ἔαρος
759 296 1082 368 καταλαβόντος,
1111 313 1169 347 ως
1198 300 1312 368 φασί
1321 314 1430 350 τινες
1458 300 1553 342 δια-

85 353 296 402 σωθέντες
326 353 400 407 τῆς
429 354 726 421 αἰχμαλωσιας
767 352 850 396 ἀπὸ
894 357 1166 425 Βουλγαριάς
1194 354 1292 421 περὶ
1318 355 1394 422 τὴν
1419 353 1552 421 μεγά-

86 412 163 465 λην
188 409 379 463 πέμπτην
422 406 443 449 6
487 411 722 463 Κροῦμμος
765 408 789 451 6
816 409 1078 476 περίφημος,
1119 408 1140 451 6
1184 410 1259 465 τήν
1287 411 1409 453 πόλιν
1440 408 1550 453 ἑλεῖν

85 464 340 518 βουλόμενος
376 466 487 505 τέλει
525 467 601 508 τοῦ
628 468 724 520 βίου
765 463 987 520 ἐχρήσατο.
1059 468 1156 508 beni
1200 469 1407 523 Bnlgarici
1450 483 1552 510 cura

85 525 172 563 Leo
204 522 416 573 liberatus,
448 522 763 579 irreligiosum
752 540 794 564 m
821 538 956 565 sacras
987 525 1183 579 imagines
1217 526 1380 566 dentem
1409 525 1552 576 exerit,

84 585 127 620 et
157 578 268 619 virus
301 578 559 621 eiaculatur.
592 595 663 620 και
693 577 840 620 λοιπόν
864 575 972 630 μετὰ
1005 582 1131 620 τοῦτο
1161 578 1304 633 λαβών
1331 579 1552 632 εὐκαιρίαν

81 628 236 688 ἤρξατο
275 635 451 686 πορθεῖν
477 634 551 700 τήν
580 635 828 702 έκκλησιᾝαν
872 635 1053 693 δευτέρω
1095 633 1181 677 ἔτει
1221 637 1294 690 τῆς
1330 637 1551 688 βασιλείας

86 689 220 732 αὐτοῦ
247 689 621 743 περιεργαζόμενος
656 691 759 733 κατὰ
789 707 872 733 των
899 692 1006 732 θεοῦ
1048 690 1273 745 κριμάτων.
1340 694 1550 747 propositi

88 753 301 788 consortes
331 747 463 806 impii
469 749 594 790 rebus
625 750 739 789 novis
760 749 945 789 animum
973 749 1092 789 simul
1125 750 1339 799 adiiciunt,
1372 749 1551 789 eiusdem

87 804 184 844 anni
211 794 476 845 Pentecostes
520 806 646 855 festo,
686 811 728 846 et
767 820 905 846 mense
942 805 1046 846 Iulio
1088 813 1239 871 coepta
1278 811 1546 870 promovzent

88 857 319 912 ἀρξάμενοι
366 857 448 899 α’πό
480 862 565 926 τῆς
602 861 895 913 Πεντεκοστῆς
940 859 980 901 οἱ
1019 876 1113 914 περι
1151 860 1224 902 τὸν
1253 859 1448 926 Ἰωάννην
1479 860 1555 901 καί

82 913 153 956 τὸν
179 913 350 955 ζῩλιλιῖν
377 913 555 957 σωεύειν
568 914 621 959 τὰ
640 916 800 970 βιβλία,
831 917 901 957 τὸν
922 917 969 959 δὲ
996 916 1215 960 ’Λντώνιον
1243 914 1551 969 προσελάβοντο

85 968 169 1012 α’πό
198 971 277 1012 τοῦ
309 969 483 1013 Ἰουλίου
512 971 658 1026 μηνός.
719 976 802 1015 Leo
838 974 889 1014 de
920 974 1165 1029 imaginibus
1192 973 1551 1029 profligandisNi-

83 1027 272 1091 cephoro
322 1028 585 1082 p·1tria1chae
629 1032 894 1085 propositum
933 1033 1092 1084 apenit,
1135 1046 1272 1072 mense
1301 1029 1548 1071 Deccmbri:

83 1085 182 1136 περὶ
208 1079 282 1123 τὸν
309 1083 569 1136 Δεκέμβριον
597 1088 710 1138 μῆνα
738 1087 862 1140 δηλοῖ
887 1088 943 1126 τιό
976 1084 1221 1143 πατριάρχῃ
1252 1084 1273 1127 ὃ
1300 1086 1449 1128 Λέων·
1483 1081 1550 1126 ὅτι

82 1137 105 1179 o‘
134 1137 236 1188 λαὸς
275 1140 594 1190 σκανδαλιζεται
631 1139 703 1182 διὰ
745 1157 821 1190 τας
863 1141 1041 1191 εικόνας.
1113 1145 1165 1184 ad
1214 1142 1550 1198 quadragesimae

82 1197 208 1236 finem
248 1210 358 1236 anno
388 1194 471 1237 816
502 1197 646 1239 indict.
684 1198 710 1239 9
741 1199 980 1254 Nicephoro
1012 1199 1146 1240 tendit
1174 1199 1351 1251 insidias,
1385 1204 1427 1238 et
1452 1198 1550 1239 sede

82 1252 273 1293 abdicat·
303 1249 324 1292 6
358 1252 621 1303 Χαμαιλέων
652 1255 819 1311 (Λέων)
866 1252 1181 1320 παρασκευάζει
1211 1254 1352 1309 λάθρα
1383 1252 1453 1294 διά
1481 1269 1548 1295 τι-

81 1323 166 1350 νων
191 1304 289 1356 τούς
305 1304 566 1360 στρατιώτας
595 1310 786 1351 α’νελθεῑν
814 1325 873 1359 εις
901 1310 946 1352 τὸ
969 1316 1286 1364 πατριαρχεῑον,
1315 1326 1384 1351 και
1411 1306 1549 1363 συρτιὶ

81 1362 319 1416 καταβᾶσαι
350 1364 676 1430 (καταβιβάσαι)
709 1364 852 1410 αὐτόν.
914 1361 980 1433 ἧν
994 1367 1041 1407 δὲ
1072 1368 1334 1420 παρέκβασις
1362 1381 1446 1407 των
1473 1381 1550 1419 νη-

81 1421 246 1462 στειῶν.
306 1419 435 1460 infra:
466 1419 663 1472 βαλόντες
695 1423 739 1463 ἑν
767 1422 924 1479 α’κατίῳ
963 1419 1145 1476 ἔρριψαν
1174 1423 1310 1475 πέραν
1338 1437 1398 1471 εις
1426 1423 1549 1475 Χρυ-

80 1474 265 1517 σόπολιν.
335 1477 445 1517 sestis
484 1478 651 1518 tandem
702 1480 961 1533 puschalibus
1006 1479 1249 1530 celebratis,
1279 1479 1549 1519 Theodotum

80 1532 347 1574 Haereticum
376 1534 416 1572 in
427 1533 673 1602 “Nicephori
713 1536 852 1578 locum
882 1536 1117 1576 substituit·
1162 1550 1231 1574 και
1265 1532 1407 1575 λοιπὸν
1437 1548 1545 1586 μετα

78 1586 126 1629 ·r6
155 1584 302 1642 πάσχα
330 1592 447 1628 ποιεῖ
472 1588 673 1642 σύνοδον,
713 1606 782 1631 και
820 1593 1002 1641 καθίσας
1043 1587 1117 1632 τὸν
1158 1589 1379 1634 Θεόδοτον.
1437 1606 1548 1645 pau..

81 1646 136 1686 cis
182 1645 450 1701 postmodum
498 1646 641 1688 diebus
670 1647 945 1712 Theophanes
980 1661 1090 1688 anno
1119 1648 1267 1688 eodem
1294 1645 1376 1688 816
1406 1661 1548 1701 oppu-

81 1709 259 1757 gnatur,
289 1702 347 1743 ait
375 1702 460 1742 eius
482 1703 593 1744 vitae
626 1705 834 1769 scriptor,
869 1710 910 1745 et
940 1710 1037 1760 post
1057 1704 1236 1744 carceris
1268 1718 1398 1744 annos
1430 1705 1547 1756 duos,

83 1759 123 1799 id
159 1764 219 1799 est
249 1758 399 1800 Christi
427 1759 509 1800 818
548 1761 734 1802 mittitur
773 1762 814 1800 in
845 1761 1030 1811 exitium,
1055 1775 1140 1815 quo
1171 1759 1312 1800 diebus
1338 1761 1433 1800 sotis
1465 1760 1548 1800 tri-

83 1816 157 1855 bus
189 1830 239 1856 ac
270 1815 415 1871 viginti
447 1816 705 1871 deportatus,
737 1817 930 1858 ίεώοιιιηι
967 1818 1160 1872 vitaeque
1192 1817 1417 1857 terminum
1447 1817 1548 1857 atti-

81 1871 154 1926 git.
181 1870 242 1911 his
271 1874 516 1927 perspectis,
545 1889 654 1929 quae
678 1874 880 1914 Baronius
919 1874 1012 1914 loco
1041 1878 1288 1925 memorato,
1322 1878 1363 1914 et
1389 1871 1441 1913 ad
1469 1888 1547 1912 an..

81 1942 179 1967 num
210 1930 255 1972 C.
289 1925 374 1969 814
416 1945 528 1971 num.
561 1930 581 1971 l
615 1931 805 1986 scripsit,
836 1946 964 1972 ruere
992 1930 1182 1985 penitus,
1207 1935 1250 1971 et
1278 1930 1411 1971 everti
1442 1943 1546 1970 con-

77 1985 326 2039 spiciuntur.

194 2051 234 2103 3,
251 2051 289 2093 3.
345 2047 578 2106 ἡγουμένου
608 2051 687 2094 τοῦ
716 2052 884 2108 Ἀγροῦ]
909 2053 1140 2107 ,Σιγριανῆς
1170 2068 1342 2110 quoque
1366 2049 1550 2106 ἡγούμε-

78 2122 149 2156 νος
176 2124 199 2149 a
230 2110 436 2149 nonnullis
468 2115 643 2151 assertus
678 2109 789 2152 idem
822 2116 965 2151 noster
991 2110 1279 2165 Theophanes,
1310 2110 1382 2164 qui
1414 2125 1437 2149 a
1462 2110 1548 2149 Ba-

80 2165 219 2216 nmio,
250 2180 328 2206 ceu
350 2166 449 2220 Agri
475 2167 723 2220 praefectus,
752 2167 803 2207 ab
835 2181 885 2207 eo
918 2166 990 2222 qui
1010 2167 1219 2222 Sigrianes
1249 2167 1378 2216 audit,
1409 2165 1547 2206 diver-

77 2236 143 2262 sus
170 2222 412 2262 aestimatur
442 2221 495 2262 ad
521 2239 675 2263 annum
703 2221 786 2264 816
820 2239 935 2263 num.
973 2224 1010 2265 1.
1056 2199 1193 2264 ²‘iidem
1220 2229 1357 2263 tamen
1387 2219 1548 2274 Ἀγροῦ

78 2284 121 2319 et
150 2278 377 2331 Σιγριανῆς
405 2272 633 2331 ἡγούμενος
654 2279 944 2334 TheophaneS,
973 2287 1117 2321 monet
1149 2279 1342 2320 familiari
1370 2277 1547 2331 epistola

77 2335 228 2375 litteris
258 2335 448 2375 omnibus
476 2336 830 2375 excellentissimus
862 2336 1044 2377 Allatius.
1086 2336 1275 2406 Sigriane
1303 2335 1411 2375 enim
1430 2333 1547 2374 Asiae

83 2391 199 2446 regio
242 2391 294 2431 ad
334 2391 531 2446 Cyzicum
571 2386 593 2429 6
618 2389 787 2445 Ἀγρὸς,
815 2393 887 2448 qui
917 2398 960 2433 et
988 2393 1120 2445 μέγας
1145 2389 1318 2444 Ἀγρός,
1357 2389 1545 2444 privatus

81 2447 261 2502 regionis
291 2448 416 2488 locus.
487 2447 701 2503 Sigrianos
731 2454 893 2490 montes
937 2449 977 2488 in
1018 2449 1109 2489 Asia
1151 2449 1260 2488 locat
1289 2446 1471 2486 Ortelius
1503 2445 1546 2484 in

81 2504 225 2544 lexico.
282 2509 433 2544 auctor
461 2504 571 2544 vitae
590 2504 869 2558 Theophanis,
898 2511 995 2559 post
1024 2506 1110 2546 eius
1141 2505 1181 2544 in
1213 2503 1366 2543 dictam
1394 2501 1546 2542 urbem

82 2560 326 2616 Cyzicenam
364 2561 613 2601 adventum:
642 2561 702 2600 ad
727 2576 946 2616 magnum,
976 2563 1124 2616 inquit,
1154 2573 1285 2599 senem
1311 2558 1546 2613 rediic,qu1.

79 2617 197 2671 apud
219 2616 296 2671 Sig
272 2618 455 2656 ‹vianem
482 2617 657 2670 degebat
690 2618 735 2657 in
780 2618 996 2672 oppidulo,
1025 2627 1105 2658 etc
1137 2616 1265 2655 infra.
1294 2615 1358 2654 ad
1379 2613 1547 2667 Sigria-

80 2687 158 2712 nae
187 2682 359 2713 montem
389 2676 599 2739 pervenit·
628 2673 807 2714 eundem
822 2674 1115 2714 Constantinus
1144 2671 1546 2735 Porpiiyrogenneta

80 2728 203 2768 titulo
234 2744 327 2783 cap.
360 2730 411 2770 25
452 2728 502 2769 de
551 2728 781 2770 administr.
813 2730 912 2783 imp.
958 2737 1000 2770 et
1027 2729 1187 2769 Nicetas
1215 2725 1443 2779 Σιγριανῆς
1470 2724 1546 2778 τῆς

77 2783 297 2839 λεγομένης
323 2786 454 2839 μονῆς
484 2782 669 2839 οἰκιστὴν
699 2786 740 2826 in
771 2786 1020 2842 ignatiivita
1053 2790 1285 2837 nuncupat.
1314 2797 1440 2838 quem
1471 2796 1545 2822 ve-
