1728 3184
662 192 862 237 NOTAE,
1400 190 1497 239 379

34 316 156 407 ‘tizam
184 321 304 374 more
331 307 504 351 domum
534 312 719 348 erectam
751 306 920 361 publica
954 307 1197 348 celebritate
1224 306 1499 362 καθιέρωσεν,

35 489 76 530 ἆ·
113 373 271 534 “giga-⁹
319 429 385 472 15.
449 425 687 484 Διόσκορος
724 425 795 484 ἔτι]
842 427 901 483 ε’]
943 429 1216 471 Ecchelleusis
1262 445 1390 472 annos
1433 427 1499 484 14,

65 504 121 531 nes
197 518 209 528 .
1074 498 1077 500 ’

167 553 282 598 Ibid.
310 553 380 594 ⁷18.
434 553 511 593 τοῦ
527 552 738 605 βασιλέως
758 553 939 606 κρατῶν]
969 568 1020 594 eo
1053 553 1168 610 quod
1197 568 1333 609 nuper
1361 569 1502 607 παρα·

34 606 307 653 δυναστεύων
322 609 369 651 ἐν
387 613 475 656 τοῖς
489 609 732 661 βασιλείοις,
761 616 804 649 et
826 623 969 651 rerum
991 610 1178 651 omnium
1196 625 1395 651 summam
1424 611 1501 652 ad-

25 667 276 709 ‘ministrare
303 667 356 707 sit
385 666 535 706 dictus.

165 734 279 779 [bid.
318 733 387 777 21.
455 730 677 786 καθαρούς
720 726 875 786 ἄρτους
912 730 1156 773 ἀπέστειλεν
1194 731 1405 786 εὐλογίαν]
1448 734 1501 775 de

39 790 204 846 eulogia
247 789 416 846 publica
460 789 624 830 minuto
679 790 876 830 ecclesiae
915 796 1202 841 sacramento,
1239 791 1364 844 vulgo
1394 805 1502 844 pane

36 847 286 897 benedicto,
331 845 464 887 nullus
505 845 572 885 hic
608 859 775 886 sermo:
827 852 1036 886 tractatur
1075 846 1239 887 abunde
1289 847 1342 887 ab
1374 848 1503 887 Alba-

37 905 208 959 spinaeo
245 902 316 944 lib.
361 906 382 946 1
428 902 593 942 observ.
628 902 727 942 eccl.
768 902 952 942 Baronio
994 902 1047 942 ad
1093 918 1158 946 an.
1188 901 1272 943 313
1318 910 1360 943 et
1402 903 1502 943 aliis.

35 961 244 1015 privatam
272 958 341 999 hic
370 958 486 999 locus
515 965 748 1008 memorat,
787 973 911 1013 quam
936 959 1048 999 ultro
1087 959 1283 1015 citroque
1317 958 1418 1000 dare
1460 966 1504 1000 et

37 1017 231 1071 accipere
255 1015 451 1056 solebant.
478 1014 614 1065 amici,
650 1015 823 1055 maxime
853 1015 1062 1070 praesules
1090 1015 1307 1068 ecclesiae,
1338 1016 1380 1055 in
1409 1029 1505 1056 mu-

36 1081 134 1115 tuae
161 1071 375 1114 charitatis
404 1078 707 1126 argumentum.
767 1086 813 1111 ea
844 1071 960 1125 panis
994 1077 1097 1122 erat,
1124 1073 1175 1112 de
1204 1087 1286 1127 qua
1310 1072 1505 1112 Paulinus

40 1130 93 1170 ad
120 1131 322 1170 Severum
349 1127 466 1183 epist.
499 1127 535 1167 1.
601 1142 757 1183 panem
801 1142 1053 1183 campanum
1092 1128 1143 1168 de
1181 1129 1333 1169 cellula
1360 1138 1507 1169 nostra

38 1187 113 1227 tibi
137 1199 216 1240 pro
246 1185 411 1238 eulogia
452 1185 647 1225 misimus.
714 1183 765 1223 ad
797 1184 1069 1237 Augustinum
1109 1184 1227 1238 epist.
1261 1183 1330 1225 41.
1351 1198 1507 1240 panem

37 1256 159 1283 uuum
185 1256 300 1297 quem
328 1241 606 1280 unanimitatis
636 1240 790 1280 indicio
818 1242 998 1280 misimus
1027 1242 1220 1281 charitati
1247 1250 1357 1292 tuae,
1386 1254 1507 1294 roga-

40 1314 127 1339 mus
154 1297 392 1352 accipiendo
422 1297 645 1339 benedicas.
704 1296 756 1336 ad
787 1297 1090 1337 Romaniauum
1123 1297 1241 1351 epist.
1268 1296 1338 1337 45.
1358 1311 1508 1352 panem

38 1368 161 1396 uuum
185 1354 395 1393 sanctitati
421 1361 511 1392 tuae
542 1353 705 1393 unitatis
743 1354 884 1406 gratia
914 1355 1111 1404 misimus,
1137 1355 1239 1393 Iumc
1255 1367 1405 1408 panem
1433 1367 1506 1393 eu-

37 1412 194 1465 logiam
222 1423 305 1449 esse
332 1419 376 1448 tu
405 1407 543 1464 facies
579 1409 818 1462 dignatione
852 1411 1112 1464 suscipientis.
1166 1409 1307 1463 plures
1336 1423 1507 1464 quoque

37 1469 91 1508 ab
131 1465 282 1507 eodem
323 1471 372 1505 ut
411 1481 435 1505 a
474 1465 673 1505 Flaviano
718 1466 857 1506 missos
898 1465 1066 1520 legimus
1108 1465 1160 1505 ad
1204 1466 1508 1506 Romanianum

37 1523 274 1578 praefatum
302 1521 420 1575 epist.
459 1520 530 1562 46.
586 1537 635 1562 ne
672 1537 843 1561 vacuum
868 1523 1097 1571 fraternae
1134 1523 1388 1562 humanitatis
1416 1520 1509 1574 offi-

36 1581 144 1626 ciam
172 1579 384 1619 videretur
412 1577 467 1617 de
497 1578 720 1619 buccellato
755 1577 1009 1618 Christianae
1040 1579 1327 1633 expeditionis,
1359 1579 1404 1617 in
1434 1591 1509 1618 cu-

38 1637 100 1677 ius
113 1636 324 1690 procinctu
342 1635 521 1690 quotidie
538 1635 600 1675 ad
619 1634 882 1688 frugalitatis
904 1650 1104 1675 annonam
1117 1636 1353 1686 militamus,
1376 1647 1513 1690 panes

40 1693 215 1747 quinque
259 1691 336 1731 tibi
372 1692 538 1746 pariter
574 1699 614 1731 et
635 1691 742 1746 filio
784 1700 916 1731 nostro
946 1692 1124 1732 Licentio
1166 1692 1366 1731 misimus.
1422 1703 1514 1730 mos

40 1749 150 1789 idem
178 1746 288 1803 apud
322 1747 598 1802 Augustinum
636 1747 883 1788 observatur
928 1748 1044 1802 epist.
1085 1743 1141 1788 34
1182 1747 1236 1787 ad
1278 1746 1514 1798 Paulinum,

41 1805 299 1858 Gregorium
324 1818 480 1858 papam
507 1803 576 1843 lib.
595 1802 622 1844 9
654 1804 773 1857 epist.
787 1800 856 1853 42,
890 1805 1088 1844 Ioannem
1118 1803 1338 1844 Moschum
1367 1803 1515 1843 Limo-

46 1861 155 1901 narii
181 1875 272 1916 cup.
294 1856 363 1912 42,
388 1861 643 1914 Gregorium
663 1861 952 1901 Turonensem
981 1861 1051 1901 lib.
1066 1860 1130 1913 10,
1157 1860 1249 1900 hist.
1282 1859 1516 1899 Aldelmum

45 1918 97 1958 de
126 1916 237 1956 laud.
274 1917 378 1972 virg.
418 1930 509 1971 cap.
538 1917 614 1970 21,
653 1923 750 1958 ante
790 1931 895 1972 quos
937 1931 1078 1957 omnes
1107 1915 1303 1969 εὖλογιάς
1331 1914 1515 1967 διαπέμ-

46 1974 217 2027 πεσθαι,
247 1979 380 2026 prout
408 1973 715 2014 Chalcedonem
740 1988 868 2027 panes
909 1988 1005 2014 suos
1032 1973 1251 2014 Flavianus
1280 1971 1514 2023 destinavit,

49 2029 216 2070 concilii
243 2028 495 2069 Laodicaeni
526 2043 661 2070 canon
697 2028 749 2070 13
781 2030 982 2070 meminit.

160 2099 255 2146 151,
275 2100 311 2139 1.
360 2092 546 2148 ἐδήλωσε
572 2097 740 2149 χρυσᾶς
764 2096 957 2149 εὐλογίας
990 2097 1144 2152 ζητεῖν]
1174 2096 1358 2136 alludens
1390 2094 1515 2136 indu-

45 2153 117 2195 bie
150 2153 202 2192 ad
232 2152 334 2192 illud
364 2153 389 2191 2
432 2153 530 2192 Cor.
557 2151 597 2206 9,
626 2168 711 2208 quo
753 2154 972 2194 collectam
1001 2154 1188 2194 fidelium
1208 2153 1516 2202 liberalitatem,

45 2216 90 2251 et.
118 2208 445 2249 munificentIam
485 2208 527 2249 in
571 2209 671 2250 alios
717 2209 1044 2252 distribuendam
1072 2209 1225 2251 Paulus
1258 2216 1383 2250 vocat
1408 2203 1516 2249 irot-

50 2280 136 2320 μην
158 2262 366 2318 εὐλογίαν.

156 2336 249 2383 152,
277 2328 319 2372 4.
377 2331 613 2384 α’ναγκαάος
652 2326 744 2386 εἶχε
782 2330 855 2374 τὸν
895 2330 1186 2389 πραιπόσιτον]
1228 2341 1425 2388 tanquam
1451 2343 1515 2370 se·

44 2395 263 2444 questrum
290 2394 332 2429 et
370 2389 554 2430 medium
603 2389 714 2431 inter
741 2391 967 2431 foeminam
1011 2398 1053 2432 et
1081 2391 1206 2442 viros,
1237 2405 1334 2430 cum
1364 2386 1514 2442 quibus

44 2448 98 2487 de
126 2446 187 2487 rei
217 2446 448 2486 communis
466 2445 639 2498 negotiis
668 2454 761 2487 erat
788 2453 1004 2488 tractatus.
1062 2444 1132 2487 ὑπ’
1165 2447 1298 2500 ἐκείνῃ
1326 2441 1410 2496 γάρ
1440 2433 1515 2482 οὗ·

42 2515 115 2550 τος
143 2499 345 2543 ἐτάττετο.
377 2497 453 2542 ἅτε
484 2501 535 2554 δὴ
557 2502 818 2559 ἐφισταμένῃ
848 2508 935 2551 τοῖς
972 2501 1206 2557 πράγμασι.
1265 2503 1349 2556 ipsi
1378 2511 1516 2538 rerum

43 2572 250 2598 summam
281 2558 593 2599 administranti
616 2562 811 2613 proxime
836 2561 983 2601 aderat
1006 2561 1273 2616 praepositus,
1305 2551 1516 2609 ἀνδρόγυ-

44 2615 116 2662 rog
144 2629 292 2655 rerum
323 2622 531 2669 expertus.

159 2679 252 2731 153,
282 2677 322 2721 4·
395 2680 646 2737 μᾶγιστρος]
689 2682 742 2724 de
768 2684 995 2738 magistro,
1028 2683 1113 2723 eius
1152 2694 1276 2733 supra
1317 2676 1517 2732 patricios

46 2734 258 2790 dignitate,
290 2744 333 2778 et
360 2739 412 2777 ad
445 2739 747 2792 imperatorem
778 2755 902 2794 quam
930 2740 1067 2779 vicina
1098 2737 1226 2776 multa
1258 2735 1383 2776 docte
1398 2747 1517 2797 ὀοῐξ-

19 2793 156 2846 xgerit
183 2794 411 2836 Mem-sius:
452 2809 537 2836 non
577 2795 715 2850 placet
749 2804 889 2838 autem
930 2796 1001 2836 ubi
1044 2794 1293 2835 vocabulum
1333 2790 1518 2831 solitarie
