1768 3268
271 225 362 270 172
487 223 768 268 ANASTAsu
810 225 1067 267 HlSTORlA
1095 220 1505 265 ECCLESIASTICA

374 338 534 381 Eodem
565 355 673 381 anno
691 341 843 381 Abidus
863 341 1042 380 Arabum
1067 344 1240 393 praetor
1269 331 1461 375 adversus
1492 334 1726 374 Armeniam

266 396 490 438 exercitum
519 399 676 449 movit,
707 398 777 453 qui
819 402 1060 437 consecutus
1091 394 1351 435 Maurianum
1385 398 1626 445 praetorem
1659 392 1724 430 in..

265 458 423 549 secutdns
452 458 511 493 est
534 467 630 495 eum
653 468 782 510 usque
811 454 861 495 ad
892 455 1116 493 Caucaseos
1144 455 1316 500 montes,
1345 453 1389 489 et
1408 447 1621 502 regionem
1650 447 1726 488 de..

262 523 364 564 prae
395 515 485 550 atus
514 514 586 550 est.

374 599 494 639 Anno
526 597 692 652 imperii
720 596 950 636 Constantis
996 595 1045 636 13
1076 593 1291 650 praecepit
1320 591 1508 633 Manhias
1540 598 1726 632 armatu-

264 670 353 695 ram
395 655 488 695 fieri
519 654 685 694 navium
722 667 931 707 magnam,
973 666 1056 706 quo
1102 650 1340 691 ascenderet
1382 648 1529 689 urbem
1569 649 1726 702 regiam

264 711 394 750 classis
424 725 582 751 eorum.
643 709 773 749 omnis
798 716 934 749 autem
964 713 1184 763 apparatus
1212 705 1324 760 apud
1342 704 1551 759 Tripolim
1583 706 1726 745 Phoe-

265 767 397 807 niciae
429 766 690 807 consistebat.
723 780 868 805 verum
898 765 978 805 boc
995 765 1081 804 viso
1114 763 1196 804 duo
1227 764 1377 803 fratres
1412 760 1581 817 quidem
1600 762 1726 802 Chri-

263 824 314 863 sti
343 823 475 874 amici,
504 822 674 876 Tripoli,
707 827 940 872 manentes,
981 821 1051 860 filii
1088 819 1346 860 bucinatoris
1383 818 1609 869 cuiusdam,
1638 817 1725 858 zelo

264 878 329 919 dei
359 879 528 919 sauciati
550 879 601 919 ad
630 892 838 918 carcerem
867 877 1040 917 civitatis
1070 891 1164 916 cnm
1193 876 1354 929 impetu
1383 874 1592 918 abierunt.
1649 873 1727 913 ha-

262 935 387 976 bebat
416 941 553 975 autem
586 933 892 974 multitudinem
917 934 1204 973 Romanorum
1234 930 1556 982 vinculatorum,
1589 936 1631 972 et
1660 931 1726 970 di-

265 991 398 1045 ruptis
427 992 559 1045 portis
588 990 819 1044 vinctisque
858 990 999 1029 solutis
1047 990 1088 1029 in
1127 988 1301 1028 amiram
1338 988 1568 1028 irruerunt.
1639 1001 1725 1042 quo

263 1053 480 1102 perempto
522 1061 602 1087 una
642 1060 737 1086 cum
770 1045 830 1086 his
861 1047 931 1100 qui
974 1060 1068 1086 cum
1097 1059 1146 1086 eo
1177 1050 1309 1098 erant,
1336 1050 1728 1098 praeparaturaque

266 1103 379 1144 omni
411 1103 496 1158 igni
526 1101 739 1151 mandata,
782 1102 823 1141 in
855 1102 1101 1143 Romaniam
1128 1101 1291 1156 navigio
1324 1101 1594 1142 transierunt.
1638 1114 1726 1153 ‘ve-

266 1166 498 1200 rumtamen
538 1173 614 1199 nec
652 1159 710 1199 sie
751 1157 807 1197 illi
848 1159 898 1198 ab
940 1159 1082 1199 eadem
1109 1164 1417 1213 praeparatura
1448 1155 1730 1197 construenda

267 1221 536 1256 cessaverunt.
602 1214 671 1255 sed
713 1214 896 1255 Mauhias
940 1215 1107 1270 quidem
1128 1215 1281 1256 militat
1310 1219 1457 1254 contra
1485 1213 1727 1253 Caesaream

262 1272 563 1325 Cappadociae,
597 1269 826 1312 Abulathar
848 1285 949 1312 vero
980 1272 1148 1312 fabrum
1176 1271 1328 1313 navalis
1356 1267 1595 1311 structurae
1622 1284 1727 1309 con-

262 1328 407 1377 stituit,
441 1328 513 1382 qui
534 1328 700 1368 veniens
732 1327 773 1366 in
805 1329 942 1368 locum
969 1329 1175 1369 vocabulo
1205 1328 1429 1369 Foenicem
1461 1327 1624 1382 Lyciae,
1656 1325 1727 1365 uhi

135 1393 249 1439 p.529
264 1391 355 1424 erat
395 1384 592 1424 Constans
633 1385 865 1439 imperator
901 1390 1028 1440 atque
1071 1385 1291 1425 Romaicus
1331 1384 1482 1434 stolus,
1525 1382 1729 1422 navaliter

263 1454 358 1480 cum
389 1455 438 1480 eo
462 1440 673 1495 pugnavit.
731 1455 910 1496 cumque
938 1442 1128 1482 futurum
1159 1447 1263 1482 esset
1294 1446 1342 1481 ut
1369 1441 1601 1494 imperator
1633 1453 1729 1478 cum

261 1497 348 1550 ipso
381 1497 541 1551 navigio
559 1496 848 1551 praeliaretur,
882 1499 1194 1553 contemplatur
1220 1505 1344 1538 nocte
1373 1496 1440 1536 illa
1474 1496 1618 1546 visum,
1646 1509 1729 1535 esse

259 1552 453 1593 videlicet
493 1554 603 1606 apud
628 1553 963 1595 Thessalonicen.
1035 1569 1170 1610 porro
1205 1554 1397 1593 narravit
1427 1552 1592 1592 cuidam
1622 1565 1727 1591 con-

261 1609 410 1649 iectori
438 1610 694 1650 somniorum
732 1612 1040 1666 expergefactus
1080 1612 1294 1661 visionem,
1328 1609 1401 1665 qui
1430 1609 1489 1648 ait
1516 1608 1729 1664 “impera-

263 1671 346 1715 tor,
378 1665 533 1704 utinam
562 1680 637 1706 nec
666 1666 884 1708 dormisses·
909 1682 986 1707 nec
1014 1667 1222 1707 somnium
1249 1663 1615 1720 aspexissesz'nam
1647 1678 1729 1705 esse

261 1721 571 1762 Thessalonicae
583 1722 657 1770 θὲς
684 1716 795 1779 ἄλλῳ
821 1724 938 1777 νίκην
961 1724 1113 1774 innuit,
1139 1724 1256 1779 quod
1278 1723 1598 1777 interpretatur,
1616 1735 1730 1775 pone

264 1777 332 1816 alii
360 1778 577 1818 victoriam
597 1809 608 1830 ‚
638 1778 679 1819 id
710 1787 769 1820 est
799 1778 850 1819 ad
881 1780 1095 1821 inimicum
1125 1786 1246 1820 tuum
1285 1780 1466 1820 victoria
1511 1779 1731 1819 vertitur.''

262 1848 357 1874 sane
387 1834 615 1887 imperator
655 1835 753 1875 nihil
783 1836 994 1877 inveniens
1036 1838 1088 1878 ad
1129 1837 1332 1892 praelium
1362 1835 1513 1875 navalis
1542 1847 1729 1889 pugnae,

264 1891 547 1930 Romanorum
575 1891 713 1932 classes
741 1895 996 1945 praestruxit
1017 1894 1068 1934 ad
1098 1894 1264 1934 bellum.
1323 1892 1471 1948 quibus
1499 1891 1540 1930 in
1569 1892 1729 1930 alteru-

263 1952 372 1986 tram
402 1946 653 1988 irruentibus
682 1956 933 2002 superantur
960 1951 1151 2002 Romani,
1179 1956 1222 1990 et
1249 1948 1519 1989 commixtum
1552 1947 1731 1987 efficitur

263 2017 380 2042 mare
410 2003 601 2058 sanguine
624 2005 922 2045 Romanorum.
991 2007 1128 2048 induit
1156 2014 1296 2047 autem
1338 2005 1574 2059 imperator
1603 2003 1733 2043 alium

264 2065 376 2098 veste
404 2073 486 2109 sua,
520 2066 561 2100 et
592 2061 769 2101 insiliens
803 2062 1040 2116 praedictus
1073 2063 1178 2103 filius
1212 2062 1470 2103 bucinatoris
1501 2060 1541 2099 in
1577 2060 1734 2114 regiam

262 2114 454 2168 scapham
501 2116 793 2170 imperatorem
835 2125 1053 2173 arreptum
1079 2126 1121 2160 et
1153 2120 1193 2160 in
1224 2119 1345 2159 aliam
1367 2117 1504 2158 navim
1534 2117 1732 2157 transdu-

263 2176 377 2236 ctum
406 2171 621 2236 inopinate
651 2174 837 2219 salvavit.
894 2190 1028 2230 porro
1061 2176 1148 2231 ipse
1178 2175 1423 2216 fortissimus
1454 2173 1635 2213 viriliter
1665 2173 1732 2212 in..

263 2234 403 2293 Sistens
445 2229 735 2282 imperatoriae
775 2230 867 2271 navi
896 2234 1048 2273 multos
1091 2232 1258 2284 occidit,
1288 2231 1420 2271 morti
1442 2235 1570 2270 semet
1600 2229 1735 2284 ipsum

264 2298 344 2336 pro
375 2290 629 2337 imperatore
659 2288 915 2328 contradens.
984 2289 1096 2329 hunc
1133 2296 1354 2343 praeterea
1381 2287 1518 2327 hostes
1550 2287 1735 2325 circnm—

264 2340 404 2378 dantcs
432 2347 473 2380 ct
502 2341 542 2380 in
574 2341 710 2382 medio
739 2345 962 2384 retinentes
995 2346 1200 2399 putabant
1228 2345 1362 2399 ipsum
1389 2357 1470 2384 esse
1502 2343 1732 2396 imperato·

266 2410 365 2446 rmn-
424 2404 646 2452 postquam
684 2405 821 2440 autem
859 2401 1010 2441 multos
1056 2403 1358 2443 interfecerunt
1385 2399 1536 2448 hostes,
1568 2398 1735 2438 occide-

267 2459 364 2514 runt
394 2461 435 2493 et
485 2454 618 2507 ipsum
661 2469 742 2495 una
772 2471 869 2496 cum
900 2471 949 2497 eo
983 2459 1052 2512 qui
1083 2459 1284 2512 portabat
1313 2463 1467 2497 vestem
1498 2457 1732 2509 imperato..

134 2524 170 2559 p.
186 2514 252 2549 530
270 2523 383 2552 riam.
442 2516 501 2549 ast
532 2509 762 2564 imperator
789 2512 929 2553 taliter
958 2512 997 2552 in
1025 2514 1166 2567 fugam
1194 2530 1333 2556 versus
1360 2513 1555 2562 salvatur,
1585 2517 1627 2552 et
1658 2509 1731 2551 de-

269 2563 416 2604 relictis
437 2566 626 2607 omnibus
656 2569 865 2623 navigavit
879 2570 1298 2625 Constantinopolim.

378 2652 495 2693 Anno
539 2653 704 2709 imperii
734 2657 968 2697 Constantis
1013 2657 1065 2697 14
1095 2660 1193 2699 dolo
1225 2665 1391 2699 necatus
1428 2665 1488 2699 est
1517 2656 1729 2696 Huthman

269 2707 464 2772 Arabum·
483 2709 587 2763 dux,
624 2726 718 2751 cum
760 2712 907 2752 amiras
944 2712 1086 2753 decem
1125 2717 1263 2756 fuisset
1305 2716 1435 2756 annis.
1494 2715 1540 2754 fit
1571 2714 1731 2752 interea

267 2761 495 2828 perdue11u3
524 2765 565 2804 in
583 2767 718 2807 medio
741 2769 949 2822 ipsorum:
979 2778 1192 2826 quotquot
1225 2773 1334 2812 enim
1364 2786 1488 2825 penes
1519 2770 1733 2809 heremum

269 2825 401 2870 erant,
433 2819 496 2861 Ah
525 2821 721 2864 volebant
757 2825 1068 2878 consobrinum,
1096 2842 1294 2881 generum
1324 2829 1565 2870 existentem
1594 2838 1734 2881 quon-
