1768 3268
551 215 621 257 Ex
666 213 1014 256 THEOPHANE.
1376 240 1382 243 ι
1465 203 1530 254 47

55 333 106 373 rii
135 331 197 372 sui
241 331 441 372 festivitas
481 330 707 372 vicennalis
744 331 930 379 instaret,
965 342 1107 370 omnes
1137 335 1277 384 patres
1307 328 1359 369 ad
1389 327 1537 369 convi-

53 390 168 430 vium
194 394 334 438 vocat,
361 403 455 428 cum
481 389 559 428 illis
590 388 757 443 pariter
786 388 1058 435 convivatus;
1091 400 1196 442 quos
1227 386 1426 427 (lecenter
1456 385 1536 427 ho-

54 459 209 486 norans
237 445 465 499 Paphnutii
496 450 539 486 et
566 445 761 486 similium
781 445 1067 485 confessorum
1096 444 1204 496 loca,
1235 457 1283 483 ex
1313 443 1463 498 quibus
1491 441 1535 482 in

55 503 351 558 persecutione
390 502 503 542 oculi
547 502 716 543 fuerant
744 502 890 553 effossi,
926 500 992 542 vel
1023 500 1148 542 etiam
1178 506 1319 540 cetera
1347 499 1536 540 membra

54 564 256 601 truncata
286 558 567 610 osculabatur,
594 558 969 600 sanctificationem
1000 572 1048 599 ex
1078 558 1135 599 eis
1160 556 1412 598 lucrifacere
1439 570 1538 611 spc-

56 631 167 657 rans.
222 629 362 671 porro
401 615 562 657 libellos
595 629 700 671 quos
727 621 877 656 contra
915 614 1095 657 invicem
1125 613 1298 670 quidam
1328 627 1537 668 porrexe-

56 678 155 714 rant
183 672 270 728 igni
299 671 489 724 tradidit,
515 671 793 714 iureiurando
823 673 1005 724 firmam,
1033 672 1066 714 si
1099 671 1266 712 vidisset
1292 671 1535 725 episcopum
1550 676 1644 725 p.33

53 729 360 782 moechantem,
373 744 416 771 se
433 730 630 772 alacriter
641 728 753 771 hunc
765 730 1048 784 operiturum.
1061 729 1191 770 multa
1213 742 1386 784 quoque
1402 727 1536 767 omni·

51 788 133 828 bns
158 786 339 828 ecclesiis
367 787 479 828 dona
512 787 712 843 largituS,
742 786 1005 842 principibus
1035 785 1290 841 singularum
1320 785 1538 825 nationum

52 840 268 886 honorare
294 844 533 885 sacerdotes
551 844 857 899 praecipiebat,
880 851 923 885 et
951 844 1007 884 ita
1033 857 1174 884 omnes
1202 841 1429 898 gaudentes
1461 841 1539 881 ab-

53 902 198 942 solvit.
257 901 497 944 aedificavit
540 907 679 942 autem
711 901 1149 956 Constantinopolim,
1180 914 1263 954 qua
1293 913 1453 940 summa
1486 898 1537 938 li-
1552 908 1648 957 p,34
1670 909 1694 943 3

52 958 273 1000 beralitate
302 957 437 1000 ditata
468 959 509 998 in
540 957 769 999 illustribus
809 956 1002 999 domibus
1032 971 1101 999 eos
1133 957 1206 1013 qui
1232 955 1284 996 ab
1317 956 1426 996 urbe
1452 955 1539 996 Ro-

52 1031 122 1056 ma
148 1021 274 1057 erant
303 1016 386 1056 viri
416 1014 687 1056 rationabiles
717 1014 969 1064 collocavit;
997 1021 1041 1056 et
1068 1029 1119 1056 ex
1140 1014 1228 1054 aliis
1256 1012 1357 1053 locis
1387 1026 1537 1054 secun..

53 1071 154 1114 dum
183 1086 312 1128 genus
351 1071 529 1128 eligens,
558 1079 602 1114 et
634 1071 782 1113 domos
814 1086 982 1128 magnas
1012 1072 1068 1113 eis
1099 1071 1312 1121 tribuens,
1342 1075 1390 1110 ut
1418 1069 1539 1110 habi-

52 1135 219 1171 taretur
249 1129 395 1171 civitas
422 1129 524 1184 egit.
599 1135 702 1171 tunc
747 1128 873 1171 etiam
904 1135 947 1170 ct
977 1128 1181 1184 templum
1207 1128 1252 1168 S.
1283 1126 1468 1181 Sophiae
1497 1131 1540 1167 et

51 1187 93 1227 S.
131 1186 313 1228 Eirenae
353 1192 395 1228 et
437 1185 730 1242 apostolorum
771 1191 814 1227 et
856 1186 902 1226 S.
935 1186 1065 1227 Mocii
1112 1190 1154 1226 et
1201 1183 1442 1238 archangeli
1473 1183 1539 1224 dei

52 1243 210 1284 amicus
252 1242 450 1298 princeps
499 1242 746 1284 aedificavit.
821 1247 927 1283 tnnc
957 1242 1144 1284 funditus
1172 1242 1332 1296 templo
1361 1240 1541 1294 Asclepii

52 1314 179 1355 penes
209 1300 337 1355 Aegas
366 1305 410 1342 et
442 1299 620 1341 Veneris
653 1299 695 1340 in
724 1299 906 1355 Aphacis
928 1300 1009 1341 sito
1038 1299 1269 1350 destructo,
1298 1304 1426 1353 atque
1454 1297 1541 1338 aliis

50 1357 190 1398 multis
218 1357 386 1407 eversis,
417 1356 571 1397 horum
604 1356 765 1397 reditus
798 1357 974 1398 donavit
1002 1356 1194 1398 ecclesiis.
1252 1362 1353 1396 tunc
1384 1355 1542 1395 multae

52 1421 196 1470 gentes
224 1413 278 1454 ad
303 1413 559 1468 baptismum
590 1427 800 1454 accessere
829 1414 1042 1455 miraculis
1070 1418 1201 1465 actae,
1234 1426 1342 1468 quae
1371 1417 1541 1467 patrata

50 1477 147 1512 sunt
176 1486 200 1511 a
230 1470 427 1526 captivis,
454 1469 765 1523 sacerdotibus,
799 1471 872 1526 qui
901 1471 1069 1512 fuerant
1096 1470 1172 1511 sub
1204 1469 1380 1510 Galieno
1408 1469 1541 1523 impe-

52 1535 199 1570 ratore
227 1528 457 1582 captivati3
488 1535 529 1568 et
558 1528 676 1583 prius
707 1528 879 1584 quidem
919 1543 967 1568 ex
998 1526 1149 1568 Gothis
1181 1532 1223 1566 et
1254 1525 1381 1567 Celtis
1410 1532 1540 1581 atque

53 1585 213 1627 Galatis
228 1585 528 1640 Hesperiarum
549 1584 754 1640 pai-tium,
778 1585 850 1640 qui
866 1592 1018 1626 contra
1030 1586 1243 1626 Romanos
1261 1585 1430 1624 fuerant
1447 1583 1538 1632 nisi,

51 1641 164 1683 nunc
194 1648 334 1683 autem
353 1647 395 1683 et
409 1641 485 1683 sub
510 1642 676 1682 victore
695 1642 974 1683 Constantino
993 1641 1173 1697 plurima
1190 1640 1418 1682 multitudo
1435 1654 1535 1694 gen·
1548 1664 1583 1699 p,
1598 1652 1645 1687 35

51 1699 157 1740 tium
175 1699 427 1740 inluminata
458 1706 521 1740 est
551 1698 604 1740 ad
622 1697 835 1739 Christum
859 1713 1130 1740 concurrens.
1162 1713 1258 1738 nam
1286 1704 1328 1739 et
1359 1696 1536 1738 interio-

50 1770 116 1798 res
147 1755 239 1797 Indi
270 1762 314 1797 et
341 1757 503 1807 Iberes,
538 1756 600 1796 uti
633 1756 806 1796 Rufinus
838 1757 1015 1807 scribit,
1058 1755 1250 1796 similiter
1279 1761 1322 1796 et
1347 1754 1535 1795 Armenii

51 1815 239 1868 perfecte
267 1813 343 1855 sub
372 1813 463 1867 ipso
497 1811 785 1863 crediderunt,
815 1812 1156 1867 pei-Teridatum
1183 1826 1324 1867 regem
1354 1817 1397 1852 et
1428 1812 1537 1852 Gre-

49 1871 217 1924 gorium
238 1870 484 1925 episcopum
514 1884 635 1910 suum
662 1870 839 1910 salutem
867 1871 1132 1924 accipientem
1190 1876 1292 1910 tnnc
1321 1875 1363 1910 et
1390 1868 1535 1908 Doro-

49 1927 168 1968 theus
199 1929 419 1982 episcopus
447 1927 578 1983 Tyri,
612 1926 684 1982 qui
724 1928 860 1968 multa
889 1928 964 1968 sub
993 1926 1263 1967 Diocletiano
1293 1924 1399 1966 mala
1432 1939 1533 1979 pcr-

47 1998 185 2038 pessus
213 1983 334 2024 exilia
353 1990 396 2024 et
428 1989 641 2025 tormenta
671 1983 921 2039 pertulerat,
951 1983 1153 2038 pollebat,
1183 1997 1405 2023 numerosa
1430 1975 1534 2022 scri-

49 2048 123 2095 pta
160 2041 383 2081 conficiens
421 2042 568 2082 Latina
610 2040 733 2081 simul
781 2045 823 2081 et
850 2043 1041 2092 Graeca,
1083 2040 1303 2096 utriusque
1334 2039 1532 2080 nimirum

50 2097 247 2138 dictionis
287 2111 374 2138 non
418 2098 627 2140 modicam
666 2097 967 2153 experientiam
1002 2104 1275 2148 consecutus,
1309 2103 1352 2138 et
1382 2096 1534 2136 multa·

49 2169 146 2196 rum
190 2169 270 2210 per
308 2154 522 2210 ingenium
562 2169 706 2195 rerum
749 2169 901 2208 gnarus
943 2153 1127 2195 effeetus.
1199 2154 1269 2196 hic
1310 2152 1533 2208 diligenter

49 2212 176 2252 etiam
204 2225 333 2266 snper
362 2211 567 2267 episcopis
608 2211 799 2267 Byzantii
842 2226 890 2252 ac
924 2212 1117 2253 ›aliorum
1145 2211 1380 2252 multorum
1411 2210 1531 2250 loco-

3 2280 14 2286 “
50 2282 147 2308 rum
175 2267 399 2309 historiam
428 2269 597 2319 texuit3
635 2269 707 2323 qui
738 2275 781 2310 et
808 2269 850 2309 in
880 2269 1043 2324 synodo
1077 2274 1269 2323 repertus
1302 2273 1376 2318 est,
1406 2273 1448 2307 et
1479 2265 1529 2305 ad
1544 2275 1638 2320 p..36

47 2325 268 2380 propriam
297 2324 546 2380 parochiam
567 2329 601 2376 *)
628 2340 814 2366 remeans
834 2325 1084 2381 perduravit
1101 2340 1231 2380 usque
1260 2324 1314 2365 ad
1342 2325 1531 2377 refugam

47 2381 264 2422 Iulianum.
341 2387 383 2422 et
414 2382 615 2437 quoniam
645 2396 729 2422 non
770 2383 987 2423 manifeste
1014 2382 1085 2422 sed
1112 2382 1279 2423 occulte
1312 2395 1391 2435 per
1421 2378 1528 2420 iudi·

47 2452 112 2479 ces
141 2438 384 2480 execrabilis
412 2439 479 2479 vir
507 2439 549 2479 in
575 2438 834 2479 Christianos
864 2439 1219 2490 debacchabatur,
1249 2438 1402 2478 iterum
1431 2436 1531 2476 bea-

49 2500 113 2534 tus
146 2496 392 2536 Dorotheus
422 2495 563 2550 pergit
593 2495 915 2551 Odyssopolim,
946 2497 1019 2536 ubi
1057 2503 1098 2537 et
1138 2493 1463 2550 comprehensus
1506 2508 1530 2532 a

49 2550 252 2594 iudicibus
280 2553 452 2603 Iuliani,
495 2553 720 2608 multisque
747 2553 919 2594 affectus
962 2553 1207 2594 verberibus
1224 2583 1235 2603 ‚
1265 2551 1306 2591 in
1334 2564 1530 2605 suprema

92 2674 126 2719 *)
148 2673 375 2722 parochiam]
420 2676 630 2719 παροικίαν
657 2674 807 2722 quidam
834 2674 988 2714 malunt,
1018 2674 1234 2720 paroeciam.
1290 2671 1355 2707 sed
1389 2675 1528 2719 promi-

138 2732 224 2755 scue
251 2727 447 2768 utrumque
473 2728 679 2767 usurpatur.
731 2724 855 2757 Avitus
867 2723 1087 2756 Viennensis
1116 2734 1171 2767 ep.
1197 2720 1266 2755 90:
1292 2722 1329 2755 in
1356 2723 1529 2767 parochia

140 2768 339 2814 Eponensi.
390 2769 616 2816 Epiphanius
641 2770 819 2805 scholast.
845 2772 946 2817 Trip.
975 2772 991 2804 l
1023 2770 1084 2804 14:
1114 2770 1152 2803 in
1177 2774 1300 2802 nostra
1326 2770 1437 2814 igilur
1461 2782 1528 2816 pa-

140 2816 275 2851 rochia.
328 2817 423 2851 idem
466 2824 588 2853 tamen
623 2819 853 2864 frequentius
877 2819 1080 2864 paroeciam
1107 2818 1227 2860 vertit,
1253 2822 1294 2851 ut
1323 2818 1345 2852 2
1373 2819 1417 2851 12
1445 2825 1481 2853 et
1504 2815 1529 2851 4

142 2865 200 2907 24,
223 2865 246 2900 5
270 2864 317 2901 28
343 2872 380 2899 et
404 2864 462 2909 34,
491 2867 533 2902 12
558 2867 625 2910 22;
660 2866 772 2913 idque
803 2868 933 2900 rectius
961 2872 1025 2910 est.
1075 2865 1183 2900 Fun.
