1768 3268
578 203 647 247 Ex
690 203 1014 250 mci-:mono
1055 204 1139 249 (ΞΡ.

170 326 344 380 expulit.
373 321 601 379 Pompeius
624 338 725 364 vero
740 324 825 363 Ro-

172 394 317 423 manus
345 381 490 423 consul
510 382 824 435 confugientem

171 440 226 480 ad
263 455 306 480 se
344 439 588 495 Hyrcanum
627 437 827 487 restituit,

168 496 244 536 sub
269 511 356 552 quo
373 496 513 538 ludaei
532 496 824 536 Romanorum

170 553 387 594 tributarii
433 553 530 594 facti
560 558 670 594 sunt.
729 562 825 591 nam

166 608 436 651 aristobolus
467 608 639 667 quidem
660 608 826 650 vinctus

167 668 309 708 missus
338 673 399 709 est
427 667 608 708 Romam
643 682 666 706 a
693 662 826 707 Pom*

165 723 279 779 peio,
301 724 520 781 Hyrcaniis
551 737 655 765 vero
685 723 824 778 capti-

166 795 241 821 vus
282 781 432 822 ductus
472 787 533 822 est
572 794 596 821 a
633 780 822 827 Parthis;

164 837 400 894 Antigonus
431 846 572 879 antem
589 836 822 879 Aristoboli

164 900 207 936 et
236 896 247 936 i
281 910 324 936 se
353 895 599 938 interfectus
632 900 704 936 est.
725 892 794 935 32.

108 906 315 994 Ananalus
345 952 588 1009 alienigena,
612 952 684 1010 qui
717 965 823 992 con-

165 1010 338 1051 stitutus
370 1017 430 1051 est
464 1011 517 1052 ab
535 1008 722 1057 Herode,
753 1008 821 1051 33.

6 1061 380 1108 -753Aristobolus
445 1068 551 1108 filius
607 1067 821 1123 Hyrcani,

164 1138 291 1180 quem
304 1124 520 1166 interemit
531 1123 735 1176 Herodes,
746 1138 821 1182 ge-

165 1195 244 1222 ner
269 1182 551 1237 alienigenae,
582 1181 651 1227 34.

105 1238 315 1279 Ananelus
358 1239 513 1280 iterum
549 1238 734 1280 seeundo
767 1241 820 1282 ab

163 1295 336 1337 Herode
363 1296 650 1347 constituitur,
685 1297 752 1338 35.

103 1349 252 1449 Siiggn
280 1351 434 1406 Bochi,
469 1367 593 1394 socer
621 1351 818 1404 Herodis,

104 1466 299 1507 Matthias
327 1461 554 1521 Theophili
585 1465 652 1508 37.

102 1523 250 1564 Ioazur
275 1522 406 1564 affinis
421 1521 617 1577 Herodis,
632 1523 709 1565 sub
726 1539 814 1581 quo

154 1580 345 1621 Christus
375 1587 494 1622 natus
526 1589 600 1633 est,
629 1580 699 1623 38.

97 1636 291 1690 Oleazar,
320 1640 443 1691 lesus,
473 1638 616 1694 Osiae,
651 1640 812 1692 Ioazar,

151 1693 222 1736 40.

95 1763 278 1815 Ananus,
310 1760 387 1805 sub
407 1779 493 1820 quo
508 1763 698 1805 Christus
718 1778 812 1804 ma-

153 1818 325 1862 nifestus
355 1822 499 1876 eoepit
521 1821 810 1876 praedicatio-

152 1891 248 1918 nem
277 1885 320 1918 et
350 1878 465 1934 signa
480 1885 667 1933 patrare.
693 1881 809 1920 Ana-

149 1948 206 1976 no
255 1947 356 1976 vero
398 1939 556 1977 Gratus
594 1937 807 1977 Romanus

150 1992 347 2046 deposito
387 1994 606 2033 constituit
648 1993 803 2044 alium,

149 2046 432 2090 Hismahelum
463 2048 638 2099 scilicet,
667 2050 735 2091 41.

90 2102 268 2146 Eleazar
297 2104 405 2148 filius
439 2109 586 2158 Anam,
618 2107 689 2151 42.

90 2175 236 2215 Simon
257 2171 461 2231 CaypliaS‚
494 2179 537 2217 et
555 2175 702 2230 loseph
726 2189 801 2231 ge-

145 2247 223 2272 ner
237 2233 384 2274 Anaui.
431 2246 513 2288 per
527 2247 684 2273 annum
698 2247 799 2274 vero

143 2302 276 2328 unum
317 2295 359 2329 et
385 2292 520 2331 solum
551 2291 699 2331 summi
731 2307 798 2331 sa-

142 2345 366 2397 cerdotes,
413 2348 485 2403 qui
529 2349 632 2388 tune
660 2354 798 2401 erant,

143 2403 282 2444 effecti
310 2409 408 2443 sunt
437 2405 489 2445 ab
519 2403 581 2444 liis
614 2407 687 2462 qui
719 2408 795 2448 sub

141 2458 342 2501 Romanis
386 2466 550 2514 gentem
582 2464 794 2514 tenebant,

141 2531 237 2556 eum
286 2518 432 2558 venale
477 2517 634 2560 factum
665 2520 795 2561 fuerit

139 2574 421 2627 pontificium.
494 2576 681 2630 Ca‘iphas
713 2578 797 2618 ita·-

139 2645 220 2686 que
237 2633 421 2686 pontifex
454 2633 550 2672 anni
574 2635 706 2675 factus
736 2643 796 2675 est

140 2703 226 2742 quo
273 2690 408 2743 passio
453 2689 606 2731 Christi
648 2690 794 2733 effecta

138 2750 213 2784 est.
289 2744 404 2786 hunc
450 2762 546 2787 sane
605 2756 794 2790 removet

137 2800 331 2842 Vitellius
374 2805 571 2858 magister
614 2806 792 2847 militum

137 2853 438 2903 Romanorum.
467 2857 536 2901 43.

1544 199 1604 250 19

890 323 1084 363 lonathes
1115 324 1263 375 Anani,
1293 321 1362 365 44.

889 379 1150 434 Theophilus
1197 381 1330 422 frater
1361 381 1447 423 eius
1478 396 1606 438 quem

946 437 1142 491 deposuit
1172 439 1395 493 Agrippas,
1426 435 1494 481 45.

890 495 1055 543 Simon,
1085 491 1157 535 46.

891 552 1111 592 lonatham
1153 551 1258 593 filius
1292 553 1425 592 Anani
1460 567 1603 594 sacer-

946 607 1067 648 dotio
1098 609 1238 649 denuo
1273 609 1495 665 fungentis,
1529 607 1602 651 47.

891 664 1085 706 lonathas
1100 663 1336 719 HelioneoS,
1374 667 1447 722 qui
1469 673 1510 708 et
1534 669 1605 708 lo-

945 722 1111 777 sephus,
1145 719 1218 764 48.

890 779 1082 831 Ananias,
1112 793 1238 835 quem
1270 778 1456 818 vinctum
1489 782 1607 834 Qna·

945 834 1088 876 (Iratus
1118 838 1298 877 Romam
1334 834 1500 890 direxit,
1535 838 1605 878 49.

888 893 1127 942 lsmahelns,
1161 895 1229 934 50.

889 951 1086 1005 Iosephus
1127 967 1147 990 a
1181 953 1348 994 Nerone
1393 953 1604 993 constitu..

942 1015 1024 1058 tus,
1054 1008 1124 1048 51.

887 1066 1079 1115 Ananias,
1111 1066 1183 1121 qui
1215 1066 1372 1107 occidit
1400 1065 1604 1108 Iacobum

942 1122 1119 1163 fratrem
1132 1122 1318 1175 Domini,
1332 1124 1487 1181 cuique
1496 1124 1605 1164 Pau-

944 1180 1004 1219 lus
1033 1178 1137 1220 dixit
1165 1181 1404 1237 “percutiet
1431 1188 1474 1222 te
1490 1181 1604 1235 deus,

941 1236 1080 1291 paries
1097 1236 1333 1278 dealbate.”
1390 1237 1504 1278 hunc
1535 1253 1599 1279 se-

944 1291 1106 1334 cundus
1123 1295 1308 1351 Agrippa
1339 1295 1535 1347 removit,
1562 1297 1603 1335 in

943 1350 1164 1392 obsidione
1206 1367 1309 1393 vero
1341 1351 1605 1394 Hierusalem

943 1408 1103 1488 'occisus
1134 1414 1194 1450 est
1226 1425 1248 1449 a
1277 1409 1602 1465 contribulibus,

942 1464 1011 1504 οἱ).

884 1518 992 1561 lesus
1022 1522 1238 1577 Dumnaci,
1272 1520 1339 1563 53·

884 1577 993 1618 lesus
1027 1578 1243 1633 Gamaliel‚
1273 1575 1342 1620 54.

881 1635 1093 1691 Matthias,
1123 1637 1200 1676 snb
1236 1650 1323 1693 quo
1359 1636 1600 1679 Romanum

936 1690 1093 1734 bellum
1126 1693 1371 1734 inchoatum
1403 1700 1477 1747 est,
1510 1695 1578 1734 55.

878 1746 1082 1800 Phinees,
1115 1751 1201 1806 qni,
1235 1748 1336 1791 dnm
1370 1750 1597 1807 impugna-

934 1813 1058 1848 retur
1098 1808 1243 1848 civitas
1285 1804 1545 1849 Hierusalem
1576 1825 1599 1849 a

934 1863 1157 1919 Romanis,
1199 1871 1427 1920 promotus
1466 1873 1526 1904 est
1569 1882 1593 1907 a

931 1919 1165 1973 seditiosis;
1204 1923 1282 1963 sub
1342 1935 1430 1980 quo
1474 1922 1594 1964 Titus

933 1983 1056 2032 capta
1077 1980 1183 2019 urhe
1215 1986 1258 2020 et
1288 1978 1495 2036 templum
1527 1980 1592 2020 in-

932 2036 1087 2091 cendit,
1119 2034 1188 2081 56.

872 2132 932 2177 Et
958 2136 1031 2193 qui
1049 2136 1228 2190 ficerunt
1252 2135 1515 2195 patriarchae
1546 2141 1589 2180 ιἰι

966 2195 1229 2236 Hierusalem
1258 2211 1286 2237 a
1318 2197 1489 2237 Christo.

870 2292 1045 2337 lacobus
1079 2295 1213 2337 frater
1251 2294 1412 2337 domini
1455 2313 1584 2338 annos

925 2354 1113 2407 praefuit
1145 2348 1211 2397 96.

866 2410 1036 2450 Simeon
1082 2407 1258 2465 Cleopas
1304 2412 1581 2453 consobrinus

921 2467 1008 2507 eius
1044 2473 1086 2508 et
1115 2473 1282 2524 martyr
1322 2483 1453 2510 annos
1485 2468 1550 2510 23.

865 2524 1000 2564 Iustus
1031 2539 1162 2565 annos
1193 2523 1236 2564 6.

863 2581 1083 2622 Zacharias
1105 2597 1234 2622 annos
1265 2580 1305 2624 4.

863 2638 1018 2678 Tobias
1046 2652 1176 2679 annos
1209 2638 1247 2677 4.

862 2694 1080 2735 Beniamin
1114 2709 1243 2734 annos
1274 2695 1315 2735 9.

862 2753 1098 2793 Matthaeus
1129 2767 1258 2792 annos
1293 2753 1335 2792 2.

829 2808 1082 2863 'Philippus
1116 2823 1245 2848 annos
1278 2809 1316 2849 2.

863 2867 1019 2907 Seneca
1049 2880 1179 2906 annos
1204 2865 1242 2908 9.

1620 334 1657 375 p.
1676 324 1745 362 764

1590 2550 1626 2587 p.
1642 2541 1711 2577 765
