1728 3184
159 164 255 211 732

156 274 301 310 Phileas
327 271 511 363 Tlgmueas
549 274 742 321 episcopus
767 284 867 308 mar-

205 328 263 366 tyr
289 321 330 355 17

157 369 320 405 Philetus
346 369 523 403 Thraciae
547 369 621 404 dux
657 380 676 403 a
703 369 865 416 Bulgaris

205 419 346 452 occisus
374 417 456 460 718,
492 417 547 451 11.

155 466 386 513 Philippicus
400 466 569 500 Mauricii
592 473 644 500 'ex
663 476 787 500 sorore
800 478 863 512 ge-

204 526 272 550 ner
297 514 436 548 Orient.
461 513 536 548 dux
559 514 643 556 390,
674 513 730 549 17.
762 520 866 560 capta

202 564 365 604 Arsane,
399 573 504 607 aegra
551 561 763 597 valetudine
800 563 865 596 ΟΡ.

204 611 302 646 redit
325 610 408 653 391,
436 609 491 644 19.
547 611 680 645 Christi
707 611 864 656 imagine

202 671 279 695 non
307 659 517 694 manufacta
555 659 755 694 exercitum
784 671 865 693 mu..

202 708 332 750 niens,
368 708 503 753 insigni
535 707 688 742 victoria
721 709 865 753 potitur

202 756 287 798 393,
314 756 370 790 11.
392 768 488 790 vano
516 762 653 791 terrore
677 756 716 790 in
743 755 863 800 sugam

203 816 327 839 versus
350 803 432 848 395,
449 803 483 838 9.
515 804 684 838 Heraclio
713 804 865 838 Romani

203 853 384 888 exercitus
410 859 562 893 rectore,
577 852 642 886 CP.
672 851 768 886 redit
779 851 865 894 400,

202 902 237 936 2.
266 901 512 936 tumultuante
543 901 583 935 in
613 900 770 934 Priscum
799 912 865 934 ex-

202 950 328 992 ercitu,
365 950 497 984 iterum
541 947 615 982 dux
659 948 865 983 instituitur

201 997 284 1039 401,
315 997 369 1031 19.
394 1009 543 1031 munere
570 995 762 1030 abdicatur
780 996 865 1039 403,

204 1047 260 1081 12.
291 1046 338 1080 ob
357 1047 536 1080 initialem
563 1045 780 1080 nominissla
804 1058 866 1079 su-

202 1100 357 1177 igec‘tltlfi
375 1094 556 1177 Ἀὲαιιτῗξιξο
592 1093 750 1151 habetur
781 1093 866 1135 439,

253 1168 260 1175 .
361 1169 371 1185 ,
423 1168 430 1176 .
537 1153 623 1176 ocae
649 1153 749 1176 iussu
809 1154 865 1176 re-

200 1191 325 1236 sbyter
351 1191 541 1226 ordinatur
564 1190 649 1234 453,
676 1190 730 1225 16.
781 1155 803 1190 p

152 1240 376 1287 Philippicus
392 1238 592 1286 Nicephori
606 1239 748 1286 patricii
770 1239 865 1274 filius

200 1289 379 1322 somniato
404 1289 560 1335 imperio
584 1288 766 1333 relegatus
782 1287 866 1329 569,

202 1337 256 1371 19.
298 1337 403 1372 classi
430 1338 561 1371 iterum
589 1336 799 1383 praefectus
827 1338 866 1371 in

198 1385 442 1420 Iustinianum
479 1386 650 1420 coniurat
682 1384 765 1427 579,
808 1385 863 1420 16.

198 1445 220 1468 a
246 1433 422 1468 militibus
456 1434 657 1481 imperator
681 1435 863 1467 acclama-

200 1489 258 1517 tur
291 1482 374 1525 582,
403 1483 433 1516 1.
501 1482 744 1517 lastinianum
781 1494 863 1516 cum

196 1530 350 1565 Tiberio
376 1532 453 1565 filio
480 1531 616 1565 occidit
642 1530 690 1564 ib.
720 1530 775 1565 10.
805 1533 865 1565 lo-

197 1591 329 1614 annem
349 1580 531 1614 Calistrati
546 1578 764 1613 monachum
792 1579 860 1613 im-

197 1629 292 1675 perii
316 1628 388 1663 sibi
418 1634 535 1663 vatem
554 1628 778 1662 haereticum
793 1628 859 1662 CP.

198 1678 409 1723 episcopum
437 1677 601 1724 praeficit
613 1675 696 1718 584,
712 1676 746 1710 3.
775 1688 863 1710 san-

197 1730 290 1759 ctam
320 1731 459 1760 sextam
483 1724 663 1770 synodum
680 1726 862 1771 praescri-

198 1773 254 1807 bit
281 1773 363 1816 586,
392 1774 422 1807 1.
449 1774 576 1808 oculos
601 1785 684 1808 cum
707 1774 863 1820 imperio

199 1822 337 1856 amittit
366 1822 447 1863 578,
477 1822 530 1857 19.

153 1870 343 1916 Philippus
380 1871 586 1917 praefectus
621 1870 771 1905 Paulum
797 1870 862 1904 CP.

201 1919 236 1952 in
262 1919 411 1952 exilium
439 1919 514 1964 agit
540 1918 599 1959 65,
623 1918 658 1952 3.

154 1967 348 2013 Philippus
381 1966 484 2001 Sides
525 1967 715 2013 presbyter
755 1964 865 1999 Chri-

202 2016 343 2050 stianae
377 2015 553 2050 historiae
594 2016 748 2061 scriptor
775 2014 865 2047 Sisi-

202 2064 265 2097 nio
290 2075 332 2097 ac
356 2064 482 2099 Proclo
507 2063 672 2097 infensus
687 2063 767 2104 135,
785 2062 839 2095 12.

154 2112 372 2159 Pliilippolis
399 2112 537 2147 Attilae
579 2112 732 2145 ditionis
769 2111 864 2144 facta

154 2209 372 2254 Philogenes
415 2207 633 2244 Antiochiae
671 2206 865 2254 episcopus

156 2305 336 2340 Phlacitas
361 2303 580 2340 Antiochiae
593 2302 786 2350 episcopus
803 2302 862 2344 56,

156 2402 291 2439 Phocas
320 2401 366 2435 ad
400 2401 614 2435 Mauricium
649 2403 772 2433 orator
808 2399 866 2432 in-

205 2451 315 2495 digne
342 2449 489 2484 habitus
514 2448 598 2490 432,
627 2447 682 2482 15.
708 2447 868 2481 traditur

205 2500 237 2533 ei
266 2510 331 2544 per
349 2499 464 2532 visum
484 2497 684 2531 Mauricius
709 2494 791 2537 440,
810 2495 866 2528 10.

205 2547 403 2581 Mauricius
449 2558 595 2580 saevum
646 2544 797 2579 coniicit
823 2556 867 2577 ex

207 2607 249 2628 eo
273 2595 373 2641 quod
399 2594 550 2629 timidus
575 2592 657 2635 441,
682 2593 716 2626 9.
751 2592 867 2626 Prasi-

205 2644 262 2678 nis
289 2643 531 2677 invitantibus
560 2643 605 2676 ad
636 2641 867 2675 Hebdomum

207 2691 349 2725 accedit
380 2690 464 2731 446,
494 2692 549 2725 17.
604 2690 649 2724 de
685 2691 867 2724 Germano

208 2739 379 2783 eligendo
420 2740 613 2773 consilium
643 2739 736 2772 inire
764 2737 871 2783 fingit

206 2787 290 2828 447,
316 2787 351 2822 6.
402 2789 594 2822 Leontium
624 2799 769 2820 uxorem
796 2787 868 2820 Au-

207 2842 347 2882 gustam
375 2837 563 2872 renuntiat
582 2835 629 2871 ib.
647 2833 703 2870 14.
730 2834 777 2870 ad
794 2835 871 2871 Eu—

818 169 983 214 INDEX

985 271 1076 318 ropii
1102 276 1248 353 portpm
1277 269 1644 362 Clialcetlonffilarg-

984 320 1063 354 ricii
1116 331 1185 353 anu
1205 331 1276 353 iam
1340 319 1460 354 erimit

980 367 1147 408 449,12.
1198 331 1343 402 Ροίτιιιξ]
1370 367 1542 401 Mauricii
1563 345 1644 400 ’fra-

984 422 1074 451 trem
1130 427 1149 449 ο
1189 415 1312 450 medio
1358 415 1462 450 tollit
1498 415 1548 448 ib.
1587 414 1644 449 16.

984 465 1064 498 eius
1099 463 1276 499 Chosroes
1312 464 1471 510 legatum
1508 463 1642 498 carceri

983 512 1123 547 addicit
1157 511 1241 555 450,
1277 512 1312 547 3.
1368 512 1646 547 Constantinam

983 562 1181 606 Augustam
1216 561 1356 607 privata
1387 558 1497 595 domo
1526 560 1647 594 inclu-

984 610 1039 644 dit
1059 609 1108 643 ib.
1134 608 1170 645 6.
1197 609 1300 643 novis
1314 608 1421 643 rebus
1434 607 1643 643 studentem

982 658 1021 692 in
1046 657 1308 691 monasterium
1336 656 1464 698 trudit,
1494 661 1648 703 tumque

985 705 1120 740 occidit
1147 703 1230 748 453,
1247 705 1301 740 13.
1329 705 1413 746 455,
1440 705 1495 739 17.
1524 706 1647 739 Leon-

983 755 1075 788 tium
1115 753 1244 788 ducem
1282 752 1444 792 Chosroe
1494 753 1646 793 victore,

983 802 1144 836 vinctum
1184 803 1253 837 ΟΡ.
1292 801 1445 836 adducit
1480 799 1573 844 452,
1613 801 1647 835 8.

983 850 1173 885 Narsetem
1217 855 1343 885 contra
1382 849 1491 884 fidem
1526 850 1649 883 datam

985 898 1168 932 comburit
1201 898 1249 932 ib.
1282 897 1337 933 16.
1403 898 1573 932 Germani
1611 903 1649 932 et

985 946 1249 981 Constantinae
1286 945 1443 981 detectis
1469 946 1648 987 conciliis,

983 996 1107 1042 plures
1136 994 1270 1029 occidit
1293 992 1377 1036 455,
1402 994 1438 1030 7.
1459 993 1515 1028 14.
1540 994 1647 1027 Mau-

985 1044 1066 1078 ricii
1107 1043 1398 1088 consanguineos
1431 1042 1534 1077 delet
1564 1042 1648 1083 456,

987 1091 1042 1126 16.
1069 1092 1105 1126 in
1131 1103 1213 1126 eum
1241 1102 1285 1126 ex
1307 1091 1427 1125 Africa
1452 1092 1647 1125 accersitus

985 1140 1175 1174 Heraclius
1213 1140 1263 1174 ib.
1305 1138 1360 1174 10.
1416 1140 1456 1174 in
1482 1139 1649 1173 Prasinos
1684 1172 1687 1176 ,

986 1189 1146 1223 severius
1190 1187 1446 1222 animadvertit
1479 1187 1570 1229 458,
1609 1187 1646 1221 6.

984 1238 1194 1271 coniuratos
1221 1237 1331 1284 punit
1354 1235 1403 1270 ib.
1432 1236 1484 1270 15.
1518 1235 1565 1269 ad
1590 1236 1647 1269 lo-

983 1297 1064 1320 cum
1097 1287 1230 1320 Bovem
1259 1285 1396 1319 dictum
1422 1285 1559 1319 victore
1573 1284 1648 1318 He—

985 1334 1096 1368 raclio
1122 1334 1348 1369 comburitur
1365 1331 1449 1374 461,
1480 1333 1512 1368 1.

935 1381 1070 1417 Phocas
1104 1382 1244 1417 Crateri
1288 1382 1385 1416 filius
1430 1379 1646 1415 Antiochiae

983 1430 1166 1465 curandae
1209 1431 1420 1477 praefectus
1465 1428 1555 1471 266,
1592 1427 1646 1461 13.

983 1480 1102 1524 agitur
1127 1479 1316 1525 religionis
1346 1489 1428 1512 reus
1453 1477 1536 1518 276,
1565 1478 1622 1510 12.

935 1526 1110 1562 Photinus
1132 1528 1252 1563 Abbas
1279 1525 1563 1562 reconciliandis
1576 1527 1646 1559 Ae-

983 1577 1084 1657 ῗζρῐί
1113 1577 1277 1612 ecclesiis
1303 1574 1537 1623 praepositus
1561 1574 1646 1618 373,

935 1671 1120 1708 Phravitas
1154 1672 1221 1706 CP.
1257 1671 1451 1717 episcopus
1478 1669 1560 1712 206,
1588 1671 1645 1704 13.

983 1721 1082 1755 falsis
1121 1718 1361 1765 synodalibus
1387 1718 1498 1753 Felici
1526 1719 1646 1766 impo-

981 1781 1069 1804 nere
1097 1774 1249 1803 conatus
1273 1767 1324 1801 ib.
1353 1767 1408 1801 12.

933 1817 1178 1863 Phritigernes
1212 1815 1286 1850 dux
1322 1815 1455 1850 Ariano
1482 1814 1644 1860 dogmati

982 1865 1142 1900 Gotthos
1169 1863 1311 1898 addicit
1339 1863 1420 1905 101,
1450 1864 1506 1897 11.

933 1913 1222 1950 Phathasuarsan
1259 1912 1417 1947 Cabadis
1442 1912 1538 1945 iilius
1565 1912 1645 1945 Ma-

980 1961 1218 1997 nichaeorum
1245 1961 1428 1998 alumnus,
1448 1972 1529 1994 cum
1546 1960 1597 1994 eis
1623 1972 1644 1994 a

981 2016 1086 2058 patre
1113 2010 1264 2044 occisus
1279 2008 1361 2052 261,
1391 2009 1447 2044 17.

933 2059 1081 2106 Pipinus
1095 2057 1343 2093 Maiordomus
1370 2057 1407 2092 in
1426 2057 1645 2091 Francorum

981 2119 1101 2153 regem
1139 2106 1361 2141 sublimatus
1397 2105 1487 2145 619,
1518 2105 1552 2139 3.
1609 2105 1648 2139 in

981 2156 1095 2197 bello,
1119 2167 1284 2201 paceque
1308 2154 1422 2188 virtus
1448 2153 1486 2188 ib
1509 2154 1543 2188 5
1571 2153 1645 2187 Ab—

981 2203 1174 2238 dei-acham
1198 2202 1374 2237 interficit
1397 2202 1479 2244 620,
1504 2202 1539 2236 6.
1575 2202 1646 2235 Ca-

983 2253 1083 2286 rolus
1111 2259 1148 2287 et
1161 2252 1443 2297 carolomagnus
1474 2252 1552 2286 eius
1579 2250 1647 2284 filii

983 2300 1033 2334 ib.
1050 2301 1104 2334 13.

935 2349 1071 2385 Pisides
1114 2348 1294 2391 Georgius
1333 2358 1451 2382 rerum
1486 2345 1647 2381 Heraclii

983 2398 1141 2444 scriptor
1155 2395 1241 2438 460,
1274 2397 1305 2429 1.

936 2447 1100 2486 Pittacia,
1126 2445 1228 2479 locus
1268 2444 1315 2478 ad
1347 2448 1493 2478 sanctae
1518 2444 1646 2478 Irenes

984 2494 1161 2541 templum
1186 2493 1251 2527 GP.
1282 2491 1363 2534 123,
1388 2490 1424 2524 4.

938 2541 1324 2582 Placidia'l'heodosii,
1351 2545 1387 2574 et
1412 2539 1543 2573 Gallae
1572 2537 1648 2571 filia

984 2591 1127 2628 88.11.
1175 2589 1221 2624 ab
1252 2589 1396 2623 Alarico
1426 2588 1461 2621 in
1488 2586 1647 2620 Galliam

983 2639 1153 2682 abducta,
1173 2638 1331 2685 hincque
1355 2648 1375 2669 a
1405 2635 1646 2670 Constantino

986 2688 1118 2721 comite
1163 2686 1311 2720 reducta
1354 2684 1471 2718 eidem
1513 2683 1645 2727 nuptui

986 2735 1143 2773 trulitur
1174 2734 1254 2776 119,
1278 2734 1313 2769 9.
1343 2731 1648 2766 Valentininnum

987 2784 1134 2818 tertium
1163 2795 1222 2817 sus
1208 2783 1315 2828 scipit
1348 2781 1427 2821 ¹30,
1455 2778 1488 2814 4.

940 2832 1103 2869 Placidia
1138 2832 1262 2866 iunior
1296 2829 1449 2875 Olybrio
1489 2826 1646 2874 patricio
