1768 3268
560 221 630 263 Ex
669 219 1018 263 THEOPHANE.
1419 213 1508 263 191

52 335 195 402 petiuit
221 334 414 389 effugere,
440 341 482 376 ct
499 336 633 376 Daras
659 334 797 376 adiens
817 334 1099 377 Chazarorum
1127 350 1169 377 se
1195 335 1390 400 poposcit
1417 333 1515 375 cha-

52 393 144 446 gani
174 393 388 432 obtutibus
438 393 721 446 praesentari3
757 392 831 447 qui
859 407 954 432 cum
983 392 1042 432 rei
1072 393 1424 432 circumstantiam
1448 390 1517 430 di-

53 449 242 495 ‹lie-isset,
285 449 466 502 suscepit
504 463 600 488 eum
637 462 734 488 cum
764 447 930 488 honore
972 448 1144 502 ingenti,
1179 456 1220 488 et
1252 448 1425 489 tradidit
1455 448 1513 487 illi

31 505 94 557 ,in
128 519 298 544 uxorem
329 504 599 545 [heodoram
631 519 870 559 germanam
901 518 1093 545 sonorem
1120 520 1247 547 suam.
1303 512 1400 559 post
1421 518 1515 543 mo-

52 561 192 602 dicum
219 575 320 601 vero
339 561 538 615 temporis
564 575 689 615 prece
721 560 859 602 oblata
892 560 1076 616 chagano
1106 560 1315 602 descendit
1346 561 1389 600 in
1403 561 1516 600 Phe-

53 618 284 672 nagoriam‚
319 623 359 659 et
389 618 473 659 illic
502 617 679 672 degebat
708 632 804 658 cum
829 618 1074 658 Theodora.
1136 618 1194 657 his
1223 617 1371 657 auditis
1399 617 1516 658 Absi-

52 689 189 714 marus
218 675 349 715 mittit
393 673 446 717 ad
473 674 719 728 chaganum,
751 675 1002 728 pxomittens
1040 675 1075 715 ei
1107 674 1312 728 praehere
1341 688 1514 714 munera

51 732 195 781 multa,
226 731 261 771 si
294 731 565 772 lastinianum
595 731 671 771 sihi
703 730 902 771 duntaxat
936 731 1076 770 vivum
1105 731 1421 780 transmitteret,
1453 730 1514 769 sin

51 794 203 839 autem,
233 793 360 842 caput
389 787 488 828 eius.
549 788 697 828 cedens
724 802 825 842 ergo
855 786 1059 841 chaganus
1091 786 1377 827 huiuscemodi
1403 787 1516 851 peti..

51 845 170 894 tioni,
198 843 428 884 custodiam
459 843 497 884 ei
527 844 651 895 misit,
681 858 731 884 ne
759 844 873 899 quasi
915 860 937 884 a
967 843 1272 885 contribulibus
1307 842 1387 883 suis
1419 843 1518 881 insi-

51 900 135 940 dias
163 905 408 955 pateretur,
441 899 638 941 mandans
666 900 880 954 Papatzin,
916 900 987 955 qui
1018 906 1109 941 erat
1138 900 1221 940 illic
1250 901 1289 940 in
1317 913 1519 953 personae

49 971 146 997 suae
173 957 265 998 vice
293 961 327 1006 *)
372 955 622 1011 deputatus,
653 962 695 997 et
719 956 919 1011 Balgitzin
958 956 1194 1011 principem
1223 954 1443 1010 Bosphori,
1472 961 1520 996 ut

50 1027 145 1053 cum
175 1013 461 1054 renuntiatum
492 1014 615 1064 foret,
645 1013 820 1053 eundem
850 1012 1113 1054 trucidarent
1143 1013 1431 1053 Iustinianum.
1459 1011 1519 1050 his

50 1077 187 1110 autem
217 1083 296 1123 per
323 1083 488 1110 servum
518 1069 694 1124 chagani
721 1069 973 1110 Theodorae
1000 1069 1196 1111 nuntiatis
1216 1076 1259 1110 et
1293 1067 1517 1108 iustiniano

50 1126 278 1180 patefactiS,
309 1131 561 1166 convocatos
589 1127 670 1166 iam
708 1125 839 1166 dictos
869 1127 1070 1180 Papatzin
1099 1133 1140 1166 et
1167 1125 1368 1190 Balgitzin
1397 1124 1517 1178 prin-

50 1183 185 1235 cipem
224 1181 277 1222 ad
315 1181 641 1238 colloquendum
674 1188 836 1223 secieto
866 1181 1025 1223 chorda
1055 1181 1305 1236 strangulari
1338 1181 1514 1230 efflavit,

50 1238 351 1292 confestimque
364 1237 664 1279 Theodoram
654 1253 695 1278 ιιι
727 1239 968 1279 Chazariam
1001 1238 1143 1290 mittit,
1173 1244 1215 1279 et
1248 1238 1332 1293 ipse
1363 1236 1563 1286 aPhe-p.
1574 1241 1643 1279 572

52 1295 223 1349 nagoria
255 1295 360 1334 clam
398 1294 556 1349 fugiens
586 1296 747 1335 Tomen
779 1295 1018 1346 descendit,
1048 1301 1090 1335 et
1115 1295 1283 1335 inventa
1312 1308 1416 1334 nave
1442 1308 1518 1347 pa-

51 1358 139 1391 rata
171 1351 355 1391 ascendit
405 1350 448 1391 in
475 1366 594 1402 eam,
625 1358 667 1392 et
695 1352 888 1406 navigans
933 1351 1044 1391 iuxta
1071 1352 1217 1391 littora
1244 1350 1358 1391 venit
1388 1364 1519 1404 usque

50 1408 357 1463 adSymbolum
377 1407 488 1447 iuxta
515 1408 796 1456 Chersonam3
793 1383 877 1448 z³ad
895 1423 1018 1463 quam
1044 1407 1211 1448 mittens
1230 1407 1392 1448 occulte
1421 1406 1520 1446 tulit

48 1464 346 1504 Basbacurium
379 1469 421 1503 et
450 1463 623 1505 fratrem
654 1463 753 1514 eius,
784 1440 950 1503 'Saliban
982 1478 1151 1519 quoque
1184 1478 1232 1503 ae
1260 1462 1518 1517 Stephanum

50 1527 92 1560 et
119 1520 418 1575 Moropaulum
464 1534 546 1559 una
595 1534 690 1560 cum
728 1519 982 1585 TheophilO.
1055 1520 1127 1575 qui
1171 1535 1267 1560 cum
1296 1520 1520 1574 navigasset

48 1592 143 1617 cum
173 1577 241 1627 eis,
270 1576 490 1618 Chersonis
518 1575 698 1631 pharum
718 1576 924 1627 transivit,
951 1576 1094 1631 sicque
1125 1576 1291 1616 demum
1321 1576 1519 1616 transfre-

46 1639 179 1674 tantes
216 1632 452 1688 Necropyla
491 1647 563 1674 seu
610 1634 714 1674 ostia
744 1633 930 1687 Danapri
974 1639 1015 1672 et
1045 1633 1231 1674 Danistri
1274 1637 1519 1686 tempestate

47 1691 154 1730 facta
182 1703 308 1743 super
330 1691 460 1729 salute
500 1705 570 1729 sua
600 1689 806 1744 desperati
844 1695 940 1730 sunt
969 1703 1121 1729 omnes.
1198 1691 1360 1745 Myaces
1398 1702 1518 1738 vero,

47 1747 258 1787 familiaris
291 1746 415 1786 homo
446 1746 582 1800 ipsius,
612 1746 712 1787 dixit
740 1746 922 1786 e1“ecce
950 1746 1170 1796 molimur,
1201 1745 1380 1788 domine.
1410 1759 1519 1785 vove

47 1803 126 1844 deo
156 1817 237 1857 pro
268 1802 398 1843 salute
428 1808 513 1853 tua,
544 1808 591 1841 ut
617 1803 647 1842 si
678 1803 775 1843 deus
804 1800 1026 1856 imperium
1066 1803 1143 1842 tihi
1172 1808 1291 1843 tuum
1323 1800 1520 1842 reddide-

46 1861 128 1910 1it,
171 1859 213 1899 in
250 1859 410 1899 nullum
453 1865 627 1899 tuorum
669 1859 876 1899 ulciscaris
913 1858 1206 1899 inimicorum?
1278 1864 1320 1899 at
1354 1858 1423 1899 ille
1450 1872 1519 1898 rc-

45 1916 250 1970 spondens
297 1916 338 1955 in
369 1916 518 1956 furore
567 1915 669 1956 dixit
698 1916 759 1955 “si
799 1929 1033 1970 pepercero
1083 1915 1280 1972 cuiquam
1312 1915 1520 1969 ipsorum,

44 1972 165 2012 hoc
156 1987 194 2011 ιιι
226 1972 321 2012 loco
349 1972 448 2013 deus
476 1986 542 2012 me
581 1972 834 2026 demergat?
906 1978 948 2012 et
988 1971 1074 2011 sine
1107 1972 1295 2026 periculo
1325 1972 1378 2012 ab
1407 1977 1521 2011 aestu

47 2029 117 2068 illo
149 2027 297 2078 exivit,
342 2035 384 2068 et
414 2028 606 2068 introivit
649 2029 689 2068 in
720 2028 961 2069 Danubium
1005 2043 1182 2068 amnem.
1258 2044 1352 2069 cum
1381 2033 1519 2068 autem

45 2085 218 2125 misisset
248 2084 508 2138 Stephanum
537 2085 588 2125 ad
618 2086 831 2126 Terbellin
862 2083 1077 2125 dominum
1098 2085 1337 2140 Vulgariae,
1369 2091 1415 2124 ut
1443 2084 1518 2123 sibi

46 2142 243 2182 auxilium
299 2147 533 2206 praestaret
590 2142 641 2182 ad
699 2141 974 2183 obtinendum
1035 2141 1250 2196 parentale
1298 2141 1519 2195 imperium

44 2213 182 2248 suum,
213 2198 453 2251 repromisit
482 2197 519 2238 ei
549 2198 730 2253 plurima
759 2213 801 2239 se
841 2198 951 2238 dona
982 2197 1180 2238 daturum
1208 2203 1249 2238 et
1278 2198 1403 2237 filiam
1434 2197 1517 2237 eins

46 2255 86 2294 in
117 2254 331 2294 mulierem
377 2261 647 2308 accepturum
694 2255 856 2310 ipsique
905 2255 948 2294 in
978 2255 1136 2296 cunctis
1179 2254 1450 2295 obediturum
1477 2258 1518 2292 et

46 2325 377 2361 concursurum,
412 2310 683 2352 iureiurando
725 2311 950 2366 pollicituS.
1025 2325 1110 2366 quo
1140 2311 1207 2351 ille
1236 2325 1328 2351 cum
1358 2308 1517 2364 ingenti

44 2367 209 2408 honore
235 2372 450 2420 suscepto,
491 2375 729 2409 commovet
771 2367 1009 2408 universum
1040 2367 1117 2408 sibi
1144 2341 1427 2422 suppositumn
1435 2379 1515 2419 po-

43 2423 215 2478 pulum,
244 2423 478 2477 Vulgarum
517 2423 700 2476 scilicet,
731 2430 858 2480 atque
882 2423 1076 2478 proximo
1113 2437 1222 2464 anno
1253 2422 1304 2463 ad
1336 2436 1516 2477 regnan-

45 2486 129 2521 tem
157 2480 306 2520 urbem
335 2485 555 2524 venerunt.

155 2554 276 2594 Anno
308 2552 472 2609 imperii
519 2552 724 2594 Absimari
749 2553 926 2609 septimo
967 2558 1159 2594 mortuus
1187 2557 1248 2593 est
1275 2549 1510 2592 Abimelech
1525 2573 1562 2608 p.
1588 2561 1658 2599 573
1676 2559 1700 2598 4

90 2694 122 2739 *)
150 2693 189 2726 in
213 2705 389 2739 personae
415 2705 501 2728 suae
525 2692 618 2742 vice]
659 2694 700 2730 ἐκ
722 2693 935 2752 προσώπου
968 2692 1092 2728 αὐτοῦ.
1134 2691 1355 2726 Glossarium
1381 2690 1511 2724 Nomi-

138 2752 239 2775 cum:
265 2742 434 2789 βικάριος
470 2741 490 2778 ὁ
528 2742 568 2777 ἐκ
601 2741 823 2788 προσώπου.
870 2741 1079 2776 Anastasius
1115 2740 1152 2773 in
1178 2739 1309 2772 Collat.
1334 2738 1369 2772 S.
1394 2739 1509 2772 Max.:

137 2799 183 2821 ex
205 2800 380 2834 persona,
407 2796 448 2824 ut
471 2790 588 2831 dixit,
622 2790 715 2824 Petri
743 2790 928 2835 Cpolitani
962 2788 1135 2835 praesulis
1160 2787 1300 2821 missus.
1325 2787 1417 2820 nist.
1444 2787 1510 2821 tri-

135 2842 229 2882 part.
259 2837 279 2871 7
305 2837 348 2871 3:
377 2815 636 2872 convenien’tes
665 2849 709 2872 ex
737 2848 894 2884 persona
928 2838 1193 2883 episcoporum.
1242 2834 1351 2870 Fun.
