1794 3250
587 216 656 258 Ex
693 215 1039 257 THEOPHANE.
1456 209 1554 256 267

92 332 208 390 quod
237 329 428 386 videlicet
455 339 494 372 et
515 336 610 372 aute
628 330 849 386 imperium
876 330 1029 370 multos
1057 330 1239 371 seduxit:
1269 336 1555 371 verumtamen

93 391 136 430 in
170 388 391 430 ridiculum
420 388 658 430 habebatur
683 388 767 428 hoc
803 387 893 428 eius
919 387 1081 442 liquido
1108 388 1331 428 scientibus
1358 388 1557 438 studium,

91 445 150 487 ita
191 451 240 487 ut
278 445 536 501 impudentia
580 445 710 486 multa
752 457 918 500 semper
954 444 1132 499 caligosa
1168 451 1210 484 et
1238 445 1402 498 polluta
1432 443 1559 483 facies

91 503 180 544 eius
205 509 308 544 tane
338 501 624 543 inaccessibilis
653 502 776 542 fieret
803 515 885 556 per
914 501 999 541 dies
1034 506 1206 555 septem,
1234 515 1286 541 eo
1317 499 1462 541 dolose
1490 500 1560 540 in-

92 567 160 600 tra
189 559 429 600 cubiculum
458 559 779 614 imperatorium
808 557 1011 601 eiulante:
1042 571 1138 598 nam
1168 564 1211 596 et
1240 557 1491 597 naturaliter
1520 557 1559 597 ei

91 616 313 656 muliebres
357 614 531 656 aderant
568 615 761 655 lacrimae
779 645 790 664 ,
819 629 921 670 quas
962 614 1102 654 multis
1132 614 1272 668 pravis
1301 620 1346 653 et
1375 613 1558 666 pseudo-

91 672 327 714 christianis
355 672 486 714 inesse
513 671 666 726 procul
703 671 833 712 dubio
874 676 1057 722 constat,
1087 685 1327 726 quanquam
1355 669 1559 722 plurimos

92 743 177 769 non
208 729 393 770 latuerit.
450 742 588 770 mense
617 742 719 768 vero
750 729 935 783 Augusto
964 742 1062 768 curn
1090 727 1284 768 adversus
1312 726 1466 766 Arabes
1488 741 1559 764 ex-

90 785 224 838 iisset,
256 785 448 826 occurrit
485 786 542 826 eis
570 783 683 840 apud
725 785 913 825 Chrasou
954 783 1189 840 Phrygiae,
1234 791 1275 824 et
1312 782 1417 822 inito
1448 782 1560 822 bello

90 848 330 897 superatur,
358 842 582 897 multisque
610 841 762 882 amissis
780 841 1094 896 propemodum
1119 847 1162 882 et
1189 840 1278 895 ipse
1305 839 1422 879 vivus
1450 839 1563 878 foret

90 897 330 952 capiendus,
364 897 441 939 nisi
474 898 716 954 principum
745 898 918 953 quidam
945 898 1160 939 fortissimi
1191 897 1304 938 hunc
1333 911 1357 936 a
1385 896 1564 936 necessi-

91 961 177 996 tate
205 954 271 995 vix
297 954 459 996 salvare
485 956 826 1010 praevaluissent.

201 1023 328 1069 Anno¹
361 1027 526 1083 imperii
554 1027 780 1083 Nicephori
808 1027 964 1078 tertio,
1009 1026 1220 1067 simultate
1246 1026 1355 1067 facta
1385 1026 1426 1066 in
1458 1026 1564 1066 Per.

87 1084 187 1134 sica,
215 1084 428 1126 descendit
466 1085 652 1125 Arabum
700 1084 781 1124 dux
824 1085 1118 1139 pacificaturus
1158 1098 1244 1123 eOS.
1302 1082 1563 1137 Nicephorus

90 1148 231 1180 autem
259 1141 396 1196 spatio
430 1148 603 1195 reperto
643 1142 879 1182 aedificavit
921 1143 1130 1195 Ancyram
1165 1139 1351 1180 Galatiae
1381 1145 1423 1179 et
1448 1139 1562 1180 The-

89 1197 215 1237 basau
245 1204 289 1238 et
317 1196 564 1238 Andr-asum.
622 1198 734 1238 misit
761 1198 887 1238 etiam
918 1203 961 1236 et
995 1210 1156 1248 cursus,
1186 1196 1260 1252 qui
1291 1202 1565 1237 revertuntur

87 1253 192 1294 nihil
220 1253 504 1309 proficientes,
533 1253 606 1294 sed
632 1269 656 1294 e
684 1260 833 1295 contra
858 1253 1000 1309 potius
1022 1253 1227 1308 plurimos
1257 1251 1534 1294 admittentes.

199 1327 320 1367 Anno
365 1326 533 1381 imperii
577 1326 806 1381 Nicephori
858 1333 1044 1382 quarto,
1074 1326 1326 1367 duodecimo
1366 1325 1692 1386 kalendaspJfl

85 1382 272 1434 Martias,
299 1383 493 1423 Tarasius
530 1385 805 1424 sanctissimus
846 1382 1088 1437 patriarcha
1127 1382 1562 1437 Constantinopolita-

87 1453 163 1479 nus
190 1439 374 1494 gloriose
403 1439 513 1479 diem
542 1440 691 1480 clausit
732 1446 979 1491 extremum,
1011 1446 1054 1480 et
1083 1440 1238 1480 elatum
1269 1445 1330 1480 est
1358 1438 1563 1493 lipsanum

89 1495 176 1536 eius
206 1496 248 1535 in
281 1502 502 1551 angustum
531 1497 667 1550 ponti,
700 1503 742 1537 ct
769 1497 979 1550 sepultum
1010 1502 1071 1537 est
1096 1496 1135 1535 in
1164 1497 1419 1536 monasterio
1449 1496 1565 1551 quod

85 1551 176 1606 ipse
204 1559 513 1602 construxerat,
541 1559 691 1608 quarta
724 1553 827 1592 feria
857 1553 1020 1607 primae
1050 1552 1305 1593 ieiuniorum
1334 1552 1566 1594 hebdoma-

87 1609 165 1650 dis.
222 1615 268 1650 et
293 1623 434 1650 mense
454 1609 602 1663 Aprili,
634 1609 702 1650 die
722 1609 936 1650 dominico
960 1610 1090 1650 sancti
1121 1609 1310 1663 paschae,
1343 1624 1565 1650 consecra-

85 1670 150 1706 tus
181 1671 243 1706 est
258 1665 533 1706 sanctissimus
564 1665 807 1720 patriarcha
830 1665 1093 1720 Nicephorus
1122 1666 1328 1716 asecretis,
1359 1666 1566 1707 electione

84 1721 216 1762 totius
245 1722 394 1777 populi
424 1737 472 1763 ac
510 1723 777 1763 sacerdotum
807 1722 980 1776 insuper
1014 1728 1056 1763 et
1086 1723 1409 1777 imperatorum.
1467 1737 1565 1763 sane

85 1778 210 1820 Plato
243 1793 293 1819 ac
330 1778 579 1820 Theodorus
629 1779 850 1835 hegumeni
895 1779 1140 1820 monasterii
1177 1777 1315 1820 studii
1343 1793 1425 1819 non
1455 1793 1562 1819 con-

82 1842 302 1879 senserunt
329 1836 637 1878 consecrationi
666 1834 908 1891 Nicephori,
939 1836 1013 1876 sed
1039 1843 1082 1876 et
1110 1835 1270 1891 oppido
1302 1836 1563 1886 restiterunt,

84 1890 258 1932 schisma
276 1891 536 1945 meditantes,
557 1907 721 1933 causam
750 1893 877 1933 veluti
899 1892 1193 1933 rationabilem
1213 1892 1426 1943 habentes,
1445 1893 1560 1948 quod

85 1963 134 1990 ex
163 1946 274 1988 laicis
318 1962 404 1988 non
446 1956 646 2003 oporteat
687 1955 862 2004 repente
901 1950 954 1990 ad
995 1950 1285 2004 episcopatum
1310 1948 1560 1990 accelerare.

84 2018 190 2059 quos
220 2004 454 2059 imperator
474 2006 734 2061 Nicephorus
765 2006 872 2047 urbe
896 2006 1053 2060 pellere
1079 2008 1221 2047 volens
1241 2013 1459 2047 correctus
1486 2012 1562 2054 est,

83 2060 333 2115 quibusdam
363 2062 581 2103 consilium
610 2063 829 2114 dantibus,
859 2062 1132 2103 asseverando
1174 2076 1259 2102 non
1290 2063 1384 2103 fore
1414 2060 1562 2102 lauda-

81 2117 210 2157 bilem
260 2118 528 2172 patriarchae
568 2120 856 2169 creationem,
889 2121 920 2159 si
962 2118 1281 2174 praedictor-um
1310 2118 1483 2160 reiectio
1517 2126 1559 2159 et

80 2174 188 2214 tanti
228 2172 459 2215 destructio
499 2177 623 2216 fieret
659 2176 924 2229 monasterii,
963 2178 1325 2231 septingentorum
1366 2174 1559 2215 videlicet

80 2230 254 2272 circiter
280 2230 589 2273 monachorum
613 2233 690 2274 sub
719 2231 938 2274 Theodori
969 2233 1171 2288 regimine
1202 2232 1514 2273 ordinatorum.

191 2314 356 2356 Eodem
398 2331 569 2372 quoque
612 2332 721 2358 anuo
750 2319 886 2360 movit
926 2318 1154 2360 exercitum
1195 2320 1337 2359 Aaron
1369 2317 1551 2357 Arabum
1566 2327 1684 2374 p.748

82 2369 165 2411 dux
191 2370 386 2413 adversus
402 2374 664 2424 Romaniam,
697 2375 738 2414 in
771 2376 930 2416 virtute
956 2375 1087 2431 gravi,
1117 2381 1407 2416 trecentorum
1433 2373 1553 2414 vide-

79 2427 180 2467 licet
206 2427 391 2481 milium,
420 2435 506 2469 tam
549 2446 573 2470 a
603 2431 904 2486 Maurophoris
941 2448 1067 2488 quam
1101 2432 1222 2487 Syria
1253 2437 1295 2471 et
1321 2430 1552 2470 Palaestina

81 2488 123 2523 et
155 2484 287 2539 Libya
319 2492 579 2531 coacervata.
639 2494 680 2527 et
699 2502 795 2527 cum
812 2488 990 2529 venisset
1008 2490 1175 2545 Tyana,
1211 2486 1444 2527 aedificavit
1471 2485 1551 2526 do-

78 2554 195 2580 mum
221 2541 528 2596 blasphemiae,
558 2550 600 2584 et
630 2543 820 2585 obsidens
851 2546 964 2598 cepit
997 2553 1099 2586 tunc
1114 2544 1328 2585 Heraclios
1357 2548 1553 2593 castrum,

79 2595 195 2650 quod
227 2605 320 2638 erat
359 2599 478 2640 valde
508 2599 743 2652 munitum,
786 2608 829 2642 et
873 2601 1088 2642 Thebasan
1136 2607 1177 2640 et
1205 2599 1479 2654 Malocopean
1510 2606 1554 2640 et

79 2652 375 2708 Sideropelum
400 2663 441 2696 et
461 2655 784 2700 Anandarasum.
841 2658 952 2698 misit
981 2665 1117 2698 autem
1146 2670 1314 2696 cursum
1345 2656 1552 2711 sexaginta

77 2708 238 2749 milium
264 2711 531 2763 bellatorum,
563 2719 600 2753 et
634 2713 846 2754 descendit
883 2730 1013 2769 usque
1044 2718 1272 2769 Ancyram,
1306 2719 1349 2753 et
1379 2712 1457 2752 hac
1487 2713 1552 2752 vi..

76 2778 117 2803 sa
151 2779 340 2808 reversus
370 2777 444 2809 est.
471 2776 531 2809 ast
553 2770 787 2824 imperator
806 2771 1065 2825 Nicephorus
1094 2777 1208 2809 metu
1238 2775 1282 2808 et
1311 2769 1551 2823 impossibi-

79 2821 196 2862 litate
225 2823 418 2866 detentus
447 2826 586 2877 exivit,
615 2833 659 2867 et
686 2826 773 2882 ipse
805 2828 850 2867 iu
881 2827 1174 2882 desperatione
1204 2825 1332 2866 fortia
1362 2826 1549 2867 infortu..
