1728 3242
249 172 348 218 228
466 175 747 219 ANASTASH
787 173 1050 218 HISTORlA
1073 167 1491 218 ECCLESIASTICA

247 290 492 344 imperatori
527 290 800 338 Constantino
838 291 964 341 filius,
998 302 1120 344 quem
1162 284 1395 326 nominavit
1424 283 1632 334 Leonem,
1663 297 1710 324 ex

246 347 418 402 chagani
451 346 672 388 Chazariae
701 347 796 389 filia.

358 420 476 459 Anno
509 433 608 459 vero
655 419 819 459 eodem.
843 419 974 458 factus
1005 423 1064 457 est
1100 422 1241 455 terrae
1270 418 1406 452 motus
1437 412 1477 452 in
1503 411 1638 467 Syria,
1669 417 1711 451 et

245 476 384 530 ingens
426 490 474 515 ac
503 475 697 516 terribilis
745 489 883 524 casus,
912 473 1023 513 unde
1050 471 1267 511 civitatum
1296 469 1398 510 aliae
1429 468 1600 524 quidem
1631 482 1711 522 pe·-

244 533 352 571 nitus
383 532 678 571 exterminatae
706 537 828 582 sunt,
858 531 961 569 aliae
989 541 1091 567 vero
1121 525 1406 575 mediocriter,
1438 524 1540 565 aliae
1570 530 1710 564 autem

245 603 266 627 a
298 589 501 627 montanis
531 587 582 627 ad
607 588 788 627 subiecta
820 584 1061 638 campestria
1093 597 1186 622 cum
1215 582 1341 622 muris
1364 587 1407 621 et
1433 580 1709 621 habitationi..

244 644 318 683 bus
347 645 426 683 suis
459 644 643 699 integrae
686 645 971 697 migraverunt
1011 646 1052 679 et
1092 639 1228 679 salvae
1275 637 1390 693 quasi
1439 637 1491 677 ad
1531 637 1707 677 miliaria

243 715 308 740 sex
340 701 404 740 vel
438 701 560 741 etiam
595 699 802 740 modicum
845 696 945 752 quid
978 697 1102 735 ultra.
1160 693 1340 749 denique
1370 699 1710 735 asseveraverunt

242 755 282 796 hi
325 756 397 811 qui
437 756 620 810 propriis
666 756 814 795 visibus
856 761 1013 793 terram
1060 750 1390 805 Mesopotamiae
1434 750 1708 804 contemplati

240 820 350 862 sunt,
383 807 748 867 in''longitudinem
783 810 994 862 diruptam
1027 807 1149 848 tuisse
1179 807 1231 847 ad
1250 807 1428 848 miliaria
1456 806 1555 859 duo,
1586 813 1627 846 et
1658 820 1706 846 ex

239 869 454 922 profundo
489 869 572 909 eius
600 866 820 908 ascendisse
845 865 965 905 aliam
989 871 1147 904 terram
1176 864 1294 903 nimis
1317 863 1451 904 albam
1481 869 1523 903 et
1551 876 1709 903 areno-

239 940 342 975 sam,
375 926 426 965 de
460 926 572 964 cuius
605 924 742 964 medio
772 921 963 972 ascendit,
996 926 1043 959 ut
1073 920 1202 973 aiunt,
1233 920 1385 960 animal
1415 920 1618 959 mulinum
1644 919 1708 958 in-

239 982 576 1031 contaminatum,
612 981 782 1034 loquens
815 978 993 1018 humana
1028 991 1143 1027 voce,
1170 982 1212 1017 et
1239 976 1538 1031 praenuntians
1573 975 1704 1031 gentis

239 1038 518 1077 incursionem
549 1037 598 1076 ab
629 1050 768 1076 eremo
798 1034 992 1074 adversus
1024 1034 1188 1073 Arabes,
1221 1033 1337 1088 quod
1367 1039 1410 1074 et
1439 1033 1596 1073 factum
1625 1037 1699 1073 est.

109 1100 227 1143 1›.658
242 1101 458 1147 praeterea
501 1092 688 1147 sequenti
739 1104 849 1131 anno
892 1096 1070 1145 quartae
1123 1089 1391 1140 indictionis,
1439 1089 1705 1131 solemnitate

236 1156 398 1190 sanctae
427 1154 708 1203 pentecostes,
738 1146 961 1187 coronavit
1001 1147 1293 1187 Constantinus
1330 1147 1565 1200 imperator
1592 1147 1707 1186 Leo-

239 1221 331 1246 nem
375 1205 503 1245 fllium
532 1219 651 1244 suum
675 1204 974 1258 imperatorem
1018 1217 1098 1258 per
1135 1202 1390 1244 Anastasium
1419 1202 1705 1258 patriarcham

237 1267 555 1302 consentaneum
583 1275 715 1300 suum.

342 1345 486 1385 Mundi
515 1360 624 1385 anno
653 1343 775 1395 6242,
806 1344 975 1392 divinae¹
1000 1344 1296 1386 incarnationis
1327 1359 1435 1385 anno
1464 1342 1560 1395 742,
1591 1358 1704 1384 anno

233 1415 334 1440 vero
367 1401 530 1456 imperii
566 1402 825 1442 Constantini
872 1401 922 1442 10
953 1401 1178 1442 Muhamed
1209 1402 1256 1441 fit
1287 1402 1472 1442 Arabum
1501 1401 1597 1448 dux,
1631 1400 1705 1456 qui

235 1457 288 1497 eis
319 1459 504 1513 quinque
533 1459 716 1512 praefuit
747 1458 878 1498 annis.
951 1459 1099 1498 eodem
1132 1471 1303 1513 quoque
1333 1473 1442 1498 anno
1479 1457 1705 1498 simultates

236 1513 519 1554 Chalcidenses
550 1514 740 1555 adversus
771 1515 1084 1569 Mauropboros
1119 1515 1263 1555 Persas
1294 1515 1632 1565 concitaverunt,
1664 1518 1707 1553 et

234 1571 485 1624 interempta
501 1577 595 1611 sunt
613 1586 658 1611 ex
676 1572 730 1612 eis
752 1571 793 1610 in
821 1572 1028 1612 montanis
1047 1572 1261 1612 Hemessae
1279 1586 1357 1625 per
1381 1570 1471 1611 illos
1505 1577 1711 1626 quattuor

234 1627 362 1667 milia.
423 1626 464 1666 id
494 1627 625 1680 ipsum
654 1643 756 1668 vero
787 1628 944 1668 factum
972 1635 1032 1668 est
1065 1634 1106 1668 et
1132 1642 1210 1682 per
1245 1628 1439 1668 Arabiam
1469 1627 1510 1666 in
1544 1626 1708 1668 Chaisi-

237 1696 311 1723 nos
342 1683 392 1722 ab
420 1682 570 1724 eisdem
613 1684 758 1724 Persis.
816 1699 912 1725 cum
958 1690 1095 1724 autem
1126 1689 1254 1738 caput
1285 1683 1506 1723 Maruham
1532 1684 1707 1740 myrrha

235 1739 451 1779 conditum
479 1740 619 1781 fuisset
650 1740 829 1792 allatum,
860 1742 1002 1796 plures
1033 1757 1055 1781 a
1085 1741 1362 1782 simultatibus
1393 1746 1672 1781 cessaverunt.

347 1825 466 1863 Anno
512 1824 676 1876 imperii
716 1825 777 1865 sui
827 1824 873 1864 11
919 1824 1213 1866 Constantinus
1253 1823 1630 1879 Theodosiopolim
1661 1831 1704 1865 et

233 1878 471 1920 Melitenem
511 1881 647 1933 cepit,
693 1888 735 1922 et
775 1882 960 1935 captivos
992 1881 1109 1922 duxit
1149 1882 1377 1921 Armenios.
1455 1880 1706 1922 Theodorus

235 1949 404 1991 quoque
435 1936 537 1975 iilius
566 1937 711 1976 vicarii
740 1938 913 1978 minoris
932 1939 1111 1978 Arabiae
1140 1937 1360 1988 oriundus,
1391 1937 1576 1978 obeunte
1608 1953 1705 1978 san-

233 1991 412 2032 ctissimo
443 1992 758 2048 Tlieophylacto
791 1995 1036 2035 Antiochiae
1063 1993 1308 2049 patriarcba
1337 1994 1599 2048 praeficitur,
1630 1995 1707 2050 qu'r

232 2062 300 2088 sex
331 2049 515 2103 praefuit
545 2049 660 2088 annis
690 2051 900 2091 ecclesiae.

102 2135 138 2170 p·
152 2125 221 2161 659
345 2123 465 2161 Anno
485 2121 647 2176 imperii
665 2123 725 2163 sui
746 2122 795 2163 12
815 2123 1111 2164 Constantinus
1132 2123 1282 2179 impius
1303 2123 1550 2176 imperator,
1574 2123 1704 2163 elatus

233 2190 364 2228 sensu,
395 2177 524 2217 multa
557 2184 702 2218 contra
725 2180 934 2220 ecclesiam
966 2187 1008 2221 et
1031 2180 1311 2222 orthodoxam
1339 2179 1463 2220 fidem
1485 2178 1702 2230 meditans,

235 2239 276 2273 et
303 2233 463 2273 silentia
494 2249 571 2286 per
587 2235 764 2290 singulos
796 2235 881 2276 dies
900 2238 1065 2290 faciens,
1090 2238 1295 2292 populum
1318 2237 1369 2277 ad
1388 2251 1551 2277 sensum
1584 2250 1705 2276 suum

235 2288 392 2329 inflexit
423 2290 643 2332 infeliciter
674 2293 1021 2347 consectandum,
1051 2294 1246 2349 praevius
1282 2294 1449 2334 futurae
1480 2292 1705 2348 impietatis

235 2346 422 2387 existens.

343 2419 464 2458 Anno
506 2419 668 2474 imperii
715 2422 975 2461 Constantini
1019 2422 1069 2463 13
1111 2423 1345 2464 Anastasius
1374 2422 1594 2471 scelestus,
1629 2421 1703 2477 qui

236 2474 429 2516 ecclesiae
461 2475 616 2516 throno
659 2478 1149 2532 Constantinopolitanae
1188 2479 1384 2534 praefuit,
1419 2484 1611 2519 mortuus
1644 2483 1705 2518 est

237 2544 418 2584 corpore
454 2532 575 2572 simul
619 2541 659 2574 et
690 2534 854 2586 anima,
900 2536 1122 2576 miserabili
1163 2538 1352 2591 passione
1390 2550 1498 2590 quae
1547 2534 1705 2575 dicitur

237 2585 489 2640 chordapsos
519 2589 724 2643 fatigatus,
756 2605 851 2630 cum
879 2596 1037 2632 stercus
1067 2607 1145 2646 per
1174 2588 1217 2633 os
1249 2588 1510 2642 evomuisset,
1536 2590 1706 2645 dignam

237 2642 426 2683 exolvens
456 2644 693 2696 vindictam,
727 2661 809 2700 pro
841 2646 1010 2686 audacia
1041 2649 1211 2701 scilicet,
1244 2664 1370 2705 quam
1401 2653 1552 2689 contra
1581 2646 1706 2689 deum

238 2703 467 2754 contraque
495 2701 737 2755 magistrum
766 2717 887 2742 suum
912 2703 1110 2745 exhibuit.

348 2770 510 2813 Eodem
556 2788 727 2830 quoque
770 2789 881 2816 anno
932 2782 974 2817 et
1019 2778 1313 2819 Constantinus
1363 2778 1513 2833 impius
1555 2782 1706 2818 contra
