1768 3268
550 220 630 261 Ex
666 217 1014 261 THEOPHANE.
1402 251 1405 253 a
1444 210 1509 258 69

41 330 155 374 unde
179 337 224 374 et
248 332 293 374 in
321 332 476 375 chartls
506 348 592 375 non
620 334 734 375 lectis
762 334 1063 375 subscribebat.
1121 332 1271 375 eodem
1301 347 1409 373 anno
1427 334 1512 374 Ge·

40 388 484 432 zerichuszvandaliea
521 391 792 432 multitudine
820 392 984 446 opimus
1014 389 1195 441 effectus,
1229 397 1271 430 et
1298 406 1341 431 se
1373 405 1514 444 regem

40 459 194 487 vocans
223 452 365 489 terrae
393 462 443 488 ac
470 449 596 488 maris
629 448 942 503 insularumque
969 448 1211 499 multarum‚
1227 447 1513 488 Theodosium

41 503 330 545 contristabat.
386 519 488 546 sane
517 519 602 544 non
630 505 765 544 multo
785 510 882 559 post
908 504 1152 558 resipiscens
1166 504 1442 554 Theodosius,
1473 510 1514 544 et
1526 503 1561 556 p‘.
1584 508 1649 542 157
1675 506 1700 541 8

40 572 342 615 recognoscens
383 576 428 603 se
454 577 477 601 a
507 561 757 617 chrysaphii
796 561 989 601 versutiis
1018 561 1140 602 fuisse
1167 559 1401 615 deceptum,
1433 560 1514 599 tri..

38 616 230 657 stabatm·
267 631 398 673 super
438 617 653 672 impietate
695 633 744 658 ac
785 617 984 658 iniustitia
1025 631 1134 672 quae
1165 618 1271 657 facta
1306 618 1443 656 suerat
1472 617 1513 656 in

38 672 286 714 Flavianum
315 681 360 716 et
390 674 574 730 reliquos
605 675 837 729 episcopos.
910 679 953 714 et
983 673 1216 729 indignatus
1249 673 1517 713 vehementer

39 729 181 785 primo
226 730 395 786 quidem
434 732 596 772 exulem
638 731 740 772 fecit
777 731 818 770 in
856 730 1032 771 insulam
1075 730 1284 786 quandam
1336 729 1515 783 Chrysa-

38 785 201 842 phium,
230 787 272 827 in
292 787 523 829 Eudociam
555 803 659 829 vero
684 787 806 828 valde
835 794 1158 838 commovetur,
1187 787 1296 827 hanc
1326 787 1516 826 omnium

38 843 248 884 malorum
293 859 460 885 causam
503 845 736 900 appellans,
769 844 930 900 quippe
970 858 1078 899 quae
1106 849 1147 884 et
1174 843 1438 884 Pulcheriam
1468 857 1516 883 ex

38 899 324 955 imperialibus
351 901 537 942 insecuta
562 901 617 942 sit
644 901 788 950 simul,
827 908 870 942 et
897 901 1191 955 improperans
1223 900 1260 940 ei
1291 915 1400 955 qnae
1427 914 1518 953 ges-

37 964 151 998 terat
171 957 283 998 circa
309 957 544 999 Paulinum.
612 957 680 998 illa
721 971 822 997 vero
853 957 1071 1012 desperata
1114 957 1281 1011 rogavit
1313 957 1517 997 Hieroso-

37 1013 52 1053 Ι
126 1028 192 1054 am
216 1029 262 1055 se
289 1015 470 1069 dimitti,
498 1021 541 1056 et
569 1014 783 1070 assumptis
812 1015 968 1055 Severo
1010 1014 1261 1070 presbytero
1293 1020 1335 1054 et
1363 1015 1518 1054 Ioanne

37 1028 220 1111 dyiiincono
240 1070 574 1128 Hierosolymam
596 1073 729 1112 venit.
789 1070 946 1112 discens
970 1071 1131 1112 interea
1152 1072 1384 1126 imperator
1401 1068 1518 1126 quod

37 1127 107 1168 isti
133 1132 178 1168 et
204 1128 257 1168 ‘in
297 1129 405 1169 urbe
446 1129 695 1184 frequenter
737 1127 789 1168 ad
821 1143 913 1168 eam
953 1128 1202 1168 accederent
1230 1134 1273 1168 et
1302 1142 1397 1167 cnm
1427 1127 1515 1180 ipsa

38 1197 184 1225 rursus
213 1184 514 1241 Hierosolymis
545 1191 691 1235 essent,
719 1186 935 1239 multaque
969 1184 1046 1224 illis
1077 1185 1318 1237 largiretur,
1346 1185 1515 1224 mittens

38 1240 262 1281 decollavit
292 1256 374 1283 eos.
447 1247 552 1282 tunc
584 1242 819 1295 imperator
858 1242 1024 1281 beatam
1053 1241 1319 1281 Pulcheriam
1354 1239 1514 1295 oppido
1529 1255 1564 1290 p.
1580 1244 1652 1279 158

37 1311 189 1352 rogans
229 1297 282 1338 ad
325 1298 558 1353 imperialia
601 1298 784 1348 reduxit,
825 1308 932 1352 quae
970 1311 1067 1337 mox
1106 1299 1274 1338 mittens
1303 1297 1515 1350 Ephesum

37 1355 269 1408 asportavit
299 1353 398 1396 inde
438 1369 592 1409 corpus
620 1355 752 1395 sancti
780 1354 992 1404 Flaviani,
1036 1360 1079 1395 et
1109 1369 1204 1394 cum
1236 1354 1369 1394 multo
1399 1353 1515 1394 dese..

38 1425 134 1452 rens
165 1411 367 1466 obsequio
395 1425 476 1466 per
505 1410 690 1451 medium
716 1411 832 1451 urhis
853 1410 1043 1464 sepelivit
1070 1410 1182 1465 apud
1209 1417 1373 1450 sanctos
1406 1423 1516 1464 apo-

36 1468 180 1508 stolos.
238 1468 400 1514 interea
414 1467 560 1508 Attilas
582 1467 756 1522 Scytha,
786 1467 855 1506 vir
886 1467 1008 1506 fortis
1038 1474 1166 1522 atque
1189 1467 1408 1520 superbus,
1437 1466 1516 1506 de·-

35 1524 176 1579 posito
205 1523 348 1565 Bdella
389 1524 544 1565 seniori
585 1524 719 1565 fratre
746 1524 856 1564 solus
883 1523 1167 1578 Scytharum,
1202 1537 1306 1579 quos
1339 1524 1513 1563 Hunnos

32 1586 202 1631 vocant,
233 1581 494 1636 principatus
526 1595 672 1636 regno,
701 1595 782 1635 per
799 1580 1005 1620 Thracem
1027 1581 1240 1630 discurrit,
1271 1585 1312 1620 et
1346 1594 1511 1620 omnem
1524 1595 1559 1630 p.
1572 1583 1641 1619 159

32 1637 245 1678 civitatem
277 1643 319 1679 et
347 1644 484 1678 castra
514 1637 557 1678 in
591 1637 837 1678 servitutem
858 1636 1035 1691 redegit,
1068 1643 1242 1692 praeter
1273 1635 1511 1676 Hadriano-

30 1694 164 1750 polim
185 1701 229 1735 et
245 1694 497 1745 Heracliam,
528 1709 636 1749 quae
662 1693 877 1748 quondam
906 1694 1132 1734 Perinthus
1150 1694 1397 1734 vocabatur.
1432 1707 1511 1734 co..

31 1751 146 1804 gitur
173 1765 274 1806 ergo
293 1750 554 1792 Theodosius
582 1751 835 1805 legationem
866 1750 1018 1791 Attilae
1047 1752 1228 1800 mittere,
1259 1757 1302 1791 et
1332 1764 1399 1790 sex
1428 1750 1509 1789 mi..

30 1806 86 1848 lia
115 1807 321 1849 librarum
353 1809 391 1849 ei
419 1823 503 1862 pro
535 1822 694 1848 recessu
711 1808 917 1862 praebens
949 1807 1063 1847 mille
1093 1807 1301 1847 librarum
1323 1821 1508 1846 annuum

30 1864 239 1905 tributum
268 1865 511 1919 persolvere
554 1865 798 1919 pollicetur.
855 1864 985 1918 igitur
1031 1878 1127 1904 cum
1154 1865 1341 1904 Romana
1373 1863 1507 1903 virtus

30 1936 54 1961 a
79 1921 191 1962 bello
241 1922 428 1963 rediisset
457 1920 572 1976 quod
617 1921 811 1962 adversus
842 1921 1013 1961 Attilam
1056 1922 1196 1961 suerat
1239 1921 1506 1971 destinatum,

29 1992 116 2019 non
148 1977 283 2020 multo
311 1984 409 2033 post
434 1977 697 2019 Theodosius
727 1977 925 2018 moritur.
994 1992 1132 2032 porro
1173 1978 1294 2018 beata
1328 1976 1509 2016 Pulche-

28 2036 107 2086 ria,
139 2034 329 2076 nondum
357 2035 553 2090 cuiquam
580 2033 847 2089 imperatoris
870 2040 1009 2075 morte
1038 2041 1270 2087 comperta,
1290 2034 1506 2074 Marciano

29 2091 250 2141 accersito,
278 2091 321 2132 in
351 2092 556 2146 religione
585 2106 633 2131 ac
663 2091 868 2145 pudicitia
898 2097 1198 2142 conversante,
1227 2105 1324 2131 sene
1352 2090 1505 2130 videli-

30 2155 98 2190 cet
127 2155 172 2189 et
210 2147 365 2190 idoneo
411 2149 531 2200 viro,
562 2147 665 2188 dicit
698 2148 735 2189 ei
782 2148 1014 2202 “quoniam
1050 2144 1285 2202 imperator
1312 2153 1505 2187 mortuus

28 2212 105 2255 est,
137 2212 180 2246 et
211 2219 288 2260 ego
317 2211 360 2246 te
388 2205 491 2260 elegi
517 2212 718 2261 tanquam
747 2204 1089 2259 beneplacentem
1120 2219 1168 2244 ex
1200 2204 1315 2245 omni
1345 2210 1505 2254 senatu,

29 2263 81 2305 da
109 2262 213 2302 mihi
242 2263 419 2302 verbum
457 2261 575 2317 quod
618 2261 824 2301 custodias
864 2261 1150 2316 virginitatem
1180 2276 1341 2309 meam,
1376 2275 1503 2315 quam

32 2320 113 2361 deo
144 2320 346 2371 commisi,
377 2326 419 2359 et
438 2318 726 2373 pronuntiabo
750 2325 791 2358 te
814 2318 1112 2372 imperatorem
1126 2321 1161 2367 ;''
1184 2318 1301 2373 quod
1322 2332 1372 2357 eo
1407 2316 1501 2369 pol-

28 2376 193 2427 licente,
225 2376 428 2416 accersito
461 2374 702 2430 patriarcha
729 2375 893 2428 pariter
930 2382 974 2416 et
1001 2382 1175 2429 senatu,
1207 2372 1501 2430 pronuntiavit

29 2448 124 2474 eum
155 2434 454 2488 imperatorem
480 2434 783 2472 Romanorum.

139 2500 285 2542 Mundi
316 2514 426 2540 anno
456 2498 584 2550 5943,
612 2498 775 2539 divinae
806 2498 1101 2539 incarnationis
1130 2493 1229 2547 443,
1262 2494 1498 2536 Marcianus
1511 2515 1545 2548 p.
1560 2502 1626 2537 160

26 2558 120 2613 pius
148 2557 291 2598 divino
323 2558 493 2597 decreto
540 2557 771 2610 imperator
806 2561 989 2596 ostensus
1022 2569 1163 2596 omnes
1197 2553 1267 2608 qui
1299 2553 1339 2591 in
1375 2550 1498 2591 exilio

27 2621 150 2656 erant
177 2615 403 2655 revocavit.
461 2612 684 2653 Pulcheria
715 2627 816 2653 vero
847 2626 1047 2666 perosum
1085 2608 1395 2665 Chrysaphium
1420 2623 1502 2647 eu-

29 2671 212 2712 nuchum
239 2671 417 2712 tradidit
447 2669 614 2709 lordani
642 2669 727 2709 filio
775 2669 950 2719 loannis,
982 2669 1052 2722 qui
1091 2665 1355 2722 tyrannidem
1385 2665 1499 2718 apud

28 2728 258 2768 Romanam
289 2728 435 2768 urbem
465 2726 676 2777 exercuit,
714 2727 937 2780 multisque
979 2725 1145 2765 Christo
1186 2723 1333 2762 erectis
1362 2722 1502 2762 cccle-

27 2784 112 2836 siis,
135 2785 446 2839 praecipueque
483 2784 525 2822 in
567 2783 807 2824 Blachernis
849 2781 1064 2822 laudabilis
1104 2779 1297 2818 dominae
1332 2784 1500 2819 nostrae

29 2839 95 2883 dei
125 2841 337 2896 genitricis
365 2842 406 2881 in
436 2839 646 2896 principio
679 2839 844 2894 imperii
876 2839 934 2894 pii
956 2837 1159 2880 Marciani
1189 2835 1402 2877 ecclesiam
1435 2835 1501 2875 fe-
