1728 3184
204 149 301 198 588
707 157 781 199 Λι)
821 157 1194 202 ΤΗΕΟΡΗΑΝΕΜ

201 285 308 326 que,
355 284 448 310 nam
480 271 688 312 Romanus
730 273 859 313 maius
904 272 1061 328 aliquid
1106 272 1277 313 tribuno
1318 270 1510 323 videtur,
1511 286 1666 337 supra

200 328 282 368 iam
315 327 571 368 Palaestinae
612 343 774 397 praeses
817 330 1003 371 victoriis
1037 328 1184 369 clai-,us
1256 327 1335 368 καί·
1355 342 1479 372 τινων
1506 323 1671 384 ἑτέρων,

198 382 664 438 στρατοπεδευσάμενος
693 401 750 435 ως
778 382 894 439 πρὸς.

312 454 407 507 226,
441 456 483 497 3.
542 458 796 512 στοατηγῶν.

307 533 415 576 Ibid.
446 535 488 576 7.
547 536 676 588 μέχρι
715 536 900 589 Συριων]
945 537 1083 576 malim
1116 533 1292 600 ,Σύρων
1328 541 1374 574 ut
1403 535 1529 590 paulo
1557 535 1665 576 infe-

198 591 296 632 rius.
352 605 476 644 γνους
506 590 552 633 δὲ
582 591 655 633 καί
683 592 831 646 Γλωην
859 590 930 632 τὸν
964 588 1202 646 στρατηγὸν
1241 591 1374 631 αὐτοῦ
1419 591 1663 646 ὁιαφθαρῆ-

196 661 266 689 ναι
284 647 599 700 μηχανώμενον.
638 663 728 690 cnm
748 659 785 689 ec
801 649 943 689 Gloem
964 650 1102 689 ducem
1130 663 1239 688 sunm
1266 663 1321 688 ex
1347 648 1508 688 insidiis
1535 650 1665 688 inter-

195 713 366 761 emptum
413 706 655 749 rescivisset.
723 706 781 745 sic
821 711 862 746 et
912 705 1112 746 Buccard.
1149 719 1232 744 non
1258 706 1395 760 perire
1436 713 1665 759 paratum3

198 774 302 857 quod
336 775 431 802 casu
479 775 564 801 non
618 760 896 802 recedendum
938 768 1061 810 erat,
1118 760 1187 802 scd
1236 761 1444 802 laboranti
1489 775 1666 801 succur-

196 831 271 860 ren
305 832 388 858 um.

307 900 491 952 227,18.
547 914 629 941 συν
659 900 923 957 Ἀοεοβίνδῳ]
957 899 1219 956 probandam
1241 891 1412 941 omnino
1438 900 1546 942 hanc
1566 901 1664 942 Vat.

197 956 218 997 1
267 955 488 997 lectionem
535 963 762 1012 suggerunt
812 959 978 1007 omnin,
1019 964 1110 998 tum
1155 971 1262 1012 quae
1302 958 1561 1011 praecedunt
1613 958 1665 999 de

192 1013 449 1064 AreobindO,
483 1019 571 1054 tum
601 1029 708 1069 quae
738 1020 984 1069 sequuntm,
1016 1013 1126 1054 nulla
1170 1013 1384 1054 mentione
1411 1013 1663 1055 Theodoti.

302 1093 493 1143 228,11.
551 1091 624 1134 καί
669 1093 709 1135 εἰ
749 1093 901 1146 μηδέν,
934 1088 959 1147 ἢ
989 1090 1126 1145 ὄλιγον
1153 1093 1212 1146 τι]
1247 1091 1367 1142 Baib.
1397 1094 1560 1134 tametsi
1586 1101 1663 1134 aut

192 1150 310 1199 nilnl,
339 1159 410 1190 aut
440 1150 631 1203 exiguum
661 1151 767 1206 quid
794 1151 983 1191 obtineret
1006 1165 1034 1190 a
1067 1150 1257 1189 Romanis
1274 1179 1286 1200 ,
1314 1148 1503 1190 redderet
1528 1159 1665 1190 tamen

189 1207 411 1249 Amidam.
456 1221 603 1261 pacem
634 1207 792 1247 faceret
821 1208 884 1247 vel
915 1207 1066 1272 iniquis
1096 1205 1422 1246 conditionibus.
1480 1207 1537 1246 sic
1564 1205 1666 1247 dare

190 1263 326 1304 solent
359 1263 399 1303 in
430 1263 648 1314 mandatis,
679 1263 752 1319 qui
783 1264 1005 1319 impensius
1025 1262 1276 1304 desiderant.
1309 1260 1662 1316 ἐπικοατήσαντα.

302 1335 381 1377 230
418 1336 481 1380 15
540 1349 635 1375 oms
666 1338 896 1384 κοινωνίας.
925 1334 1129 1391 μηνιαίας
1160 1332 1353 1384 ἅννόνας]
1385 1334 1507 1375 Cedr.
1538 1335 1665 1375 Barb-

187 1393 314 1449 Ρε)ι·.
347 1399 426 1433 etc.
484 1391 609 1432 τοῦτο
637 1392 684 1432 δὲ
713 1391 786 1433 καί
816 1391 889 1441 εἷς.
923 1395 1006 1434 hoc
1047 1391 1170 1435 Cedr.
1199 1391 1350 1431 clarius
1378 1391 1509 1432 effert.
1536 1392 1663 1432 τοῦτο

186 1449 235 1491 δὲ
266 1447 412 1503 πρώην
437 1445 512 1489 καί
539 1462 599 1496 εις
625 1445 870 1500 ἱεροσυλίαν
899 1447 1069 1504 ἔπραξε.
1099 1449 1160 1490 sic
1187 1463 1316 1504 nuper
1340 1449 1468 1495 etiam
1498 1449 1664 1489 sacrile-

185 1506 298 1560 gium
327 1514 598 1547 tractaverat.
631 1520 782 1561 egenos
808 1521 979 1564 quoque
996 1507 1220 1560 sacrilegos
1248 1504 1532 1547 munificentia
1561 1505 1663 1546 sub-

191 1563 266 1604 lev
258 1578 318 1604 ιι·
320 1569 363 1603 ut

297 1634 390 1690 232,
419 1635 460 1676 8.
516 1633 728 1690 κεφάλαια
759 1633 810 1677 δ’.

295 1707 400 1749 Ibid.
426 1708 491 1749 18.
547 1723 605 1757 ως
634 1707 878 1761 διαβάλλων
896 1704 1069 1759 αὕτούς]
1101 1708 1271 1750 volebat
1299 1707 1439 1748 mitius
1470 1706 1536 1762 agi
1561 1706 1661 1748 Fla-

188 1763 347 1813 viantis,
378 1781 429 1806 ne
461 1765 517 1806 sic
545 1766 657 1807 dicto
691 1766 732 1806 in
753 1768 935 1807 Leonem
966 1772 1009 1807 et
1040 1765 1248 1823 synodum
1279 1764 1538 1806 anathemate
1570 1764 1663 1818 plu-

190 1834 254 1860 res
281 1822 626 1863 offenderentur:
679 1823 861 1877 satisque
912 1822 1048 1863 videri
1086 1827 1135 1862 ut
1175 1822 1352 1877 synodus
1391 1822 1664 1862 damnaretur

188 1876 368 1932 silentiO,
384 1893 491 1933 quae
514 1886 653 1920 tamen
670 1880 754 1919 eins
777 1877 1011 1920 moderatio
1030 1893 1106 1920 nec
1124 1878 1345 1919 Catholicis
1373 1878 1555 1933 probata
1586 1882 1662 1926 est,

193 1947 271 1975 nec
301 1933 547 1983 haereticis3
591 1936 782 1991 utrisque
811 1950 906 1976 eum
937 1935 1292 1987 insimulantibus,
1324 1935 1548 1976 Catholicis
1579 1935 1665 1974 Eu-

190 1989 464 2046 tychianismi,
494 1991 712 2033 haereticis
740 1992 1081 2033 Nestorianismi:
1123 2007 1208 2047 quo
1247 1991 1307 2031 illi
1338 1992 1507 2032 nomine
1534 2004 1664 2056 syno-

189 2047 296 2088 ditas
325 2062 480 2098 omnes,
510 2049 553 2089 id
595 2054 685 2101 est,
738 2049 810 2103 qui
843 2049 1051 2105 synodum
1091 2047 1468 2091 Chalcedonensem
1498 2047 1662 2102 recipe-

193 2110 303 2156 rent,
329 2103 599 2147 infamabant.

301 2177 498 2223 233,12.
565 2177 638 2218 καί
675 2173 854 2232 ἔστησαν
897 2174 937 2219 οἱ
962 2176 1284 2232 Ἀλεξανδρεῖς]
1313 2178 1454 2219 malim
1480 2174 1661 2231 α’νὲστη-

189 2246 283 2287 σαν,
307 2239 355 2274 ut
381 2235 444 2288 sit,
470 2235 559 2277 solo
594 2244 920 2290 prostraverunt,
950 2245 1181 2276 everterunt
1215 2236 1442 2278 Anastasia·
1471 2243 1661 2276 statuam.

191 2297 396 2345 quantum
432 2291 541 2334 enim
588 2291 811 2342 cohaeret,
845 2299 891 2332 ut
931 2293 1186 2333 tumultuans
1231 2307 1314 2347 pro
1357 2292 1554 2346 episcopo
1582 2304 1658 2331 suo

190 2347 346 2400 civitas,
377 2349 504 2404 inque
530 2350 636 2389 cives
664 2349 871 2389 saeviente
899 2349 1107 2401 praeside,
1136 2350 1221 2391 sive
1239 2349 1436 2389 militibus
1459 2349 1545 2390 eius
1580 2362 1660 2387 no-

191 2404 317 2455 mine,
346 2405 405 2445 illi
436 2411 615 2446 statuam
650 2405 896 2459 imperatori
918 2405 1095 2460 erigant,
1127 2412 1170 2448 et
1200 2419 1284 2446 non
1311 2407 1466 2460 potius,
1493 2405 1526 2445 si
1555 2418 1663 2459 quae

189 2467 310 2516 erat,
339 2462 414 2503 sub
449 2462 521 2503 illo
550 2462 763 2503 seditionis
794 2468 908 2503 aestu
950 2461 1175 2504 deiiciant?
1213 2462 1272 2503 sic
1314 2462 1497 2503 eiusdem
1527 2463 1665 2501 Anast.

193 2533 261 2558 an.
294 2495 348 2560 26
383 2518 577 2560 laudante
606 2518 860 2559 Anastasium
892 2520 1116 2575 Augustali,
1148 2520 1234 2575 ipse
1263 2519 1435 2574 probris
1465 2524 1660 2571 exceptus

193 2581 267 2626 est,
299 2576 468 2631 eiusque
495 2576 769 2630 interemptus
801 2576 934 2619 filius:
973 2577 1031 2617 sic
1062 2577 1262 2616 nimirum
1290 2574 1562 2616 Alexandrini
1595 2574 1664 2613 in-

193 2631 309 2672 senso
343 2632 384 2672 in
406 2633 660 2674 Anastasium
688 2633 827 2673 animo
857 2641 991 2685 ειιιιιῐ,
1022 2633 1277 2689 facilesque
1267 2648 1306 2673 ιιι
1341 2631 1427 2674 eius
1459 2645 1663 2687 prorum-

195 2688 353 2743 pebant
386 2690 592 2731 iniuiiam·

303 2758 398 2814 234,
435 2760 499 2803 16.
555 2758 749 2816 καθάπερ
790 2760 862 2802 καί
885 2760 1031 2810 Ἠλίας
1074 2760 1095 2803 ὃ
1131 2757 1455 2818 Ἱεροσολύμων]
1501 2759 1662 2814 cogebat
