1728 3184
227 145 325 193 622
700 155 775 195 AD
814 146 1190 196 THEOPHANEM

335 266 432 319 497,
456 268 497 308 5.
553 265 794 322 σπαθάριον
822 269 967 313 αὐτοῦ
1023 265 1094 309 τὸν
1122 267 1689 322 συστράτηγονΣαρβαραζιὶ

224 320 388 394 σπεύσῃ
430 323 503 365 ἐπι
538 323 736 380 Περσίδα
788 340 848 374 εις
892 321 1174 379 συμμαχίαν]
1216 325 1316 379 Reg
1353 323 1434 365 ὑπὸ
1478 327 1562 367 τῶν
1583 326 1687 368 ‘-Pw

221 395 375 432 μαιων.

336 448 443 488 Ibzd.
477 446 540 488 19.
596 445 676 501 τήν
717 443 916 500 Χοσρόου
953 442 1177 500 ἐπιστολὴν
1207 444 1535 504 ἀποκτανθῆναι.
1591 446 1691 498 τούς

221 502 445 558 ἡγεμόνας.
476 502 552 544 τὸν
582 501 784 559 Χοσρόην
811 500 1115 557 ἀπεκήρυττον]
1148 505 1249 559 Reg.

335 567 532 622 498,13.
590 567 846 625 ἐστράτευσε
877 569 1087 625 Φοσρόης.

332 640 446 680 Ibid.
479 639 541 681 18.
599 639 668 680 ἱνα
689 637 822 717 τἡνίκα
854 636 1030 694 περάσῃ.
1087 635 1161 691 τήν
1185 652 1231 678 τε
1259 639 1464 693 γέφυραν.

331 705 529 758 499,18.
588 702 655 747 ὅτι
685 700 787 746 ὅταν
818 702 989 760 ἔφυγεν]
1019 708 1156 746 Anast.
1172 707 1269 761 Reg.
1302 707 1425 763 Peyr.
1456 707 1688 759 dysenteria

220 763 457 814 laborasse,
488 777 579 803 cum
613 764 732 813 abiit,
763 769 841 802 etc.
917 762 1021 802 male
1063 762 1423 827 edita‚conf13sa‚
1452 778 1500 803 ac
1529 764 1685 803 mutili

218 816 291 860 τὸν
318 816 428 860 ἴδιοι
457 815 559 860 υἱόν.
590 819 662 859 καί
689 814 756 857 ὅτι
784 817 1065 869 α’ντεπέρασεν
1093 815 1164 858 τὸν
1194 816 1383 869 ποταμὸν
1412 815 1550 860 πάλιν.
1581 821 1688 865 bene

218 879 358 916 Anast.
389 885 505 931 atque
531 889 724 929 regressus
759 876 905 915 iterum
936 889 1102 914 amnem
1131 878 1325 915 transiczt.

331 947 523 998 500,10.
581 945 1059 1001 γινωσκειςπῶς]Βο3
1083 946 1168 986 Pal.
1200 954 1278 989 etc.
1309 945 1425 999 ὑμᾶς
1452 949 1689 1000 προαναβι-

215 1000 347 1057 βάσαι
380 1001 479 1056 ἔχω.
508 1005 608 1059 Reg.
641 1004 764 1059 Peyr.
794 1009 872 1043 etc.

328 1076 494 1128 501,1.
555 1071 710 1123 ἄλλους
741 1090 950 1129 αρχοντας
979 1075 1053 1117 καί
1082 1089 1355 1130 στρατιωτας.

325 1150 435 1189 Ibid.
467 1148 507 1192 9.
565 1144 640 1189 καί
671 1141 734 1188 ὅτι
762 1147 803 1188 εἰ
830 1147 920 1199 μὲν.
979 1147 1019 1189 εἰ
1047 1148 1094 1189 δὲ
1124 1145 1411 1202 ἅστοχήσωσι.

325 1221 420 1272 502,
449 1222 487 1262 5.
547 1215 592 1263 ὅν
621 1218 753 1269 αὐτὸς
781 1220 1002 1274 ω’χύρωσε]
1033 1223 1132 1276 Reg.
1165 1227 1242 1262 etc.

330 1294 445 1336 Ibid.
469 1295 533 1335 12.
592 1291 666 1334 καί
695 1292 940 1335 ἀπέστειλεν
971 1291 1108 1334 πάντα
1138 1289 1313 1346 ἐχθρόν]
1343 1295 1445 1350 Reg.
1475 1300 1554 1335 etc.

325 1366 424 1419 503,
456 1368 494 1408 2.
553 1367 767 1424 Ζαχαρία,
801 1364 875 1407 καῖ
899 1371 985 1416 τοῖς
1022 1365 1196 1418 τιμίοις]
1232 1367 1271 1406 S.
1302 1367 1559 1421 Nice-phorus
1590 1370 1688 1408 Mo-

214 1426 377 1466 destum
409 1425 467 1464 ait
496 1432 586 1464 tum
607 1425 999 1479 Hierosolymorum
1030 1425 1287 1478 episcopum,
1318 1439 1414 1463 cum
1447 1440 1469 1464 a
1500 1425 1685 1465 Sarbaro

212 1483 313 1524 urbs
343 1487 463 1535 capta
494 1487 580 1532 est3
611 1482 890 1535 eundemque,
919 1495 1002 1520 non
1022 1480 1265 1521 Zachariam
1283 1479 1479 1520 reducem
1510 1495 1556 1521 ex
1577 1482 1685 1521 Per..

209 1539 297 1580 side
328 1552 497 1578 crucem
528 1539 745 1592 recepisse.
806 1538 909 1593 quid
944 1538 1112 1577 verius?
1141 1538 1309 1578 haereo.
1370 1551 1446 1576 nec
1477 1537 1592 1592 quod
1624 1539 1686 1577 in-

207 1601 367 1637 sertum
399 1594 526 1634 habet
553 1595 679 1649 Peyr.
711 1595 927 1649 refertque
947 1595 994 1634 P.
1010 1597 1127 1634 Goar
1157 1594 1196 1633 in
1229 1593 1352 1633 variis
1387 1594 1480 1634 tect.
1512 1594 1564 1635 de
1593 1596 1687 1634 Mo·-

210 1653 329 1692 desto
359 1652 585 1691 substituto
598 1650 823 1691 Zachariae
854 1651 1054 1691 defuncto
1073 1651 1114 1690 in
1145 1650 1286 1690 reditu
1315 1664 1336 1689 e
1359 1649 1543 1701 Perside,
1574 1650 1685 1691 aliud

211 1715 271 1750 est
305 1723 430 1763 quam
458 1707 670 1761 glossema,
702 1708 817 1762 quod
849 1714 939 1748 tum
961 1706 1209 1760 Theophani
1241 1712 1461 1760 repugnat,
1489 1713 1580 1746 tum
1610 1707 1688 1747 Ni·-

211 1764 413 1819 ceph0r03
446 1766 579 1805 altero
612 1771 780 1818 captam
808 1771 992 1805 sanctam
1014 1763 1225 1803 civitatem
1257 1763 1685 1815 asserenteModesto,

212 1823 294 1863 alio
323 1820 530 1860 Zacharia
561 1821 774 1875 episcopo.

319 1886 434 1930 Ibid.
463 1887 527 1927 15.
583 1884 796 1941 μυστικήν
818 1900 913 1927 τινα
943 1885 1145 1939 θεωρίαν]
1178 1887 1337 1938 mystici
1363 1886 1530 1942 aliquid
1554 1900 1687 1927 sensus

209 1946 255 1986 in
281 1959 331 1984 ea
360 1959 403 1983 re
430 1945 612 1999 implens.
643 1950 790 1983 notum
819 1942 1001 1998 mysticis
1032 1942 1133 1996 quid
1163 1942 1337 1994 amosa.

211 2071 312 2126 Reg
322 2010 429 2109 533·
453 2012 517 2053 15.
574 2011 888 2067 συμφωνοῦντα
933 2008 990 2066 τῷ
1029 2010 1188 2066 Σεργίῳ
1229 2009 1289 2057 εις
1337 2006 1385 2049 τὸ
1428 2005 1473 2050 ἓν
1500 2009 1684 2065 θέλημα]

320 2135 432 2176 Ibi-d
462 2134 529 2179 20.
602 2129 709 2175 ἔνθα
736 2132 817 2185 μία
852 2131 1041 2184 ἐνέργεια
1077 2129 1258 2186 εἴρηται]
1292 2133 1429 2172 iidem.
1455 2133 1682 2173 Perstricia

210 2195 292 2235 hoc
322 2206 432 2233 anno
459 2190 833 2232 monothelitarum
863 2188 1040 2229 haeresis
1063 2189 1253 2240 historia,
1282 2189 1423 2244 plures
1443 2189 1683 2243 complecti-

137 2296 142 2301 ,
209 2258 283 2291 tur
314 2263 471 2297 annos;
505 2263 581 2289 nec
609 2252 806 2287 accurate
850 2245 1005 2300 digesta
1049 2245 1117 2286 hic
1147 2246 1286 2286 omnia
1314 2247 1500 2300 probant
1530 2261 1684 2286 monu-

210 2313 364 2356 menta,
408 2304 466 2345 illi
500 2303 745 2346 retexendae
793 2302 889 2343 alias
931 2302 1068 2343 allata.
1145 2301 1185 2342 Γ
1183 2303 1359 2357 εωργιόυ
1388 2302 1436 2343 δὲ
1464 2301 1545 2342 τοῦ
1571 2301 1685 2344 Ἀλε-

211 2362 447 2417 ξανδρείας.

324 2428 421 2480 507,
451 2428 518 2469 21.
575 2423 616 2468 οἱ
645 2423 699 2467 τὰ
732 2421 935 2479 Σευὴρου.

322 2496 420 2549 508,
450 2495 491 2538 7.
547 2492 653 2549 μετὰ
685 2494 731 2536 δὲ
760 2489 836 2547 τὴν
862 2489 1060 2546 τελευτήν
1089 2493 1281 2546 Σεργιᾝου

323 2570 430 2621 510,
472 2569 512 2611 3.
579 2567 639 2625 τῷ
681 2565 840 2624 §mino
874 2564 959 2607 ἑτει
990 2563 1067 2619 τῆς
1112 2564 1332 2616 βασιλείας
1377 2564 1679 2615 Κώνσταντος]

213 2629 315 2684 Reg.
346 2635 428 2668 etc.

324 2699 423 2750 510,
454 2697 494 2739 7.
565 2696 613 2739 ἓν
641 2696 931 2764 Χερσωνικοῖς
969 2696 1059 2742 τοῖς
1097 2690 1285 2744 κλίμασι.
1350 2707 1434 2734 των
1475 2688 1683 2747 ἑσπερίων

213 2753 467 2805 ἐπισκόπων]
512 2755 613 2810 Reg.
659 2747 770 2793 οὕτω
799 2751 847 2792 δὲ
887 2749 961 2804 τῆς
989 2750 1098 2792 ἐκκλ.
1129 2764 1199 2790 και
1230 2746 1307 2803 τὴν
1332 2742 1537 2801 αθεσμον
1596 2765 1682 2792 me.
