1794 3250
561 231 634 272 Ex
672 229 1019 299 THEOPHANE.
1431 224 1528 271 273

72 355 166 384 nem
182 349 454 399 peccatorum
475 351 733 386 nostrorum.
766 345 831 385 isti
854 344 992 385 locum
1012 343 1125 384 sub
1113 344 1290 399 imperio
1321 343 1409 386 eius
1426 339 1529 385 ade-

72 400 248 453 ptisunt
274 401 483 455 intrepide
514 401 814 452 conversandi3
858 400 971 441 unde
997 401 1118 440 multi
1152 402 1354 441 leviorum
1388 401 1531 441 insan-

69 453 130 496 dis
160 470 308 498 eorum
334 458 526 512 corrupti
568 463 664 498 sunt
707 458 840 498 sectis.
900 458 941 497 in
974 456 1199 498 Exacionio
1229 471 1330 497 vero
1361 457 1578 512 quidamp.
1599 465 1668 503 760

69 512 191 552 falsus
219 515 391 555 eremita
424 513 612 554 Nicolaus
640 515 808 554 nomine
836 519 878 554 et
899 514 1068 569 quidam
1097 528 1194 553 cum
1223 527 1272 554 eo
1302 513 1530 568 blasphemi

71 569 169 609 facti
200 570 366 611 fuerant
384 572 509 612 etiam
532 569 637 611 recti
661 570 861 611 sermonis
891 569 1275 624 venerabiliumque
1308 569 1534 623 imaginum

70 625 321 676 adversarii,
357 642 460 683 quos
490 626 745 681 Nicephorus
776 626 1036 677 defendebat,
1065 631 1107 666 et
1135 627 1353 666 Summum
1381 627 1533 667 Sacer·-

69 680 216 722 dotem
257 697 483 739 omnesque
528 683 754 724 secundum
803 683 927 724 deum
968 683 1149 723 viventes
1179 683 1314 723 tristes
1347 682 1423 722 hac
1451 697 1533 736 pro

70 751 190 785 causa
234 739 446 780 reddebat.
509 754 649 805 saepe
685 754 863 795 namque
908 738 1099 779 adversus
1129 753 1197 779 eos
1228 740 1533 794 queritantibus

70 793 305 849 indignatus
339 802 420 847 est,
460 795 694 836 inimicitias
735 796 908 836 invicem
946 795 1248 850 coagitantibus
1278 795 1395 835 valde
1427 811 1533 835 con-

67 851 301 904 gratulans,
343 851 533 893 deridens
577 867 744 893 omnem
773 852 1054 892 Christianum
1085 852 1325 907 proximum
1355 851 1533 906 diligen..

68 913 152 947 tem
178 908 306 949 veluti
336 908 577 949 divinorum
605 908 899 949 mandatorum
924 922 1106 959 eversor,
1136 908 1203 948 cui
1232 909 1413 949 studium
1431 884 1535 948 nerat

67 963 222 1004 iudicia
251 965 553 1005 irrationabilia
588 970 630 1006 et
659 965 927 1006 rationabilia
955 972 1104 1005 contra
1134 980 1301 1005 omnem
1324 965 1533 1005 hominem

68 1019 109 1059 in
141 1021 392 1074 Magnaurae
436 1022 632 1076 poenalio
678 1021 995 1072 commovendi,
1043 1036 1150 1076 quae
1192 1035 1316 1061 nemo
1366 1027 1535 1062 vacaret

67 1090 191 1132 agere
218 1077 413 1119 adversus
455 1079 686 1144 impietates
717 1079 815 1119 eius.
885 1077 1065 1133 denique
1096 1078 1294 1119 militares
1322 1078 1535 1132 principes

68 1147 189 1174 more
217 1147 436 1174 servorum
464 1135 525 1174 uti
555 1135 757 1188 episcopis
774 1140 816 1174 et
838 1133 1047 1174 inferioris
1078 1134 1237 1174 01d1n¹s
1256 1134 1418 1174 clericis
1448 1135 1534 1174 ius-

65 1189 133 1240 sit,
163 1189 379 1231 audituros
425 1191 637 1246 episcopia
680 1197 721 1231 et
768 1191 1046 1241 monasteria,
1090 1191 1220 1231 ethis
1251 1205 1359 1246 quae
1386 1205 1535 1231 eorum

65 1251 199 1286 essent
228 1247 547 1287 auctorabiliter
579 1248 803 1294 abusuros;
845 1261 999 1302 eosque
1039 1247 1109 1301 qui
1140 1262 1161 1286 a
1190 1247 1352 1287 saeculo
1384 1247 1534 1287 divinis

67 1302 336 1343 contulerant
365 1304 571 1358 obsequiis
600 1319 728 1344 aurea
758 1303 823 1344 vel
844 1309 1040 1358 argentea
1061 1317 1153 1342 vasa
1183 1303 1463 1358 vituperabat,
1492 1309 1534 1344 et

67 1359 334 1399 ecclesiarum
363 1375 554 1415 quaeque
575 1366 733 1400 sacrata
758 1374 839 1414 pro
867 1359 1155 1400 communibus
1187 1360 1331 1400 habe1i
1361 1359 1535 1413 dignum

68 1415 160 1455 sore
205 1415 530 1470 dogmatizabat,
578 1417 708 1457 instar
739 1415 863 1456 ludae
911 1417 993 1456 tale
1032 1415 1134 1471 quid
1162 1430 1288 1470 supe1
1319 1394 1532 1456 douiinieo

68 1448 326 1512 decernentis
369 1480 597 1527 unguento.
665 1478 942 1513 antecessores
978 1487 1080 1513 vero
1113 1486 1209 1512 suos
1258 1472 1534 1527 imperatores

67 1527 280 1568 universos
322 1506 452 1569 veluto
474 1529 732 1583 improvidos
774 1530 1024 1579 accusabat,
1063 1528 1315 1583 generaliter
1347 1529 1535 1568 omnium

65 1583 379 1638 providentiam
418 1586 606 1626 auferens
624 1616 637 1637 ,
666 1586 784 1626 simul
827 1592 869 1625 et
897 1586 1035 1625 dIcens
1075 1585 1282 1626 neminem
1311 1599 1431 1639 posse
1461 1586 1536 1625 im-

65 1647 282 1695 perantem
326 1642 646 1693 circumveniri,
681 1642 713 1682 si
754 1642 939 1682 voluerit
979 1642 1010 1681 is
1041 1642 1114 1696 qui
1160 1642 1337 1695 imperat
1367 1647 1536 1681 strenue

63 1697 352 1752 principatum
390 1704 547 1743 tenere.
615 1699 685 1740 sed
715 1712 841 1738 vanus
885 1699 1016 1738 factus
1047 1705 1108 1738 est
1139 1698 1179 1737 in
1212 1698 1535 1751 cogitationibus

63 1754 144 1793 suis
174 1754 372 1795 divinitus
402 1754 667 1799 occidendus.
742 1754 899 1795 interea
926 1768 1065 1795 mense
1093 1754 1328 1795 Februario
1355 1754 1534 1795 eiusdem

66 1810 250 1852 decimae
271 1817 445 1867 quartae
476 1811 729 1862 indictionis,
748 1811 890 1865 primo
919 1810 1091 1851 sabbato
1122 1810 1388 1858 ieiuniorum,
1421 1811 1533 1851 obvii
1548 1826 1582 1861 p.
1602 1816 1668 1853 761

62 1867 162 1907 facti
190 1868 387 1908 Saraceni
424 1883 548 1922 penes
580 1868 827 1909 Euchaitam
863 1867 996 1908 Leoni
1036 1867 1227 1921 praetori
1262 1867 1534 1907 Armeniaco-

68 1938 177 1974 rum,
205 1923 410 1965 deferenti
441 1925 631 1966 thematis
669 1938 828 1979 rogam,
868 1924 976 1964 hanc
1005 1923 1267 1964 abstulerunt
1300 1938 1395 1964 cum
1421 1924 1531 1963 mul-

65 1980 245 2021 titudine
272 1982 419 2034 populi
449 1982 632 2035 copiosa.
705 1981 861 2022 talenta
891 1996 994 2021 vero
1027 1986 1147 2021 erant
1176 1980 1395 2031 sexdecim,
1425 1995 1533 2035 quae

61 2044 156 2076 suut
186 2036 317 2077 librae
346 2038 457 2077 mille
497 2044 540 2078 et
575 2044 799 2079 trecentae.
873 2043 914 2079 et
944 2051 1020 2077 nec
1049 2037 1105 2077 sic
1136 2037 1383 2090 redargutus
1412 2037 1532 2077 Mee-

61 2093 220 2146 pborus
264 2093 317 2133 ab
360 2094 534 2135 avalitia
571 2109 643 2135 sua
682 2095 869 2135 cessavit.
945 2094 985 2133 in
1019 2093 1077 2133 his
1113 2107 1213 2147 ergo
1246 2094 1368 2147 signis
1399 2107 1529 2132 novus

61 2148 202 2190 Achab
233 2163 318 2190 non
346 2150 561 2199 eruditus3
604 2151 677 2206 qui
721 2157 893 2199 contra,
923 2148 1144 2191 Phalaride
1173 2164 1221 2189 ac
1248 2149 1362 2190 Mida
1393 2150 1528 2189 ambi..

60 2205 210 2246 tiosior
239 2207 386 2254 factus,
419 2212 568 2248 contra
594 2207 798 2262 Vulgares
827 2208 1033 2262 praelium
1059 2213 1287 2260 praeparat
1315 2220 1398 2245 una
1431 2220 1527 2245 cum

59 2262 280 2303 stauracio
324 2263 410 2302 filio
439 2277 530 2304 suo.
585 2271 628 2304 ct
657 2264 762 2304 Iulio
795 2278 933 2304 mense
974 2278 997 2302 a
1026 2263 1140 2317 regia
1174 2263 1277 2302 uxbe
1306 2261 1522 2316 digressus,

56 2318 171 2360 iussit
199 2320 366 2360 Nicetae
396 2320 575 2373 patricio
605 2327 647 2361 et
691 2321 870 2375 generali
901 2319 1141 2375 logothetae
1168 2295 1373 2373 publicos²³
1387 2319 1524 2358 eccle-

56 2375 214 2416 siarum
242 2382 284 2416 et
310 2376 663 2417 monasteriorum
692 2391 835 2417 census
866 2378 1096 2431 imponere,
1129 2381 1171 2415 et
1194 2382 1291 2415 octo
1316 2388 1521 2414 annorum

54 2433 386 2486 praeteritorum
412 2432 711 2474 redhibitiones
734 2448 756 2473 a
777 2433 1017 2488 principum
1041 2431 1230 2472 domibus
1260 2430 1445 2484 exigere,
1476 2438 1519 2471 et.

55 2495 148 2530 erat
174 2488 400 2530 lamentum
430 2504 641 2544 magnum.
674 2503 770 2529 cum
800 2494 938 2530 autem
969 2488 1273 2544 querimoniam
1303 2486 1466 2526 audiret
1494 2501 1518 2526 a

54 2544 239 2600 quodam
266 2546 447 2600 proprio
470 2545 639 2596 famulo,
657 2545 897 2587 Theodosio
916 2545 1106 2586 videlicet
1119 2544 1304 2584 Salibara
1319 2542 1516 2595 patricio,

53 2603 219 2644 dicente
238 2603 316 2644 sihi
345 2607 527 2652 “omnes,
559 2617 584 2642 o
606 2601 789 2653 domine,
806 2609 955 2644 contra
977 2616 1050 2642 nos
1071 2602 1187 2640 clam
1190 2606 1266 2649 int,
1284 2600 1354 2638 ct
1345 2614 1383 2637 iu
1404 2605 1515 2638 tem-

53 2673 161 2712 pore
187 2661 429 2700 tentationis
453 2673 594 2698 omnes
624 2659 733 2699 casui
753 2665 897 2700 nostro
926 2629 1369 2712 congl·atulabun’‘’'tu1,
1387 2655 1446 2695 ait
1462 2655 1515 2694 ad

52 2729 147 2756 eum
175 2717 236 2757 “si
267 2715 364 2756 deus
392 2715 600 2755 obdurans
622 2714 847 2769 obduravit
875 2729 951 2755 cor
973 2729 1111 2754 meum
1139 2717 1185 2751 ut
1201 2710 1381 2762 Pharao,
1409 2711 1510 2767 quid

51 2771 152 2811 boni
172 2773 253 2813 erit
280 2773 340 2812 his
369 2773 440 2827 qui
464 2772 538 2812 sub
557 2786 682 2811 manu
703 2787 793 2812 mea
821 2772 944 2813 sunt?
968 2768 1255 2821 aNicephorO,
1284 2766 1509 2818 Theodosi,

52 2828 137 2869 noli
166 2835 384 2884 expectare
410 2833 581 2883 praeter
612 2843 718 2884 quae
746 2844 769 2869 a
799 2835 841 2869 te
880 2826 1227 2885 conspiciuntur?
1214 2827 1241 2843 '²
1298 2824 1401 2865 haec
1428 2825 1555 2878 do-p.
1574 2835 1640 2869 762

189 2912 424 2959 Theophanes
458 2914 502 2947 11
910 2903 911 2906 ¹
1219 2906 1261 2943 18
