1728 3184
458 186 642 228 NOTAE
687 190 1066 236 POSTERIORES.
1391 194 1487 240 635

28 295 72 336 S.
101 293 273 349 Niceph.
311 289 404 346 ἅμα
442 301 600 350 μικροῦ
640 299 876 352 πνεύματος
920 304 1290 364 ἀντιπνεύσαντος,
1316 311 1389 351 καί
1413 313 1489 352 τοῦ

26 348 208 405 ῥείθρου
235 348 498 398 εἰςτουπίσω
529 351 715 409 ἄγεσθαι
741 359 1006 410 βιαζομένου.
1063 365 1231 405 fuerunt
1258 365 1361 406 haec
1387 381 1487 407 cau..

25 422 92 448 sae
124 413 172 448 ut
199 421 275 448 eae
303 422 424 450 naves
446 411 503 451 ita
532 414 653 454 facile
682 414 846 455 incendi
874 418 1105 470 potuerint,
1135 429 1302 475 excepta
1321 422 1485 464 inarum

26 478 75 504 ex
100 463 226 517 mole,
253 469 299 505 et
322 477 452 507 onere
474 468 701 522 tarditate3
733 471 921 512 modicus
948 481 1104 524 ventus,
1136 492 1183 515 ac
1215 485 1353 518 auster
1380 493 1486 519 con..

27 519 196 572 statim,
222 520 393 575 ipseque
417 523 470 564 ad
491 524 761 580 Propontidis
791 529 925 568 fauces
943 529 1134 570 adversus
1166 532 1309 574 fluxus.
1337 541 1486 575 auctor

26 582 136 618 orat.
169 576 211 616 in
240 575 351 617 diem
390 579 538 621 festum
565 582 639 635 τῆς
674 580 931 624 Ἀκαθίστου
977 592 1085 626 auct.
1116 592 1216 626 tom.
1245 589 1268 628 2
1298 590 1486 643 pluribus

25 632 101 673 ista
129 633 431 688 prosequitur:
478 652 572 677 nam
622 644 664 678 et
692 639 797 679 hanc
838 641 1008 681 tertiam
1051 643 1164 682 urbis
1198 644 1486 687 liberationem

26 689 167 786 dixina
198 703 295 786 «gie,
322 705 372 730 ac
397 695 675 736 sanctissimae
705 696 768 737 dei
796 697 1005 751 genitricis
1025 699 1218 753 precihus
1246 715 1293 740 ea
1321 701 1387 742 die
1414 717 1486 743 re-

25 760 77 785 co
96 751 172 787 unt
247 747 370 787 raeci.

134 815 233 867 611,
261 817 307 859 8.
363 819 440 860 καί
482 818 728 871 ζυμοῦντες]
771 825 907 868 Anast.
950 841 1228 883 conspersum;
1263 827 1486 871 humanum

22 875 182 916 scilicet
210 880 384 916 stemus.
399 875 526 916 Cedr.
557 874 636 916 οὑν
656 876 793 930 ῥίζαις
820 883 997 934 βοτανῆς
1018 883 1328 935 τεθρυμμένως
1356 881 1487 936 ἕψον-

22 944 117 979 τεςε
146 945 240 972 cum
266 931 479 974 radicibus
506 935 721 974 laer-barum
751 938 855 976 tritis
884 939 1011 990 elixa,
1043 940 1101 978 ait
1130 940 1224 994 th.
1253 941 1485 982 Buccardus

24 1002 173 1041 panem
206 1001 252 1028 se
294 990 599 1030 stercoracium
639 991 806 1032 Parisiis
842 995 986 1035 vidisse
1029 996 1231 1035 miraculo
1275 1005 1485 1038 servatum

23 1049 213 1085 testatur.
638 1058 646 1064 ·

134 1117 248 1160 [bid.
271 1115 342 1158 20.
402 1117 576 1170 Σέργιος
608 1115 630 1156 ὅ
663 1117 1074 1177 Πρωτοσπαθάριος]
1105 1123 1228 1167 Barb.
1261 1131 1342 1165 ete.
1376 1120 1486 1165 ἴδιον

18 1173 221 1225 βασιλέας
251 1172 413 1215 addunt
441 1173 592 1229 reliqui
621 1183 792 1229 praeter
811 1177 912 1232 Reg.
960 1178 1005 1218 ὲκ
1033 1179 1115 1218 τῶν
1132 1174 1370 1231 ἀνθρώπων
1400 1178 1486 1220 αὕ-

19 1231 107 1270 τοιῗ.
175 1229 216 1269 S.
255 1229 429 1286 Niceph.
467 1230 551 1269 τῶν
602 1229 823 1284 ὑπηρετῶν
858 1247 950 1272 τινα
994 1234 1183 1287 Σεργίου,
1234 1236 1304 1275 ubi
1343 1237 1484 1277 Petav-

18 1285 220 1342 quendam
247 1301 304 1328 ex
332 1287 590 1343 apparitione
620 1287 752 1342 Sergii
785 1287 1063 1344 imperatorem
1103 1295 1350 1332 constituunt.

134 1355 235 1411 612,
266 1357 335 1400 17.
394 1351 460 1400 ὅτι
487 1358 562 1398 καί
598 1358 645 1399 τὸ
678 1361 902 1411 βασίλειον.

134 1428 231 1483 614,
265 1430 329 1473 18.
397 1431 458 1488 τῷ
488 1430 693 1482 δυσσεβεῖ
729 1434 926 1486 βασιλεῖ]
956 1435 1068 1490 atqui
1090 1436 1237 1486 semei,
1259 1443 1300 1477 et
1331 1437 1483 1478 iterum

22 1483 181 1542 ειῗσεβῆ
205 1487 390 1539 βασιλέα
438 1490 744 1542 appellaverat;
783 1491 1008 1545 piissimum
1051 1493 1363 1547 impemtorem;
1391 1499 1482 1534 tum

23 1544 221 1585 nimirum
250 1559 345 1585 cnm
386 1544 565 1586 necdum
608 1546 800 1587 ecciesiae
824 1548 985 1587 *turbas
1010 1548 1152 1598 cieret,
1184 1562 1318 1603 eoque
1346 1549 1483 1604 impe-

27 1606 147 1641 rante
175 1601 234 1640 sic
262 1600 403 1641 divina
433 1616 578 1641 manus
606 1606 827 1657 Augustam
858 1604 1002 1644 urbem
1036 1611 1292 1659 protegeret.

134 1671 232 1724 615,
263 1673 303 1714 5.
374 1673 721 1727 προεισελθόντες
763 1674 838 1715 τοῦ
880 1671 1032 1727 ἀνδρὸς
1070 1675 1214 1729 αὐτῆς]
1254 1678 1354 1731 Reg.
1399 1683 1479 1718 cte.

20 1743 108 1769 cnm
137 1731 223 1769 eius
249 1732 422 1771 maritus
449 1731 530 1770 Leo
559 1740 658 1771 ante
697 1733 887 1786 ingressus
926 1741 1049 1772 esset.-
1077 1732 1220 1786 sicque
1247 1734 1374 1773 moris
1406 1739 1480 1783 est,

23 1791 71 1826 ut
101 1786 173 1841 qui
202 1786 341 1826 maior
378 1793 438 1827 est
468 1786 606 1826 locum
636 1789 757 1841 prior
787 1788 929 1835 adeat,
973 1787 1275 1844 adeuntemque
1303 1791 1480 1830 alterum

20 1843 217 1897 excipiat.
248 1839 539 1896 προεσήμαντο
569 1843 802 1897 τεκμήριον.
832 1843 950 1885 Cedr.
982 1851 1060 1884 etc.

131 1919 229 1972 616,
264 1920 330 1962 19.
388 1918 465 1969 τὰς
493 1918 596 1975 πρὸς
625 1918 852 1977 συνήθειαν
881 1920 1021 1978 εὐχάς]
1048 1922 1171 1964 Barh.
1187 1922 1314 1979 Peyr.
1342 1928 1420 1964 etc.

133 1998 231 2050 617,
245 1997 285 2041 9.
344 2001 421 2041 καί
453 1997 552 2049 τούς
570 1999 837 2050 ΙΠοντάνους]
863 2001 1005 2042 haeret
1037 2001 1184 2041 Baron.
1213 2009 1242 2042 t.
1262 2001 1344 2055 91).
1376 2000 1477 2042 mihi

20 2054 88 2105 28,
114 2056 337 2112 multisque
378 2057 531 2098 nititur
563 2058 782 2098 ostendere
827 2071 907 2097 non
946 2072 1062 2112 posse
1109 2057 1209 2098 haec
1248 2058 1382 2111 accipi
1425 2058 1477 2098 dc

18 2113 209 2153 Montani
244 2113 408 2169 antiqui
435 2113 748 2155 haeresiarchae
776 2115 1055 2164 sectatoribus,
1086 2113 1201 2168 quod
1231 2114 1259 2153 ii
1289 2130 1310 2153 a
1341 2113 1478 2167 bapti-

18 2182 108 2208 nmo
143 2184 227 2210 non
254 2170 315 2210 sic
342 2169 652 2211 abhorrerent:
682 2185 760 2224 ego
789 2170 852 2211 vel
889 2171 1058 2211 maxime
1084 2170 1135 2211 de
1164 2170 1241 2210 iuis
1269 2170 1477 2223 accipien-

19 2224 119 2265 dum
149 2226 364 2268 existimo:
411 2241 488 2268 nec
518 2228 627 2267 enim
668 2227 833 2267 iliorum
869 2227 1067 2281 baptisma
1104 2231 1240 2265 ratum
1270 2232 1372 2276 erat,
1402 2225 1477 2280 qui

17 2281 78 2322 sic
105 2281 147 2321 in
178 2284 382 2335 trinitate,
410 2290 454 2324 et
480 2284 634 2338 spiritu
664 2289 804 2324 sancto
835 2290 1036 2324 errarent.
1091 2282 1231 2336 potuit
1260 2296 1361 2335 ergo
1390 2282 1475 2321 Leo

22 2337 76 2377 ad
107 2338 303 2381 ecclesiae
336 2355 485 2380 verum
524 2341 726 2394 baptisma
766 2354 916 2394 cogere
937 2370 948 2391 ‚
979 2338 1092 2394 quod
1137 2338 1195 2378 sic
1224 2338 1281 2378 illi
1307 2336 1478 2392 indigne

18 2394 209 2447 tulerint,
237 2401 286 2435 ut
316 2396 371 2436 ob
400 2411 491 2437 eam
522 2411 684 2436 causam
710 2411 752 2436 se
779 2396 949 2437 flammis
972 2395 1227 2436 devoverint.
1253 2395 1339 2448 ipsa
1366 2407 1477 2448 pro-

17 2450 160 2506 phetia
178 2483 190 2503 ,
217 2467 301 2508 qua
332 2451 524 2493 inductos
567 2453 626 2493 ait
653 2452 926 2506 Theophanes
961 2452 1010 2491 ad
1040 2465 1178 2490 necem
1207 2450 1283 2490 sibi
1313 2451 1477 2490 consci-

15 2507 236 2560 scendum,
282 2509 505 2550 character
545 2508 713 2564 quidam
754 2509 942 2549 videatur
968 2507 1153 2547 Montani
1195 2506 1301 2546 illius
1330 2510 1477 2556 sectae,

19 2563 92 2618 qui
122 2578 234 2606 novo
258 2565 318 2606 issi
347 2566 515 2619 spiritui
558 2572 696 2606 totum
738 2565 976 2605 eredebant.
1041 2562 1282 2603 Timotheus
1304 2563 1479 2617 presby.

14 2623 95 2660 ter·
109 2621 191 2662 ΟΡ.
212 2623 323 2662 inter
350 2623 596 2676 praecipuos
614 2635 778 2661 errores
799 2619 1151 2668 Toseodurorum‚
1168 2618 1241 2674 qui
1262 2633 1310 2658 ex
1323 2617 1477 2672 Epiph.

15 2672 132 2719 haer.
175 2676 232 2719 48
270 2678 396 2719 iidem
443 2686 539 2719 sunt
594 2692 642 2717 ac
681 2676 988 2731 Cataphryges,
1026 2674 1361 2723 Paulicianislae,
1401 2674 1478 2729 ipsi

14 2730 311 2784 montanistae,
342 2735 451 2775 hunc
472 2733 605 2790 pouit,
638 2733 753 2789 quod
770 2730 991 2784 βάπτισμα
1020 2728 1477 2795 διασύρουσι,.ιιὶίεεῃιε

0 2790 158 2852 νῦοῑῑωίι
188 2796 356 2832 externa
389 2790 577 2847 symbola
609 2795 827 2844 respuunt;
860 2802 993 2843 eoque
1018 2787 1178 2841 primos
1207 2792 1342 2841 ponit,
1373 2800 1476 2841 quos
