1768 3268
574 222 646 262 Ex
684 220 1030 262 THEOPHANE.
1311 233 1314 236 ·
1436 221 1458 262 1
1467 216 1529 263 69

67 336 150 371 teas
177 337 438 384 procurator
466 333 679 375 Osroenae
719 334 771 374 ad
803 335 911 375 Hiad
939 335 1051 388 apud
1081 334 1328 387 Chalcidem,
1361 341 1402 376 et
1432 349 1534 389 spo-

67 387 308 440 ponderunt
337 389 373 428 ei
418 389 518 430 dare
543 406 622 445 per
658 391 838 446 singulos
877 406 1005 431 annos
1035 399 1203 432 centum
1241 392 1353 432 milia
1393 392 1534 432 numi-

59 449 258 494 smatum,
289 458 340 484 ne
369 447 860 502 transii-etEuphratem‚
890 462 1025 502 neque
1056 447 1107 487 ad
1136 462 1283 501 pacem
1316 463 1451 504 neque
1480 448 1533 488 ad

64 499 220 539 bellum
240 506 434 550 armatus,
463 518 681 558 quousque
704 505 981 558 quantitatem
1003 504 1094 543 auri
1122 504 1374 557 persolvant.
1405 519 1532 559 prae-

63 559 180 594 terea
212 558 382 596 Ioannes
398 558 619 600 Hedessam
639 559 777 611 rediit,
807 567 850 600 et
878 575 1060 600 annuum
1077 575 1243 600 censum
1274 559 1453 600 delatum
1481 560 1533 599 ad

61 611 241 651 Hiadum
271 614 509 655 transmisit.
582 616 796 656 Heraclius
839 621 974 657 autem
1017 616 1099 656 hoc
1130 615 1271 656 audito
1304 617 1533 657 obnoxium

60 667 261 708 iudicavit
306 670 525 721 loannem,
571 673 686 726 quod
729 673 885 727 absque
925 673 1132 727 imperiali
1164 672 1243 712 hoc
1272 673 1420 713 fecerit
1452 688 1532 712 no-

58 724 193 772 tione3
230 739 354 779 quem
385 727 631 768 accersitum
669 729 788 770 exilio
820 728 1127 770 condemnavit.
1203 743 1336 783 porro
1368 743 1448 783 pro
1481 744 1530 769 eo

59 779 240 821 destinat
267 782 534 824 Ptolomeum
565 784 774 839 quendam
801 786 1045 840 magistrum
1075 784 1267 826 militum.

169 864 288 903 Anno
319 865 487 920 imperii
527 868 708 908 Heraclii
741 868 795 909 98
824 875 1027 923 ceperunt
1071 869 1225 909 Arabes
1256 868 1531 908 Antiochiam»

58 924 100 958 et
131 919 271 960 missus
314 927 374 962 est
403 923 588 964 Mauhias
622 925 671 964 ab
703 926 890 965 Humaro
932 931 1108 980 praetor
1148 931 1189 966 et
1219 940 1375 965 ameras
1404 926 1530 965 totius

57 975 250 1030 regionis,
279 991 386 1032 quae
409 979 486 1020 sub
509 981 726 1022 Saracenis
753 988 862 1035 erat,
893 982 942 1022 ab
961 984 1150 1038 Aegypto
1181 981 1372 1022 videlicet
1401 997 1531 1037 usque

58 1030 111 1071 ad
139 1031 412 1086 Euphratem.

164 1118 285 1170 Anno
301 1133 403 1159 vero
422 1119 588 1174 imperii
604 1121 784 1162 Heraclii
801 1121 854 1163 29
870 1123 1138 1163 transmeavit
1151 1121 1285 1162 laidus
1304 1137 1398 1162 cum
1416 1121 1530 1162 omni

51 1173 199 1213 militia
226 1189 299 1215 sua
324 1175 606 1230 Euphratem,
637 1186 679 1218 et
707 1179 821 1219 venit
852 1179 1084 1219 Hedessam.
1142 1178 1363 1219 Hedesseni
1392 1184 1529 1218 autem

52 1231 285 1282 aperientes
312 1241 565 1286 acceperunt
591 1235 769 1275 verbum
804 1251 886 1275 una
917 1250 1012 1276 cum
1043 1235 1217 1290 regione
1245 1237 1528 1290 magistroque

50 1286 230 1327 militum
277 1302 326 1327 ac
357 1289 576 1340 Romanis,
619 1291 691 1345 qui
721 1306 816 1331 cum
845 1292 935 1346 ipso
968 1298 1099 1332 erant.
1159 1297 1200 1330 at
1230 1291 1289 1330 illi
1320 1292 1526 1331 Constan-

49 1341 150 1381 tiam
181 1343 361 1395 abeunt,
408 1345 795 1402 depopulantesque
828 1348 940 1387 illam
968 1348 1181 1402 accipiunt
1210 1348 1333 1400 bello,
1364 1354 1406 1387 et
1435 1354 1523 1387 tre·
1537 1346 1656 1392 p·522

48 1404 190 1438 centos
219 1400 429 1440 Romanos
467 1402 742 1455 interimunt;
785 1410 825 1444 et
855 1403 969 1444 illinc
999 1405 1140 1445 abiere
1171 1404 1314 1455 Dalas,
1345 1409 1386 1444 et
1413 1403 1523 1443 bello

45 1453 154 1494 hanc
183 1456 561 1512 comprehendunt,
593 1466 635 1499 et
657 1460 698 1498 in
732 1460 800 1499 illa
828 1460 1034 1514 plurimos
1065 1461 1269 1517 perdunt,
1300 1461 1525 1515 taliterque

46 1516 182 1568 totam
213 1513 558 1568 Mesopotamiam
588 1515 754 1556 Iahidus
785 1517 908 1571 cepit.

158 1587 278 1625 Anno
318 1585 486 1640 imperii
515 1588 695 1628 Heraclii
724 1588 778 1629 30
807 1588 1004 1630 Saraceni
1047 1589 1176 1629 aciem
1205 1589 1451 1630 direxerunt
1480 1589 1522 1629 in

44 1638 284 1690 Persidem,
328 1648 370 1682 et
400 1643 546 1684 ineunt
575 1659 671 1684 cum
701 1645 757 1685 eis
785 1645 967 1698 bellum,
995 1652 1281 1701 potenterque
1311 1645 1522 1686 vincentes

46 1711 187 1736 omnes
228 1698 307 1738 sibi
338 1699 481 1740 Persas
520 1701 706 1742 subditos
737 1702 937 1743 reddunt.
995 1702 1234 1742 Hormisdas
1265 1709 1417 1754 autem,
1449 1703 1522 1756 qui

42 1751 178 1794 Persis
193 1753 439 1808 imperabat,
464 1755 515 1796 ad
533 1757 753 1798 interiores
766 1759 909 1799 Persas
928 1759 1026 1813 fuga
1056 1759 1190 1812 lapsus
1213 1758 1366 1798 dimisit
1396 1774 1522 1812 rega-

45 1807 111 1848 lia.
150 1815 213 1857 ,at
250 1825 352 1852 vero
390 1813 589 1854 Saraceni
631 1815 811 1869 captivas
849 1814 1004 1856 duxere
1047 1814 1243 1856 Chosrois
1284 1815 1384 1855 filias
1425 1830 1521 1855 cum

43 1864 156 1904 omni
187 1866 302 1920 regio
334 1875 552 1923 apparatu,
582 1875 625 1910 et
655 1870 898 1912 detulerunt
928 1871 980 1911 ad
1007 1870 1256 1912 Humarum.
1288 1871 1521 1926 eodemque

43 1935 153 1961 anno
186 1922 301 1963 iussit
331 1924 492 1966 Humar
534 1927 771 1966 universum
801 1927 980 1969 describi
1014 1928 1190 1981 orbem,
1221 1928 1293 1982 qui
1324 1928 1399 1968 sub
1430 1929 1519 1982 ipso

40 1983 149 2016 erat.
180 1979 289 2019 facta
317 1987 377 2021 est
406 1988 546 2023 autem
577 1981 803 2038 descriptio
832 1990 918 2025 tam
950 1983 1170 2026 hominum
1201 1999 1328 2040 quam
1356 1985 1519 2025 iumen..

40 2039 182 2073 torum
211 2041 253 2075 et
282 2036 465 2091 frugum.

151 2108 272 2148 Anno
294 2109 459 2164 imperii
488 2112 549 2151 sui
568 2110 619 2152 31
644 2112 860 2153 Heraclius
882 2114 1068 2154 moritur
1090 2114 1322 2170 imperator
1349 2114 1514 2171 hydro-

40 2161 160 2217 picus
193 2165 339 2217 factus‚
375 2181 470 2208 cum
500 2169 740 2224 imperasset
771 2171 884 2209 annis
915 2171 1096 2211 tricenis.

152 2238 334 2292 Imperat
354 2246 492 2281 autem
512 2249 607 2296 post
638 2258 734 2283 eum
751 2244 1043 2284 Constantinus
1065 2244 1169 2284 filius
1191 2242 1278 2284 eius
1306 2243 1512 2284 mensibus

38 2297 266 2346 quattuor,
296 2310 543 2352 venenoque
574 2299 822 2354 propinatus
862 2315 885 2340 a
923 2301 1105 2340 Martina
1148 2314 1329 2340 noverca
1365 2315 1436 2339 sua
1471 2307 1512 2339 et

35 2348 204 2403 Pyrrho
234 2352 478 2404 patriarcha
505 2356 718 2407 moritur,
748 2362 791 2397 et
820 2357 1001 2411 imperat
1027 2356 1276 2398 Heraclonas
1306 2356 1511 2396 Martinae

34 2404 141 2445 filius
169 2421 264 2446 cum
293 2415 427 2450 matre
458 2411 653 2455 Martina.

147 2480 267 2519 Anno
298 2480 464 2535 imperii
481 2482 739 2524 Heraclonae
760 2483 900 2538 primo
932 2485 1046 2539 capit
1069 2482 1250 2524 Mauhias
1269 2484 1508 2523 Caesaream
1520 2494 1637 2541 p.523

32 2532 287 2576 Palaestinae
326 2544 422 2592 post
453 2539 715 2593 septennium
753 2539 978 2579 obsidionis
1009 2541 1106 2592 eius,
1137 2547 1179 2581 et
1206 2540 1361 2579 occidit
1389 2540 1430 2578 in
1461 2555 1508 2580 ea

31 2596 189 2643 septem
215 2593 328 2633 milia
356 2595 656 2635 Romanorum.
723 2596 872 2637 eodem
910 2612 1018 2637 anno
1043 2603 1204 2637 senatus
1234 2595 1389 2648 repulit
1418 2596 1504 2636 He..

32 2645 246 2688 raclonam
277 2664 357 2690 una
385 2665 481 2690 cum
510 2653 690 2692 Martina
720 2658 855 2692 matre
883 2652 986 2693 illius
1016 2668 1063 2692 ac
1091 2652 1340 2701 Valentino,
1367 2652 1507 2706 lingua

30 2701 238 2744 Martinae
268 2711 310 2745 et
341 2721 438 2747 naso
471 2707 730 2748 Heraclonae
760 2709 963 2755 abscissis;
996 2709 1134 2762 eisque
1164 2709 1204 2747 in
1237 2708 1403 2747 exilium
1431 2709 1506 2749 de-

29 2757 188 2798 stinatis
218 2760 270 2799 ad
300 2763 585 2818 principatum
617 2765 886 2805 Constantem
917 2766 1047 2804 filium
1064 2764 1337 2814 Constantini,
1371 2779 1505 2819 nepo..

35 2818 120 2855 tem
138 2815 331 2872 Heraclii,
359 2821 613 2874 provehunt,
642 2821 715 2876 qui
744 2821 966 2876 imperavit
992 2820 1105 2862 annis
1124 2819 1192 2861 27.
1222 2835 1318 2861 sane
1336 2821 1502 2877 Pyrrho
