1768 3268
207 194 236 238 8
773 191 1094 235 PRAEFATIO.

206 312 447 350 noscuntur.
508 324 654 348 verum
697 309 793 362 quia
838 307 1040 362 quosdam
1075 306 1225 344 horum
1268 302 1463 341 mentitos
1507 301 1548 340 iu
1573 302 1665 355 qui-

203 366 373 406 busdam
405 366 524 405 fuisse
555 371 596 404 et
626 364 827 419 quaedam
859 361 1179 417 praetermisisse
1211 359 1432 413 probatur,
1467 357 1667 412 quemad-

201 422 373 462 modum
403 427 444 460 et
473 427 636 460 sanctus
666 435 771 474 papa
804 420 1032 474 Gregorius
1064 418 1114 458 de
1146 419 1379 456 sozomeno
1411 414 1668 468 apertissime

202 478 358 528 scribit,
388 478 560 517 obsecro
583 477 796 517 mendacia
816 491 963 516 eorum
982 475 1086 515 veris
1107 470 1484 528 approbationibus
1505 486 1665 526 arguas,

203 540 244 575 et
274 549 381 590 quae
415 535 644 573 omiserunt
674 533 937 573 nihilominus
964 531 1165 585 suppleas.

319 590 469 644 Accipe
488 590 628 645 itaque
659 589 752 641 hoc,
774 589 994 639 carissime,
1015 586 1335 640 incompositum
1357 598 1476 638 OPUS,
1497 591 1540 625 ct
1562 584 1666 625 nihil

201 662 338 687 meum
369 648 409 686 in
438 646 518 686 hoc
545 661 717 700 prorsus
748 647 943 686 insertum
963 658 1207 699 praenosce.
1238 648 1280 683 et
1307 641 1340 682 si
1371 642 1557 682 decessus
1585 643 1667 682 mei

203 703 346 744 debito
374 708 622 757 praeventus
642 703 904 756 propositum
932 716 1035 755 opus
1056 714 1131 755 ego
1150 700 1282 740 minus
1313 698 1364 739 ad
1384 697 1542 739 calcem
1563 713 1667 753 per-

201 759 378 810 duxero,
409 766 457 799 tu
475 765 610 799 tamen
631 759 675 799 id
698 759 889 813 deperire
910 758 1077 798 minime
1094 762 1254 811 patere,
1284 755 1356 796 sed
1386 755 1428 794 in
1461 763 1669 810 quantum

202 822 274 866 est,
300 815 478 871 qualiter
495 822 536 856 et
555 816 624 855 ubi
646 815 815 856 libuerit
837 821 966 858 utere.
997 828 1131 869 porro
1161 814 1193 854 si
1211 814 1321 853 sorte
1344 827 1365 852 a
1385 827 1452 852 me
1480 812 1557 852 tibi
1593 819 1665 853 aut

203 887 248 912 ex
282 874 446 912 Graeco
477 873 694 912 transferri
725 878 796 912 aut
826 887 871 912 ex
904 871 1071 912 diversis
1101 871 1348 910 Latinorum
1381 868 1669 922 conscriptio-

201 929 332 979 nibus,
364 943 469 983 qnae
499 928 694 970 historiae
720 935 815 969 tuae
845 929 1009 979 inseras,
1049 926 1246 968 deflorari
1276 925 1495 977 desideras,
1529 925 1668 967 liben-

199 991 265 1024 ter
298 987 376 1025 tuis
406 985 648 1026 satisfaciam
681 986 798 1026 votis.
829 991 990 1025 tantum
1021 984 1225 1024 industria
1258 990 1329 1024 tua
1358 983 1527 1023 interim
1559 998 1668 1038 apo-

199 1042 343 1082 stolice
373 1042 519 1082 doctus
550 1042 590 1081 in
622 1042 789 1083 nomine
819 1042 976 1082 domini
1009 1055 1139 1095 opus,
1175 1041 1290 1096 quod
1322 1040 1557 1091 hortamur,
1593 1055 1667 1080 ar-

199 1098 346 1151 ripiat,
379 1103 421 1138 et
454 1099 567 1153 qaod
599 1098 905 1139 imminentibus
947 1098 1065 1138 nobis
1110 1097 1359 1151 proposuit,
1401 1102 1666 1153 exsequatur.

196 1168 330 1208 porro
365 1154 421 1194 sic
452 1169 527 1209 ego
561 1170 607 1196 ex
638 1155 697 1195 his
730 1155 891 1196 duobus
907 1154 1132 1194 illustribus
1165 1155 1262 1194 viris
1296 1154 1500 1209 quaedam
1529 1153 1667 1194 deflo-

199 1225 293 1250 rare
323 1212 550 1265 proposui,
582 1212 628 1251 ut
656 1226 760 1265 pene
801 1212 951 1262 omnia,
982 1225 1088 1266 quae
1120 1226 1244 1265 supra
1275 1211 1499 1251 nominatis
1528 1210 1667 1251 histo-

197 1267 426 1321 riographis
469 1274 793 1308 commemorata
839 1274 960 1318 sunt,
1007 1284 1029 1307 a
1060 1282 1126 1308 me
1168 1267 1536 1308 commemoranda
1580 1283 1664 1308 non

197 1322 393 1363 duxerim.
465 1339 510 1364 ex
543 1324 729 1365 civilibus
758 1332 896 1365 autem
929 1325 1048 1380 gestis
1089 1325 1295 1379 quaedam
1324 1325 1562 1364 summatim
1595 1341 1668 1365 ex-

197 1379 358 1432 cerpsi,
405 1381 587 1435 quamvis
623 1397 644 1420 a
694 1382 922 1421 Iustiniano
970 1382 1164 1435 principe
1203 1397 1251 1421 ac
1297 1380 1489 1436 deinceps
1532 1397 1667 1436 pauca

197 1435 405 1476 omiserim
435 1451 581 1477 eorum
609 1452 713 1492 quae
744 1439 793 1477 ab
822 1438 881 1477 his
910 1437 1244 1491 chronographis
1275 1438 1406 1478 relata
1440 1444 1549 1479 sunt.
1582 1454 1666 1479 non

196 1493 316 1541 enim,
351 1500 396 1532 ut
426 1494 631 1546 praelatus
647 1495 901 1535 beatissimus
916 1494 1192 1547 Theophanes
1219 1510 1260 1535 se
1278 1495 1443 1549 opinari
1477 1501 1668 1548 testatur,

195 1547 383 1588 modicae
414 1551 595 1589 fructum
617 1552 804 1591 utilitatis
825 1552 961 1605 carpit
983 1552 1053 1606 qui
1087 1551 1324 1604 priscorum
1355 1552 1503 1606 relegit
1533 1559 1666 1593 actus.

197 1618 275 1644 oro
307 1612 444 1645 autem
476 1607 658 1647 omnium
679 1608 895 1649 caritatem
924 1608 1031 1647 hanc
1054 1607 1280 1648 editionem
1308 1616 1493 1649 nostram
1525 1609 1668 1664 legen-

196 1662 323 1710 tium,
368 1667 413 1700 ut
445 1663 474 1702 si
522 1663 560 1702 in
592 1679 638 1704 ea
669 1666 908 1720 proficuum
950 1666 1176 1720 quicquam
1209 1666 1445 1716 invenerit,
1474 1667 1667 1706 decentes

199 1718 423 1771 gratiarum
467 1721 646 1760 actiones
680 1723 787 1770 deo,
830 1737 876 1762 ex
910 1737 995 1777 quo
1039 1727 1099 1761 est
1129 1736 1250 1763 omne
1291 1724 1474 1775 bonum,
1514 1723 1668 1764 devote

199 1774 431 1827 persolvat,
477 1782 518 1815 et
554 1791 633 1830 pro
676 1779 795 1820 nobis
825 1778 1047 1819 ineruditis
1083 1783 1126 1818 et
1155 1781 1447 1833 peccatoribus
1484 1787 1667 1835 propter

203 1830 417 1869 dominnm
450 1846 570 1872 orare
601 1849 650 1873 ne
670 1836 818 1888 pigeat.
877 1850 1011 1890 porro
1044 1835 1206 1889 si‘quid
1238 1836 1456 1877 inhoneste
1483 1837 1669 1891 positum

202 1887 419 1938 repererit,
450 1887 811 1944 indisciplinationi
853 1900 1020 1932 nostrae
1041 1892 1124 1930 hoc
1153 1893 1358 1948 imputans
1390 1894 1553 1934 veniam
1586 1893 1668 1934 do-

202 1949 283 2005 net.
341 1950 505 2038 gfff-atum
551 1947 658 1987 enim
699 1957 758 1990 est
787 1949 864 1989 deo
894 1956 934 1990 et
972 1955 1195 2002 acceptum
1226 1950 1342 2006 quod
1373 1951 1411 1992 ei
1439 1950 1667 1993 secundum

200 2012 308 2038 vires
336 2014 360 2038 o
395 2007 528 2041 ertur.

368 2099 552 2156 Explicit
574 2105 773 2159 prologus.
831 2106 981 2163 Incipit
1009 2108 1339 2166 chronographia
1371 2110 1591 2166 tripartita.

768 2376 969 2387 *rr-*q*
980 2383 1029 2387 ⁴-
1073 2387 1085 2391 ι
