1768 3268
197 190 257 239 14
391 194 672 240 ANASTAsn
714 194 975 239 HlsTomA
1015 190 1441 238 ECCLESIASTICA
1457 211 1459 215 ⁴

191 309 270 354 cet,
300 302 616 342 Constantinum
647 307 690 342 et
708 302 1024 349 Constantium3
1057 305 1099 340 et
1131 300 1170 339 in
1202 296 1357 338 seniori
1387 294 1556 351 quidem
1572 295 1660 335 Ro..

62 366 252 412 p 750ma
285 360 552 399 Constantem
582 359 913 412 imperatorem,
945 357 985 397 in
1016 371 1124 396 nova
1155 370 1256 397 vero
1288 357 1423 394 Roma
1452 352 1661 393 Constan-

190 417 334 465 tinum,
365 416 405 455 in
440 414 662 455 Antiochia
704 421 843 455 autem
885 413 1174 454 Constantium
1214 409 1381 451 dimisit..
1454 408 1522 449 hic
1564 410 1662 448 fecit

187 473 422 512 consulatus
449 471 609 515 decem.
668 471 733 511 isti
761 476 857 526 post
885 470 1205 511 Constantinum
1236 466 1520 522 regnaverunt
1545 467 1661 506 annis

188 530 253 570 29.
312 529 490 568 lulianus
523 527 638 568 annis
681 528 705 568 2
737 535 778 568 ct
807 541 957 567 mense.
996 527 1155 567 occisus
1186 532 1245 566 est
1275 525 1316 564 in
1342 522 1532 563 Perside.
1592 525 1660 564 lo-

187 586 329 626 vianus
371 585 578 625 mensibus
605 584 647 625 9.
688 584 1006 625 Valentinianus
1053 597 1224 637 magnus
1265 587 1307 622 et
1345 579 1494 621 Valens
1526 580 1660 620 frater

185 643 271 682 cius
300 642 414 682 annis
450 640 500 684 10
532 641 737 681 mensibus
769 639 807 681 9.
864 641 940 682 sub
965 639 1139 680 Valente
1167 636 1462 694 martyrizatus
1494 642 1554 676 est
1567 637 1661 676 Do-

187 699 372 749 rotheus,
407 712 497 738 esca
525 698 703 738 traditus
734 697 774 738 in
810 696 1072 738 venationem
1102 696 1154 737 ab
1171 694 1371 735 Arrianis.
1434 692 1662 732 Gratianus

184 761 227 795 et
256 755 569 796 Valentinianus
601 754 757 806 iunior,
787 754 860 794 filii
880 752 1175 803 Valentiniani,
1199 758 1241 792 et
1271 767 1366 791 cum
1387 750 1444 790 eis
1462 749 1662 789 Theodo-

186 813 267 851 sius
299 826 496 866 magnus,
527 811 641 851 annis
665 810 728 851 15.
786 825 922 865 porro
953 824 1063 849 anno
1087 809 1110 848 2
1142 809 1262 849 huius
1284 806 1448 862 imperii
1480 805 1661 846 secunda

185 868 367 924 synodus
417 866 493 908 150
523 873 764 908 sanctorum
805 872 973 921 patrum
1019 864 1382 919 Constantinopoli
1435 864 1541 903 sacta
1585 869 1660 903 est.

183 923 384 965 Arcadius
403 930 445 964 et
463 924 673 964 Honorius
691 923 762 963 tilii
786 924 871 964 eius
891 923 1005 964 annis
1029 922 1078 962 13
1100 922 1309 963 mensibus
1330 920 1370 965 3.
1399 919 1661 965 Theodosius

185 982 327 1021 iunior
353 981 468 1020 annis
498 979 553 1020 42
585 981 792 1020 mensibus
823 981 871 1028 2;
900 981 978 1021 sub
1026 993 1112 1035 quo
1141 978 1292 1034 Ephesi
1324 978 1447 1019 tertia
1477 975 1661 1032 synodus

185 1037 267 1078 200
298 1043 540 1077 sanctorum
563 1044 733 1091 patrum
764 1037 872 1077 facta
902 1043 974 1087 est,
994 1042 1036 1076 et
1065 1035 1263 1087 secunda,
1296 1050 1404 1090 quae
1435 1034 1660 1074 latrocina-

185 1095 231 1135 lis
261 1093 429 1145 dicitur,
463 1094 530 1133 cui
560 1094 743 1147 praefuit
769 1093 1184 1147 Dioscorusimpius.
1243 1092 1474 1133 Martianus
1505 1098 1548 1131 et
1578 1091 1663 1130 Va-

188 1151 432 1191 lentinianus
463 1150 576 1190 annis
592 1149 668 1197 29;
699 1150 775 1190 suh
807 1165 892 1205 quo
917 1149 1182 1190 Chalcedone
1205 1156 1354 1204 quarta
1387 1153 1526 1188 sancta
1559 1161 1660 1202 syn-

62 1207 290 1261 p.7.‘’)lodus
317 1205 398 1247 630
426 1212 667 1246 sanctorum
706 1214 875 1261 patrum
905 1206 1012 1246 facta
1055 1211 1127 1246 est.
1199 1207 1286 1245 Leo
1330 1219 1501 1258 magnus
1545 1204 1663 1244 annis

191 1262 255 1304 16.
314 1264 399 1304 Leo
429 1265 580 1313 minor,
602 1278 698 1302 cum
733 1268 942 1316 regnasset
965 1277 1060 1302 cum
1089 1268 1213 1316 patre
1242 1275 1351 1302 anno
1383 1276 1494 1312 uno,
1524 1261 1662 1300 mori-

186 1328 269 1361 tur.
326 1321 438 1360 Zeno
480 1319 596 1360 annis
639 1318 688 1359 17
718 1333 814 1358 cum
842 1318 1036 1359 Basilisco
1076 1319 1113 1359 2.
1189 1319 1421 1359 Anastasius
1460 1318 1576 1358 annis
1607 1316 1661 1358 27

185 1377 389 1417 mensibus
421 1373 460 1416 4.
521 1375 696 1416 lustinus
730 1376 870 1415 Thrax
913 1375 1029 1416 annis
1058 1373 1084 1415 9
1113 1374 1257 1416 diebus
1287 1375 1355 1416 23.
1415 1374 1664 1415 Iustinianus

185 1448 353 1487 magnus
383 1433 498 1472 annis
518 1431 572 1473 38
600 1432 742 1472 diebus
763 1431 816 1480 7;
847 1432 922 1472 sub
952 1447 1038 1487 quo
1060 1432 1429 1486 Constantinopoli
1464 1433 1572 1472 sacta
1602 1438 1663 1471 est

184 1497 323 1529 sancta
360 1489 545 1546 synodus
581 1489 738 1543 quinta.
812 1489 990 1529 Iustinus
1035 1504 1166 1543 nepos
1198 1489 1437 1540 Iustiniani,
1464 1488 1582 1528 annis
1611 1488 1661 1527 12

186 1547 390 1587 mensibus
423 1546 472 1586 10
505 1545 648 1586 diebus
679 1544 748 1586 20.
770 1545 945 1599 septimo
977 1559 1088 1586 anno
1121 1545 1288 1600 imperii
1324 1546 1444 1585 huius
1475 1543 1662 1598 comple-

186 1608 252 1643 tus
282 1609 343 1644 est
381 1603 517 1658 cyclus
551 1616 655 1642 unus
694 1603 824 1642 sancti
860 1601 1036 1656 paschae
1079 1617 1289 1647 annorum
1330 1601 1439 1653 532,
1476 1616 1524 1642 ex
1573 1615 1662 1656 quo

187 1659 378 1700 dominus
423 1665 564 1699 noster
591 1661 708 1699 ,Iesus
753 1657 938 1700 Christus
977 1659 1198 1700 crucifixus
1232 1666 1306 1711 est,
1349 1659 1581 1700 indictione
1621 1656 1663 1709 6,

188 1731 296 1757 anno
328 1732 351 1756 a
381 1716 594 1757 creatione
620 1715 767 1756 mundi
796 1713 919 1756 5065.

299 1790 494 1831 Tiberius
525 1789 639 1830 annis
659 1788 699 1830 5.
754 1789 978 1830 Mauricius
1014 1790 1131 1830 annis
1164 1788 1216 1831 20
1246 1788 1454 1830 mensibus
1475 1784 1515 1829 4.
1545 1788 1664 1829 Pho-

189 1861 256 1887 cas
288 1848 403 1887 annis
434 1853 561 1897 octo,
599 1846 754 1887 occisus
799 1852 870 1887 est.
938 1847 1150 1887 Heraclius
1204 1847 1320 1887 annis
1350 1845 1403 1886 31
1443 1860 1524 1886 una
1566 1861 1662 1886 cum

189 1904 275 1944 filio
309 1918 396 1944 suo.
454 1905 581 1944 tertio
612 1916 720 1943 anno
751 1903 915 1957 imperii
943 1903 1064 1944 huius
1085 1904 1212 1944 Persa
1247 1903 1456 1944 Chosroes
1486 1904 1663 1943 multam

186 1968 354 2013 partem
388 1961 599 2001 Romanae
628 1959 690 2000 rei
719 1961 911 2014 publicae
944 1962 1079 2014 cepit,
1112 1960 1429 2015 devastavitque
1459 1960 1662 2001 Hieroso-

188 2016 368 2072 lymam,
416 2022 458 2058 et
488 2017 739 2057 venerabilia
786 2016 876 2057 loca
907 2017 1092 2057 incendit
1112 2048 1123 2066 ‚
1157 2023 1199 2057 et
1231 2017 1491 2072 populorum
1521 2016 1662 2071 copias

187 2073 416 2128 captivavit
458 2088 540 2112 una
571 2088 666 2113 cum
706 2073 946 2127 patriarcha
973 2074 1173 2114 Zacharia
1213 2081 1255 2114 et
1286 2074 1481 2129 pretiosis
1514 2073 1662 2128 lignis,

187 2136 230 2170 et
262 2130 302 2170 in
336 2129 548 2170 Persidem
578 2130 707 2170 duxit.
780 2144 888 2175 anno
919 2137 1059 2171 autem
1089 2131 1174 2172 eius
1208 2131 1259 2171 12
1302 2131 1505 2172 Chosroes
1534 2131 1662 2171 Persa

61 2206 84 2241 p
110 2186 463 2241 752interemptus
495 2193 568 2235 est,
601 2193 644 2226 et
671 2186 884 2241 captivitas
915 2194 1112 2228 revocata
1134 2194 1207 2239 est,
1229 2193 1271 2228 et
1291 2187 1455 2228 vivifica
1489 2202 1591 2227 crux
1619 2187 1660 2226 in

187 2242 269 2283 suis
299 2244 491 2283 restituta
520 2248 580 2283 est
609 2243 709 2283 locis
740 2258 880 2284 rursus
911 2245 1071 2284 erectis.
1129 2250 1232 2284 tunc
1265 2250 1308 2284 et
1342 2246 1540 2285 Saraceni
1577 2246 1661 2283 orsi

186 2304 281 2339 sunt
304 2299 582 2340 universitatis
610 2298 907 2340 desolationem
923 2299 1033 2341 6126
1065 2315 1174 2342 anno
1190 2333 1201 2352 ‚
1223 2301 1452 2342 indictione
1483 2301 1521 2341 7.
1543 2301 1658 2340 Con-

186 2356 387 2397 stantinus
429 2356 534 2395 fitius
566 2355 651 2396 cius
689 2356 802 2395 annis
833 2355 897 2396 29.
955 2356 1021 2397 hic
1054 2357 1094 2397 in
1127 2358 1266 2398 Sicilia
1295 2358 1544 2399 interfectus
1574 2363 1661 2403 est;

186 2414 260 2453 suh
290 2428 376 2468 quo
408 2411 588 2466 plurima
619 2426 715 2465 pars
747 2413 805 2452 rei
833 2413 1024 2466 publicae
1069 2430 1089 2453 a
1121 2414 1336 2454 Saracenis
1368 2414 1553 2454 desolata
1583 2419 1660 2453 est.

189 2469 482 2508 Constantinus
513 2483 641 2522 nepos
673 2468 853 2508 Heraclii
885 2470 998 2509 annis
1024 2470 1101 2522 173
1137 2472 1211 2511 sub
1243 2487 1326 2526 quo
1359 2472 1606 2526 Byzantium
1638 2485 1659 2509 a

189 2525 403 2564 Saracenis
437 2525 696 2564 devastatum
727 2531 802 2578 est,
833 2533 874 2565 et
902 2535 1012 2566 sexta
1039 2528 1220 2582 synodus
1252 2527 1302 2568 13
1335 2541 1445 2567 anno
1476 2529 1562 2567 eius
1597 2527 1662 2566 fa·-

187 2588 253 2620 cta
286 2588 346 2621 est
387 2582 765 2634 Constantinopoli.
808 2589 849 2621 et
893 2589 1039 2622 contra
1082 2583 1312 2624 Saracenos
1351 2584 1532 2624 viriliter
1562 2584 1660 2638 egit,

187 2651 388 2677 coercens
417 2652 484 2678 eos
513 2638 562 2677 ab
593 2636 753 2691 impetu
782 2644 929 2678 contra
959 2641 1168 2679 Romanos
1202 2641 1358 2692 habito,
1391 2641 1551 2695 hosque
1582 2641 1659 2680 de-

190 2694 342 2734 terruit
372 2693 613 2747 plurimum.
677 2694 918 2734 lastinianus
951 2696 1055 2735 filius
1097 2698 1180 2736 eius
1221 2699 1337 2737 annis
1385 2696 1450 2740 10,
1522 2699 1661 2736 Leon-

190 2750 271 2789 tius
304 2751 420 2790 annis
451 2749 491 2790 3.
546 2750 765 2798 Tiberius,
810 2751 880 2805 qui
913 2757 954 2790 et
995 2752 1256 2805 Ahsimarus,
1290 2753 1405 2794 annis
1436 2752 1474 2793 7.
1536 2753 1661 2793 lusti-

191 2807 337 2849 nianus
364 2806 563 2847 secundus
592 2807 706 2847 annis
736 2806 778 2848 (5.
837 2806 1102 2862 Philippicas,
1134 2811 1205 2865 qui
1235 2816 1276 2852 ct
1307 2808 1554 2863 Dardanius,
1585 2825 1659 2848 an-
