1728 3184
688 180 889 222 NOTAE.
1432 172 1529 222 467

175 297 274 348 389,
290 294 332 341 ὃ.
388 296 448 353 τῷ
474 294 518 336 δ’
547 293 660 351 αὐτῷ
687 295 793 348 μηνὶ
818 292 1126 349 πρεσβεύουσιν
1155 291 1195 335 οἱ
1220 293 1433 351 Ἀβάρεις]
1464 296 1534 336 Si.
1578 301 1580 305 '

68 360 256 396 mocatta·
281 368 306 394 a
332 367 426 407 cap.
453 352 481 394 3
512 352 584 392 lib.
620 353 639 392 1
673 351 725 391 ad
745 351 786 391 8.

179 426 286 469 Ibid.
310 425 373 466 18.
433 422 651 477 Χαγοὶνος]
679 423 888 479 dignitatis
907 437 1072 463 nomen.
1093 422 1252 475 Suidas,
1283 420 1306 462 ὅ
1324 423 1408 464 τῶν
1424 422 1535 462 Σκυ-

65 481 159 522 θῶν
184 477 383 536 ἆρχηγός.
414 481 653 533 ιςργτῆαηωι
683 479 789 520 duae.
844 480 1074 519 Simocatta
1107 479 1175 518 lib.
1207 478 1233 519 7
1261 494 1354 534 cap.
1381 479 1425 519 8.
1454 478 1538 519 ufir·

67 535 253 589 ἡγεμόνα
281 538 333 592 τῇ
360 537 438 577 τοῦ
476 533 682 588 Χαγάνου
727 536 990 592 προσηγορίᾳ
1025 530 1330 590 φαιδρύνουσι.
1396 535 1538 574 ducem

67 593 258 649 Cltagani
280 595 445 634 nomine
468 595 687 633 honestant.

178 671 274 723 390,
301 671 342 715 5.
399 670 446 712 ἐν
481 670 529 712 δὲ
567 670 622 726 τῇ
649 668 832 725 α’νατολῇ
868 667 1066 723 Ἰωάννην
1106 667 1175 710 τὸν
1217 666 1538 718 Μουστάκωιια]

66 728 293 770 Simocatta
323 742 414 781 cap.
446 726 484 768 9.
543 717 657 783 ᾧπερ
699 723 922 777 ἐπώνυμον
950 722 1000 765 τὸ
1030 726 1106 778 τῆς
1135 721 1328 776 ὗπερώας
1360 724 1541 777 χελύνης

63 782 328 838 κατάκομον,
372 782 420 824 ὃν
463 780 515 837 δὴ
546 780 619 822 καί
657 779 935 823 Μυστάκωνα
970 779 1283 834 προσηγόρευον
1315 777 1538 831 “Ρωμαῖοι.

62 843 130 880 cui
159 856 216 881 ex
241 841 491 895 longitudine
530 841 750 895 superioris
787 839 900 878 labri
928 840 1114 890 mystacis
1128 869 1140 889 ‚
1187 837 1367 878 Romani
1394 851 1540 889 cogno-

62 906 239 937 mentum
268 897 507 949 Mystaconi
547 896 806 936 indiderant.
877 892 1075 947 μύστακα
1109 894 1363 934 recentiores
1394 894 1542 946 profe-

64 959 167 992 runt
194 952 418 1004 μουοτιίκι,
450 968 495 993 ex
535 968 622 1007 quo
666 957 871 1005 corrupte
907 946 1254 997 Μουστάκωνας.
1316 949 1402 988 eius
1428 955 1539 1002 gesta

63 1009 220 1049 delibat
249 1010 453 1063 Euagrius
484 1009 539 1048 lib
571 1007 598 1048 ὃ
631 1023 720 1062 cap.
753 1007 790 1047 2.

174 1081 283 1137 [bid.
312 1081 353 1121 8.
417 1077 728 1134 Καρδαρήγας]
762 1080 1029 1129 Simocattae,
1057 1078 1215 1133 ubique
1244 1077 1538 1131 Καρδαρίγας·

63 1138 120 1178 ita
148 1139 313 1193 pariter
346 1138 554 1192 plerisque
582 1136 704 1177 codd.
725 1152 798 1176 ms.

175 1211 286 1252 Ibid.
319 1211 384 1251 15.
444 1204 607 1257 ὕπατος
636 1204 658 1249 ὃ
687 1204 889 1260 βασιλεὺς
919 1204 1234 1260 ἀναγορεύεται]
1274 1221 1369 1246 cum
1398 1207 1541 1246 consui

62 1267 173 1308 idem
205 1269 275 1323 qui
318 1269 551 1321 imperator
598 1282 618 1305 a
652 1265 864 1305 iustiniani
910 1264 1173 1318 temporibus
1204 1262 1540 1312 renuntiaretur,

63 1331 105 1366 et
134 1324 392 1365 retineretur
420 1329 677 1378 perpetuus,
721 1336 831 1361 anno
860 1320 1055 1360 Mauricii
1086 1321 1242 1373 primo,
1271 1320 1341 1374 qui
1372 1320 1450 1358 fuit
1477 1320 1542 1358 in-

62 1380 258 1424 dictionis
287 1381 466 1434 primae,
498 1394 630 1419 vacuo
659 1378 899 1418 consuiibus
928 1382 1101 1430 reperto
1129 1376 1312 1428 (πρῶτος
1342 1376 1544 1426 [Innupt-

62 1436 176 1489 κίον]
207 1434 401 1483 ἐνιαυτὸς
434 1432 644 1482 α’νύπατος
671 1435 800 1475 habet
833 1434 982 1474 chron.
1012 1432 1228 1485 Alexand.)
1261 1446 1392 1471 annus
1421 1433 1542 1470 Mau..

66 1493 161 1534 ricii
190 1492 415 1544 secundus,
459 1498 502 1532 et
542 1491 685 1532 indict.
718 1491 743 1531 2
788 1490 1025 1530 consulatus
1071 1489 1156 1528 eius
1186 1488 1370 1541 primum
1397 1501 1542 1526 nume-

63 1565 162 1591 rare
191 1555 429 1604 coeperunt
448 1563 494 1589 ex
514 1548 662 1588 eodem
692 1547 840 1586 chron.
862 1544 1010 1586 ἶνδικτ.
1041 1543 1096 1597 β’,
1127 1539 1237 1595 μετὰ
1256 1540 1386 1583 ὑπάτ.
1407 1543 1540 1582 Μαυ-

62 1602 202 1660 ρικιόυ
240 1605 439 1659 Τιβερίου
469 1601 726 1656 Αὐγούστου
756 1600 803 1643 τὸ
838 1602 1003 1653 πρῶτον
1032 1598 1177 1652 μόνου.
1234 1591 1455 1640 indictione
1479 1614 1543 1639 se-

61 1663 210 1703 cunda.
268 1677 376 1702 anno
403 1661 572 1702 secundo
613 1664 725 1714 (post
759 1658 1020 1699 consulatum
1063 1656 1256 1696 videlicet
1283 1656 1443 1695 Tiberii
1469 1669 1541 1694 an-

62 1733 162 1759 num
194 1726 409 1774 quartum,
446 1732 580 1772 quare
622 1718 829 1770 interpres
868 1715 1009 1768 inepte
1041 1728 1149 1752 anno
1180 1713 1381 1752 Mauricii
1404 1726 1540 1751 secun-

58 1776 141 1827 do.)
172 1776 384 1817 Mamicio
422 1775 584 1814 Tiberio
628 1773 739 1826 Aug.
771 1773 950 1828 primum
997 1771 1081 1810 solo
1110 1769 1282 1809 consule.
1338 1767 1539 1809 videndus

0 1879 4 1881 λ
61 1833 234 1873 omnino
267 1832 497 1872 Simocatta
528 1831 599 1871 lib.
632 1833 652 1873 1
684 1843 779 1883 cap.
814 1831 878 1872 12.

171 1905 280 1947 Ibid.
314 1903 382 1944 17.
440 1900 729 1957 προβάλλεται
769 1900 818 1942 δὲ
847 1896 1124 1948 Φιλιππικόν]
1153 1898 1380 1938 Simocatta
1411 1896 1480 1939 lib.
1515 1899 1535 1939 1

61 1975 154 2016 cap.
187 1964 251 2012 13,
281 1961 487 2015 Euagrius
521 1960 593 2000 lib.
626 1957 653 1998 6
683 1972 775 2013 cap.
808 1957 848 1997 2.
1382 1993 1386 1997 ,

170 2043 268 2096 391,
296 2043 339 2084 8.
394 2042 446 2085 τοὶ
473 2041 556 2097 γάρ
570 2041 814 2094 Σκλαβίνων
845 2036 969 2094 ἔθνη]
1002 2038 1256 2079 incursiones
1288 2050 1434 2078 eorum
1467 2050 1535 2076 re-

58 2103 144 2143 fert
171 2102 400 2142 Simocatta
429 2115 518 2155 cap.
541 2099 581 2150 7,
613 2098 760 2139 Suidas
789 2097 841 2137 de
858 2097 1069 2148 Sclavinis‚
1100 2094 1281 2136 Σκυθῶν
1309 2090 1433 2140 ἔθνος
1461 2105 1535 2132 πε-

57 2159 192 2213 ράθεν
219 2158 296 2198 τοῦ
315 2151 499 2211 Ἴστρου,
524 2156 700 2208 Scythae
728 2164 840 2196 trans
860 2153 1023 2194 Istnan.

171 2242 280 2282 Ibid.
314 2244 376 2285 11.
444 2238 545 2290 τούς
589 2235 769 2294 δήμους]
805 2238 944 2296 plebes
987 2235 1128 2278 reddit
1161 2233 1423 2276 Anastasius:
1454 2245 1531 2285 ego

51 2300 198 2355 populi
204 2300 433 2352 sactiones.

55 2427 70 2467 Ι
142 2372 279 2436 Ἰῠίιί.
312 2373 378 2416 16.
434 2365 754 2425 Ἀνδραγάστῳ]
788 2367 846 2408 ita
878 2366 1126 2407 Anastasius.
1158 2362 1361 2405 videndae
1386 2359 1531 2400 variae

73 2434 268 2469 ectiones.

166 2501 277 2543 Ibid.
312 2499 376 2541 19.
435 2493 693 2545 Φιλιππικὸς
724 2493 954 2548 ἀναλαβών
991 2492 1042 2535 τὰ
1072 2488 1384 2546 στρατεύματα]
1418 2502 1528 2528 anno

53 2557 247 2598 Mauricii
276 2556 459 2597 secundo
490 2556 673 2606 ineunte,
701 2555 791 2608 ipso
818 2554 899 2593 iam
931 2550 1111 2598 consule,
1142 2552 1339 2590 Ioannem
1369 2545 1528 2585 Orien-

54 2613 199 2661 talium
233 2615 455 2668 copiarum
483 2611 644 2662 ducem,
676 2610 727 2651 de
762 2624 845 2665 quo
868 2623 978 2649 anno
998 2606 1196 2661 principis
1227 2603 1341 2643 istius
1370 2601 1526 2655 primo,

54 2668 258 2724 dignitate
289 2677 453 2710 motum
496 2669 692 2708 observat
730 2667 959 2707 Simocatta
995 2663 1047 2703 ad
1076 2677 1170 2715 cap.
1205 2663 1255 2703 12
1285 2657 1453 2708 calcem,
1483 2663 1527 2697 et

51 2725 334 2782 Philippicum
367 2725 585 2766 confestim
611 2724 896 2778 subrogatum.
956 2720 1157 2776 quocirca
1175 2717 1250 2757 sub
1282 2713 1378 2755 anni
1406 2712 1548 2766 tertii·

5 2794 10 2802 ”
50 2782 288 2837 primordia
315 2783 459 2838 potuit
498 2781 567 2821 hic
606 2787 777 2821 narrata
819 2779 982 2833 exequi.
1051 2777 1136 2830 ipse
1165 2774 1395 2815 simocatta
1426 2783 1520 2824 cap.
