1728 3184
487 166 671 208 NOTAE
709 168 1092 214 POSTEmoREs.
1405 167 1497 214 581

42 266 205 308 tertiam
246 268 586 322 contignationem
629 280 896 324 assurgentes,
934 274 978 314 in
1006 275 1223 315 ecclesiam
1251 276 1501 317 consecrarit.

40 322 154 363 nulla·
188 321 291 363 haec
331 326 369 364 vi
412 325 603 377 reddita,
634 327 852 381 mirorque
879 331 1149 383 interpretem
1177 338 1363 372 secutum
1390 332 1501 373 Buc-

39 380 214 419 cardum
243 380 303 419 sic
347 380 481 420 alieno
508 396 625 422 sensu
659 382 905 434 reddidisse,
934 391 981 424 ut
1010 387 1276 440 praecipuam
1305 387 1499 428 Dioscuri

40 435 204 475 laudem
229 441 376 490 ponat,
418 438 534 492 quod
563 438 708 493 Cyrilli
736 439 922 493 cognatis
950 455 1139 482 accensus
1168 443 1233 494 sit,
1266 457 1499 498 eorumque

38 492 236 545 superbas
272 491 374 532 adeo
404 493 521 534 aedes
550 495 730 550 profano
771 496 856 534 ritu
885 498 1209 545 consecraverit;
1244 514 1368 553 quem
1394 513 1503 539 con-

39 552 125 587 stat
148 547 275 588 miras
307 549 347 588 in
371 549 516 604 cyrini
546 557 743 604 cognatos
775 551 969 593 excitasse
996 553 1227 607 tragoedias
1258 555 1332 595 illis
1364 555 1502 596 infen-

39 603 258 652 sissimum,
291 618 367 645 nec
395 605 506 646 aliud
547 608 652 647 velle
690 607 956 662 Theophanis
988 609 1125 659 verba,
1155 616 1200 649 ut
1228 617 1269 650 et
1297 610 1407 664 apud
1428 612 1503 652 Ni..

40 658 220 713 cephor.
251 667 294 701 et
322 660 448 703 Cedr.
481 662 644 703 reddita
675 668 786 704 sunt.
846 669 957 705 extat
982 664 1150 720 querela
1178 665 1387 707 Athanasii
1418 668 1502 724 Cy-

43 715 125 756 rilli
154 730 202 757 ex
243 731 393 758 sorore
423 721 584 772 nepotis
622 720 674 761 de
713 719 789 759 hac
823 721 1187 771 suarum‘aedium
1218 723 1503 775 publicatione

42 771 84 812 in
115 771 281 813 concilii
308 773 498 815 Chalced.
528 782 609 816 act.
624 775 664 816 3.
682 791 801 830 super
825 776 923 816 haec
944 785 1092 828 autem,
1122 786 1167 817 ut
1191 792 1318 833 neque
1344 779 1503 820 habita·

39 829 192 870 tionem
218 830 402 886 aliquam
420 832 670 883 haberemus,
695 841 850 873 nostras
867 833 1006 873 domos
1026 836 1296 889 praeparavit
1320 834 1504 875 ecclesias

28 883 150 938 fier-1⁴3
178 899 309 926 mam
324 888 552 928 Athanasii
581 899 724 940 quarto
752 898 852 928 tecto
885 890 1205 944 supet-tacentem,
1234 898 1274 930 et
1296 903 1402 944 quae
1422 905 1504 946 pm

38 954 116 980 sua
138 942 336 996 positione
363 944 529 983 ecclesia
546 943 659 998 fieri
698 959 777 985 non
800 953 950 998 potest,
976 947 1076 1001 quia
1105 946 1382 1001 complectitur
1406 961 1498 986 cum

31 996 261 1051 praedictis
288 998 472 1039 domibus
497 1001 623 1040 etiam
651 1002 761 1041 alias
788 1002 975 1040 minimas
1001 1002 1157 1050 domos,
1185 1011 1224 1041 et
1245 1002 1373 1041 laedit
1399 1015 1499 1042 con-

35 1053 181 1092 tinens.
238 1053 323 1107 ipse
341 1055 616 1110 Theophanes
640 1071 749 1097 anno
779 1058 968 1111 sequenti
1002 1057 1138 1110 posito
1170 1056 1237 1097 hic
1268 1057 1319 1097 de
1352 1057 1499 1112 Cyrilli

37 1114 316 1163 cognatorum
338 1114 552 1152 vexatione
579 1113 728 1153 clarius
759 1119 941 1154 enarrat.
999 1113 1194 1152 nimirum
1225 1113 1397 1153 timebat
1425 1127 1497 1154 su-

36 1164 192 1218 perbus
219 1164 372 1218 homo,
405 1183 477 1218 ne,
512 1169 572 1209 uti
614 1170 653 1208 in
683 1168 918 1223 Theophilo
959 1183 1008 1208 ac
1052 1168 1209 1224 Cyrillo
1251 1170 1403 1222 nepot'e
1433 1170 1498 1209 fa-

37 1226 152 1260 ctum
177 1227 280 1272 erat,
310 1223 368 1263 sic
395 1224 587 1278 deinceps
618 1225 857 1266 Athanasius
876 1254 888 1275 ‚
929 1225 1080 1265 aliusve
1106 1239 1129 1266 e
1171 1226 1314 1280 Cyrilli
1346 1225 1497 1266 familia

37 1276 154 1317 urbis
181 1279 463 1321 sacerdotium
511 1281 745 1337 arriperet,
777 1288 823 1322 ut
851 1287 972 1321 erant
1013 1281 1053 1320 in
1084 1296 1129 1321 ea
1159 1281 1348 1336 potentia
1380 1281 1495 1332 clari,

37 1347 87 1373 ac
117 1333 290 1375 nobiles.

153 1420 247 1462 152.
274 1417 316 1462 5.
353 1418 542 1469 emenda,
570 1420 775 1460 leviorem.

150 1490 244 1541 154,
273 1493 317 1536 6.
374 1490 435 1540 εἰς
471 1488 610 1531 πάντα
651 1491 771 1548 αὐτῷ
803 1495 1018 1547 συνεργεῖν
1055 1489 1106 1533 τὰ
1149 1489 1417 1543 καταθύμια,
1456 1492 1499 1532 εἰ

34 1548 130 1594 ταῖς
156 1542 274 1586 κατὰ
294 1547 566 1602 Φλαβιαιόὖ]
597 1549 702 1589 male
729 1552 775 1589 έν
793 1552 913 1600 ταῖς,
942 1564 1024 1604 qna
1053 1547 1132 1589 levi
1158 1549 1390 1589 mutatione
1417 1548 1496 1588 ah.-

36 1608 152 1644 actus
180 1604 360 1658 interpr.
427 1618 505 1659 ego
541 1605 620 1644 sic:
655 1606 861 1662 significat
898 1605 1101 1646 Dioscoro
1148 1619 1192 1644 se
1232 1607 1276 1644 in
1313 1604 1496 1645 omnibus

35 1674 138 1715 quae
169 1661 236 1699 illi
262 1659 382 1700 cordi
407 1669 543 1710 essent,
574 1659 803 1701 adiutorem
821 1660 931 1715 fhre,
961 1662 1082 1702 modo
1112 1664 1146 1701 is
1175 1661 1252 1700 sibi
1280 1661 1496 1710 Flaviano,

34 1725 75 1756 et
100 1715 274 1758 Eusebio
300 1718 379 1758 reis
401 1717 643 1772 peragendis
666 1731 792 1773 opera
810 1731 895 1758 non
922 1717 1085 1769 deesset,
1114 1731 1164 1758 ac
1177 1717 1373 1769 Eutychis
1401 1731 1497 1756 cau-

35 1785 125 1813 sam
149 1781 300 1826 ager-et.
793 1783 799 1788 ·

158 1856 251 1907 155,
270 1855 335 1897 16.
367 1857 441 1897 καί
458 1856 708 1906 λακτίσμασι
730 1859 815 1902 τοῖς
831 1851 913 1895 ὑπὸ
933 1851 1170 1906 Διοσκόρου
1184 1852 1496 1906 ἐκβαλλόμενος]

37 1912 139 1967 legit
153 1914 294 1954 Anast.
324 1908 676 1965 ὗποβαλλόμενος.
713 1927 741 1952 a
758 1913 953 1953 Dioscoro
970 1913 1146 1954 calcibus
1162 1912 1386 1951 submissus.
1414 1911 1497 1950 eie—

34 1978 121 2009 ctus
146 1970 327 2010 calcibus
353 1970 569 2010 Dioscoro:
616 1983 692 2009 nec
722 1983 907 2019 necesse,
939 1975 988 2008 ut
1027 1983 1051 2008 a
1078 1967 1272 2008 Dioscori
1304 1967 1497 2006 ministris

39 2025 328 2080 intelligamus,
357 2027 418 2066 uti
447 2026 588 2066 reddit
616 2025 792 2079 interpr.
831 2030 896 2065 sat
919 2025 1177 2074 temerarius,
1206 2038 1255 2063 ac
1287 2037 1497 2076 praecepS,

39 2083 204 2138 tlt-ipse
234 2082 292 2122 ita
321 2082 361 2122 in
388 2082 630 2122 Flavianum
658 2081 817 2122 saevire
843 2082 1179 2136 praesumpserit.
1211 2085 1258 2119 ut
1286 2085 1387 2119 esset
1414 2079 1498 2117 τῶν

39 2133 125 2179 ὑπὸ
157 2139 274 2194 quod
319 2144 379 2180 est
408 2137 567 2179 emend.
604 2136 656 2178 ad
696 2153 827 2193 marg.
870 2137 1024 2178 codicis
1066 2138 1187 2178 Barb.
1227 2137 1284 2175 ita
1326 2134 1496 2174 omnino

39 2194 302 2237 reddendum
329 2201 449 2248 esset,
478 2200 527 2234 ut
554 2194 598 2235 id
629 2193 918 2248 praestiterint
946 2193 1124 2235 ministri
1153 2191 1359 2232 Dioscori.
1404 2189 1497 2243 pla-

0 2286 1 2303 2
40 2257 110 2293 cet
135 2251 252 2317 quod
284 2258 327 2293 et
366 2251 451 2291 illic
478 2250 740 2292 emendatum
772 2248 949 2302 ἀνέστη,
979 2264 1060 2304 pro
1096 2248 1282 2300 ἀντέστη.
1310 2247 1498 2309 surrexit,

39 2308 113 2348 uhi
142 2314 199 2349 ita
218 2308 257 2349 vi
286 2307 606 2362 subscripsisset,
637 2307 679 2347 in
695 2312 945 2363 grassatores
965 2307 1208 2359 declamans,
1239 2318 1287 2344 ac
1313 2303 1497 2343 subscri-

41 2365 247 2420 ptionem,
276 2379 401 2421 quam
430 2370 699 2416 extorserant,
732 2370 935 2417 repetem.

156 2439 250 2489 156,
281 2441 348 2482 12.
405 2436 677 2490 Εὕρύιισός]
710 2437 907 2477 instabilis
945 2445 987 2476 ut
1012 2435 1204 2490 Euripus.

157 2514 178 2556 1
201 2514 252 2563 =7,
281 2509 321 2551 3.
377 2509 462 2551 τῶν
487 2509 749 2563 στρατηγῶν]
781 2510 904 2549 Barb.
934 2509 1059 2564 Peyr.
1089 2513 1168 2547 etc.

157 2595 250 2649 159,
284 2598 348 2640 13.
423 2594 780 2647 μεταστειλαμένη
818 2590 1101 2647 Μαρκιανόν]
1149 2585 1329 2654 perinde.
1355 2591 1501 2627 narrat

45 2652 174 2695 Gedr.
202 2653 276 2694 sed
304 2651 530 2693 Theodosii
560 2649 602 2690 id
623 2654 779 2690 tactum
809 2657 914 2690 nutu
936 2650 1076 2697 refert,
1104 2661 1175 2701 qui
1204 2659 1289 2699 ipse
1317 2659 1398 2682 iam
1426 2657 1500 2684 co·

46 2724 140 2759 ram
166 2711 347 2764 Aspare,
377 2713 419 2747 et
452 2713 597 2748 senatu
633 2707 895 2747 Marcianum
933 2705 985 2745 ad
1008 2701 1249 2769 'imperium
1276 2699 1498 2765 delegerpt.

44 2760 159 2808 εἶπεν
184 2765 302 2823 αὐτῷ
330 2761 403 2807 ἐπὶ
427 2759 633 2818 Ἀσηάρος
660 2761 735 2803 καί
762 2763 833 2815 τῆς
861 2763 1109 2814 συγκλητου,
1135 2757 1310 2810 edula-7
1329 2769 1404 2806 μοι
1434 2769 1499 2796 οτι
