1728 3184
215 190 280 241 42
292 191 314 239 -1
718 203 770 242 m
821 201 1192 243 'mmm-mmm

212 326 376 380 peditat
406 324 552 376 index,
586 326 722 366 verbis
756 328 944 379 Prasiai,
983 327 1146 380 Veneti,
1178 324 1389 378 sactiones,
1418 324 1569 378 circus,
1605 331 1685 366 etc.

213 381 356 436 paucis
386 381 595 436 Corippus
626 382 696 422 lib.
729 383 766 422 1.

412 465 588 520 Aurigas
604 465 797 518 totidem,
830 466 1007 507 totidem
1029 480 1206 520 posuere
1236 466 1417 517 colores,

411 537 468 578 Et
499 538 637 579 fecere
669 538 770 579 duas
793 539 931 579 studia
965 539 1006 577 in
1038 538 1252 578 contraria
1282 543 1436 592 partes.

323 608 421 659 257,
452 609 492 653 7.
546 605 877 662 Ἀλεξανδρείας
907 611 1130 657 ἐπίσκοπος
1167 608 1374 661 Τιμόθεος
1399 605 1470 663 ἔτη
1496 607 1573 659 ιζ’]
1605 609 1681 650 ad-

211 665 274 706 dit
303 665 575 707 Ecchcllcnsis
605 668 660 707 ob
707 666 950 708 historicam
984 667 1110 707 fidem
1142 667 1210 706 hic
1239 665 1474 718 adeundus,
1505 665 1588 705 dics
1617 680 1682 706 se-

207 722 472 776 ptemdecim.
542 722 725 777 reliquos
754 723 1025 763 Alexandriae
1062 723 1510 777 pat1·iarchas‚'eorum
1541 723 1680 762 nomi..

208 794 285 830 na,
315 784 452 832 gesta,
482 784 661 829 aetates,
692 780 842 820 ordine
873 780 1037 832 penitus
1077 794 1098 818 a
1127 778 1385 833 Tzheophnne
1417 778 1581 819 diverso
1614 793 1680 818 re·

207 841 347 875 censet
375 835 483 875 idem
517 835 803 877 Ecchellensis.
875 835 933 875 illi
979 835 1044 875 vel
1076 835 1326 890 Theophani
1368 835 1491 875 iidem
1517 835 1681 875 elevare

206 906 289 931 non
321 898 381 931 est
411 891 530 931 huius
563 892 735 946 negotii.
805 906 906 946 quos
934 906 956 930 a
986 891 1128 931 mundi
1161 891 1335 932 conditu
1362 889 1486 942 6028,
1519 891 1675 931 Christi

203 961 307 988 vero
339 948 542 988 natalibus
573 947 668 997 528,
703 948 985 1002 patriarcham
1009 948 1279 988 Timotheum
1310 953 1506 1012 sequutos
1537 948 1676 1001 ponit,

203 1018 300 1044 cum
333 1003 419 1043 aliis
451 1019 472 1043 a
503 980 760 1058 Theophane
791 1005 987 1058 expiessis
1007 1005 1282 1044 conferendos
1314 1018 1365 1044 ex
1397 1003 1483 1044 eius
1511 1004 1678 1058 scriptis

203 1060 428 1114 depromo.
487 1060 646 1113 primus
679 1067 737 1101 est
753 1060 1023 1111 Theodosius,
1054 1062 1169 1100 cuius
1189 1060 1285 1100 anni
1315 1066 1410 1100 sunt
1440 1060 1552 1114 apud
1581 1076 1676 1100 eum

201 1115 269 1166 31,
304 1116 390 1156 dies
426 1115 515 1167 131,
546 1116 597 1156 ad
628 1117 713 1157 eius
741 1123 904 1171 tempus
926 1117 1128 1156 Gaianum
1162 1117 1293 1169 (cuius
1322 1130 1459 1156 mores
1489 1116 1676 1157 breviter

201 1178 420 1226 percenset
447 1187 540 1236 pag.
578 1172 669 1224 122)
703 1178 900 1215 r.ecenset
970 1173 1160 1228 sequitui
1189 1174 1350 1224 Petrus,
1383 1172 1498 1212 cuius
1526 1172 1675 1226 ponti..

198 1230 343 1268 ticatus
373 1229 470 1268 anni
507 1230 541 1281 1,
572 1229 734 1269 dimum
765 1228 861 1280 362,
902 1235 1185 1269 memoratur:
1218 1230 1334 1269 cuius
1374 1228 1550 1269 historia
1577 1243 1672 1284 pag.

203 1283 280 1325 123
308 1284 427 1324 Ρ3υΙί
460 1300 693 1336 successus,
727 1291 771 1326 et
797 1286 1050 1340 Apollinaris
1079 1292 1256 1327 aetatem
1291 1285 1482 1327 includit.
1540 1286 1673 1326 Petio

198 1339 626 1394 apudEccheliensem
650 1341 1104 1394 suffieiturDamianus,
1130 1343 1320 1398 regitque
1345 1343 1557 1382 ecclesiam
1574 1342 1672 1382 Ale-

195 1398 441 1438 xandrinam
472 1399 586 1438 annis
611 1398 679 1452 35,
707 1398 851 1439 diebus
868 1397 962 1440 358.
995 1398 1178 1440 succedit
1204 1399 1436 1439 Anastasius
1467 1398 1581 1438 annis
1609 1399 1671 1451 12,

198 1454 342 1494 diebus
369 1453 459 1495 190.
518 1454 633 1494 hunc
661 1456 813 1509 excipit
842 1455 1107 1496 Andronicus
1129 1456 1242 1496 annis
1266 1453 1305 1507 6,
1336 1454 1480 1495 diebus
1504 1453 1554 1495 16
1584 1455 1671 1495 He-

201 1510 318 1549 raclii
351 1511 616 1565 imperatoris
642 1511 916 1566 temporibus,
955 1512 1170 1552 Beniamin
1203 1510 1352 1552 deinde
1380 1511 1682 1565 pontificatum

201 1566 374 1620 adeptus
406 1573 466 1607 est
483 1583 612 1608 annos
630 1567 698 1618 39,
733 1583 857 1633 quer-n
882 1569 1158 1622 postmodum
1188 1569 1302 1608 annis
1323 1567 1385 1622 16,
1418 1568 1560 1608 diebus
1579 1566 1682 1618 273,

200 1623 337 1663 tenuit
369 1623 582 1678 Agathou:
615 1625 667 1664 ad
699 1625 856 1678 Ριίοιῐε
891 1632 1029 1665 autem
1073 1625 1331 1665 breviarium
1362 1629 1571 1664 memoiat
1602 1624 1684 1663 Ec-

199 1655 425 1719 cheilensis
438 1681 594 1734 Cyrum
625 1682 911 1735 patriarcham
941 1687 983 1720 et
1002 1682 1178 1736 Aegypti
1209 1682 1553 1735 gubernatorem.
1612 1681 1681 1720 Io·

199 1750 324 1775 annes
358 1736 522 1776 tandem
553 1737 911 1792 eleemosynarum
945 1737 1169 1790 insignibus
1204 1744 1327 1776 notus
1364 1736 1562 1776 thronum
1592 1751 1681 1776 sus-

202 1792 315 1845 cepit
346 1807 456 1831 33(ιο
492 1793 542 1832 ab
582 1793 688 1833 oxbe
736 1793 910 1833 condito
943 1793 1079 1843 6173,
1125 1801 1168 1834 et
1198 1809 1220 1832 a
1251 1793 1416 1833 Christo
1452 1799 1550 1832 nato
1583 1790 1681 1842 673,

199 1862 335 1902 eoque
364 1847 520 1888 annisss
550 1850 709 1902 potitus
739 1850 915 1890 est.a1ii
947 1849 1095 1890 deinde
1126 1849 1394 1904 patriarchae
1419 1849 1679 1903 subiungun-

187 1909 274 1943 tur
302 1903 382 1955 37,
413 1919 596 1959 quorum
626 1905 793 1945 ultimus
822 1905 1065 1946 Athanasius
1101 1920 1210 1946 anno
1243 1921 1264 1944 a
1298 1905 1450 1945 Chiisti
1483 1905 1679 1944 incarna-

197 1958 311 2000 tione
355 1959 462 2001 1234
499 1961 685 2015 pontifex
735 1962 994 2002 renuntiatus
1044 1963 1135 2002 suit.
1217 1962 1371 2002 frustra
1413 1962 1678 2002 referientur

195 2030 346 2061 eoium
379 2016 570 2067 ῃοῐηῐι)(,ι
602 2033 696 2058 cum
743 2017 793 2057 ad
825 2032 975 2058 eorum
1019 2025 1183 2073 tempus
1223 2032 1348 2058 omne
1393 2018 1678 2072 patriarcham

199 2073 358 2113 nullum
377 2073 658 2127 Theophanes
681 2080 904 2114 recenseat.

309 2145 405 2196 258,
418 2145 457 2186 8.
488 2142 737 2200 Εὔφράσιος
770 2146 815 2187 δὲ
846 2144 1130 2199 Ἀντιοχεώις]
1156 2153 1197 2187 at
1217 2161 1300 2187 non
1332 2146 1405 2186 nisi
1425 2151 1520 2200 post
1547 2160 1675 2184 unum

195 2207 237 2241 et
267 2202 444 2242 alterum
476 2217 630 2243 annum
661 2205 701 2243 in
735 2204 961 2243 canonium
991 2204 1043 2244 ab
1078 2203 1255 2257 ipsomet
1284 2210 1459 2243 auctore
1489 2203 1677 2243 refertur

195 2274 289 2313 pag.
316 2258 576 2300 succedente

307 2331 419 2371 Ibid.
479 2328 726 2384 Εὐφρᾰσιος
753 2330 800 2371 δὲ
825 2323 1119 2383 Ἀντιοχείας]
1149 2330 1253 2371 haec
1281 2330 1442 2385 pariter
1470 2330 1673 2388 perioche

197 2386 429 2427 inchbitum
460 2387 537 2427 sibi
564 2387 702 2426 locum
743 2387 1111 2441 praeoccupavit:
1147 2387 1261 2427 annis
1306 2387 1466 2442 quippe
1496 2375 1673 2427 duobus

192 2444 412 2497 Euphrasii
444 2443 708 2497 episcopatus
739 2443 902 2483 tardior
931 2444 1206 2499 comperitur.

306 2517 419 2557 lbid.
452 2515 495 2556 9.
565 2516 749 2568 πολέμου
805 2515 1044 2569 κινηθέντος
1090 2513 1248 2568 μεταξύ
1289 2512 1542 2567 Ῥωμαίων,
1597 2513 1672 2554 καί

193 2571 396 2636 ΠΨσῶίι]
425 2574 633 2612 Lazorum
669 2587 690 2612 3
721 2573 853 2613 Persis
884 2573 1158 2612 defectionem
1182 2573 1289 2612 bello
1317 2586 1477 2611 causam
1513 2569 1669 2611 dedisse

192 2643 238 2666 cx
273 2628 368 2680 ipsis
397 2628 686 2682 Theophanis,
713 2634 756 2668 et
801 2634 1021 2668 auctumni
1066 2630 1244 2669 aliorum
1289 2627 1545 2677 testimoniis,
1571 2633 1668 2691 post

191 2684 418 2725 secundum
451 2699 605 2725 annum
633 2698 902 2740 exponemus:
933 2684 1123 2740 adeoque
1159 2690 1420 2739 praesentem
1450 2683 1666 2723 namatio-

194 2755 286 2778 nini
314 2755 387 2780 suo
420 2741 513 2781 loco
545 2748 725 2793 motam,
774 2747 816 2783 et
847 2741 1018 2782 inferius
1048 2740 1331 2796 uponcndam
1361 2739 1561 2781 histoziac
1591 2755 1664 2780 xc-

195 2796 291 2836 ritas
318 2813 373 2836 su
368 2797 474 2837 adet
