1728 3184
152 144 247 191 736
296 167 302 178 ι

147 259 327 293 Salustius
352 259 683 308 Hierosolymorum
710 262 852 310 episco-

193 320 261 354 pus
287 308 372 351 222,
397 309 431 343 5.

146 356 346 390 Samaritae
368 358 548 391 Iulianum
568 363 762 401 tyrannum
781 359 852 393 sibi

191 404 410 451 praeficiunt
446 405 528 447 274,
565 406 596 440 7.
655 407 852 443 Chosro'dm

192 453 378 487 Persarum
415 465 537 499 regem
579 466 599 488 a
634 467 723 502 pace
749 468 852 491 aver-

194 506 277 536 tunt
302 501 353 535 ib.
383 501 439 536 19.

144 550 182 584 S.
205 549 384 584 Samuelis
426 550 579 584 ecclesia
616 550 680 586 CP.
714 557 852 587 terrae-

193 604 294 632 motu
320 598 483 645 collapsa
495 597 579 640 357,
605 600 663 634 20.

143 646 429 681 santabarenus.
452 647 534 682 vide
549 647 764 683 Theodorus
778 649 850 683 Ab·

189 694 267 728 bas.

140 742 258 789 Sapor
283 741 370 785 dux,
397 741 612 779 orthodoxis
627 745 760 779 solatio
777 747 850 779 An-

189 790 363 825 tiochiam
391 791 520 826 missus
547 792 625 832 105,
653 793 686 827 2.

141 840 296 885 Sapores
323 850 385 873 rex
409 840 590 874 Persarum
606 840 660 883 13,
674 841 708 875 3.
763 853 847 887 per-

188 888 420 922 secutionem·
442 888 479 923 in
513 888 739 923 Christianos
768 901 848 923 mo-

186 941 248 970 vet
274 935 334 979 37,
373 937 406 969 1.
430 936 583 970 Nisibim
623 937 770 972 obsidet
789 938 848 979 52,

190 985 247 1021 12.
294 983 462 1018 subditos
506 985 730 1020 Christianos
768 985 847 1020 dire

187 1033 424 1079 persequitur
464 1031 531 1074 55,
574 1033 629 1068 17.
707 1034 847 1068 Nisibis

186 1080 415 1116 obsidionem
444 1088 594 1116 renovat
607 1082 667 1124 57,
698 1084 753 1116 11.
782 1083 847 1116 Ni-

185 1130 291 1164 sibim
320 1129 429 1163 tertio
448 1128 595 1164 obsidet
622 1130 679 1172 58,
700 1131 754 1165 17.
770 1131 848 1165 An·

184 1178 269 1223 geli,
295 1189 336 1211 ac
361 1177 567 1212 Constantii
597 1185 744 1226 aspectu
772 1185 846 1214 ter-

186 1227 274 1260 ritus
301 1225 469 1261 abscedit
495 1226 554 1268 60,
581 1227 614 1261 7.

135 1274 334 1322 Sapphires
358 1286 474 1310 arcem
488 1275 769 1310 munitissimam
784 1286 844 1310 ca-

211 1324 240 1357 it
275 1321 358 1364 399,
387 1322 424 1357 8.

134 1335 332 1416 Saibblaga
359 1370 433 1404 dux
454 1370 498 1405 ab
525 1370 696 1406 Heraclio
724 1371 842 1406 victus

179 1419 262 1462 475,
294 1419 348 1454 10.
372 1418 455 1462 477,
486 1419 540 1454 10.

131 1469 395 1503 Saracenorum
434 1467 547 1514 origo,
579 1479 726 1508 nomeu,
762 1479 842 1501 mo-

177 1529 233 1551 res
259 1516 443 1563 descripta
471 1518 674 1551 Sozomeno
704 1515 784 1557 101,
804 1515 839 1551 4.

175 1565 475 1612 Mesopotamiam
504 1571 648 1600 vastant
676 1565 756 1607 185,
779 1565 838 1599 20.

127 1613 325 1647 Sarbaraza
354 1614 418 1661 qui
451 1619 489 1648 et
510 1613 686 1648 Sarbarus
713 1615 841 1647 Persa-

175 1674 253 1696 rum
290 1661 365 1696 dux
412 1661 458 1696 ab
499 1662 672 1696 Heraclio
721 1663 839 1696 victus

172 1709 255 1750 469,
283 1710 318 1744 3.
354 1709 437 1753 470,
473 1709 508 1744 9.
541 1710 625 1752 480,
674 1710 728 1745 15.
753 1709 838 1752 482,

173 1759 207 1793 2.
237 1759 320 1801 484,
349 1759 382 1793 7.
438 1758 710 1793 Chalcedonem
737 1759 838 1792 obsi-

176 1806 241 1842 det
263 1807 345 1848 487,
374 1807 404 1841 1.
442 1814 632 1842 revocatur
655 1807 693 1841 in
719 1807 837 1842 Persi-

178 1855 260 1893 dem
285 1855 369 1896 491,
400 1855 456 1891 16.
504 1855 659 1890 detectis
686 1856 724 1890 in
754 1867 837 1889 eum

176 1903 347 1939 Ciiosrois
373 1903 518 1938 insidiis
531 1904 703 1938 adversus
732 1905 837 1938 illum

175 1952 361 1999 conspirat
383 1950 465 1994 497,
488 1952 522 1986 6.
547 1953 586 1986 in
613 1952 750 1986 Adeser
778 1964 837 1986 re-

176 2001 319 2036 bellans
347 2000 463 2035 Persis
487 2000 646 2046 imperat
671 1999 752 2041 505,
782 2001 838 2034 15.

129 2049 295 2083 Sardinia
323 2049 412 2082 olim
442 2048 581 2093 Cyrnus
617 2047 700 2087 307,
734 2049 789 2082 11.

129 2098 236 2132 Surus
263 2097 398 2131 flumen
421 2097 461 2131 in
490 2096 634 2131 Perside
662 2096 746 2138 482,
772 2097 807 2131 9.

129 2147 363 2180 Sauromatos
382 2144 503 2179 ridens
519 2145 660 2180 Valent.
690 2145 740 2179 M.
758 2157 837 2180 mo-

179 2196 268 2228 ritur
292 2193 351 2234 96,
381 2193 436 2229 17.

128 2243 264 2277 Scirtus
292 2242 424 2276 fluvius
452 2241 557 2289 aquis
569 2240 740 2276 Edessam
769 2240 838 2275 ob-

177 2292 252 2326 ruit
273 2290 356 2331 263,
388 2291 446 2325 21.

130 2340 248 2374 Sclavi
274 2346 311 2374 et
331 2339 427 2374 Unni
453 2338 536 2373 urbi
564 2339 739 2383 ingruunt
751 2337 834 2378 360,

175 2388 209 2422 9.
238 2388 428 2423 Belissario
452 2393 613 2423 terrente
640 2385 836 2421 discedunt

177 2437 260 2478 361,
285 2435 320 2470 9.

131 2485 288 2521 sclavini
338 2495 405 2531 per
449 2483 589 2529 Syriam
644 2482 749 2518 effusi
796 2482 835 2516 in

177 2535 359 2579 Apameae
407 2544 493 2578 agro
536 2531 706 2568 habitant
753 2530 837 2574 532,

130 2630 341 2666 sclavorum
382 2630 480 2674 legio
516 2629 714 2674 peculiaris
740 2627 837 2663 dicta

180 2679 386 2713 Iustiniano
399 2678 480 2720 559,
497 2678 553 2714 19.
580 2679 656 2712 eius
683 2677 730 2711 ad
746 2678 836 2712 Ara-

177 2726 242 2762 bes
271 2726 478 2761 defectione
508 2727 547 2762 in
572 2727 695 2773 sugam
720 2725 835 2761 verti-

178 2780 239 2810 tur
263 2774 344 2817 560,
374 2774 428 2809 18.

132 2823 324 2858 Scombrus
351 2835 369 2856 a
399 2823 516 2858 Phoca
544 2824 682 2859 occisus
706 2821 834 2864 456,4.

790 152 956 195 INDEX

922 262 1048 298 Scribo
1077 262 1113 296 in
1128 263 1310 299 Novarum
1336 264 1546 314 episcopum
1574 265 1631 303 in·-

970 312 1083 345 iurius
1111 311 1195 352 424,
1228 313 1282 349 12.

922 359 1159 393 Sebastianus
1187 359 1229 394 V.
1252 361 1290 394 C.
1317 361 1353 396 in
1373 362 1492 397 Gallia
1518 373 1628 398 neca-

969 414 1026 442 tus
1056 408 1136 448 127,
1160 407 1194 442 9.

922 456 1140 490 Seberenses
1166 457 1364 502 vectigales
1391 458 1478 494 sacti
1497 461 1629 506 Bulga-

971 505 1014 538 ris
1041 503 1122 545 549,
1153 504 1209 538 11.

920 553 1175 586 Secundianus
1222 554 1395 598 patricius
1430 555 1628 602 Hypatium

968 601 1082 634 fllium
1111 600 1260 635 redimit
1286 602 1452 647 precibus
1475 605 1626 647 247,19.

919 648 1108 683 Secundus
1143 649 1386 694 Chrysostomi
1423 658 1529 697 pater
1558 665 1627 687 no-

966 696 1052 731 bilis
1079 698 1330 732 Antiochenus
1357 699 1437 745 117,
1467 700 1521 734 15.

918 744 1106 780 Secundus
1131 746 1370 780 ptolemaidis
1383 748 1535 795 Aegypti
1547 750 1627 794 epi—

965 805 1096 840 scopus
1118 806 1197 828 cum
1229 796 1312 829 Ario
1339 796 1475 830 eiectus
1501 796 1625 837 3¹‚10.

917 841 1059 876 Seditio
1090 845 1190 878 Νίκα
1231 843 1299 877 sub
1325 844 1627 886 lastinianum&

916 936 1086 971 Seleucia
1114 943 1212 972 trans
1247 938 1386 984 'l'igrim
1410 937 1494 981 496,
1522 942 1578 976 16.

915 986 1064 1032 Septem
1103 988 1204 1032 pueri
1236 987 1370 1033 Ephesi
1399 988 1626 1024 dormientes

966 1034 1046 1077 136,
1075 1034 1130 1068 19.
1348 1036 1354 1042 ”

915 1082 951 1116 S.
980 1083 1173 1129 Sepulchri
1199 1083 1351 1118 ecclesia
1379 1084 1439 1127 38,
1471 1085 1527 1120 18.

914 1131 1125 1178 Serapionis
1146 1133 1335 1167 contentio
1360 1145 1441 1167 cum
1455 1134 1625 1169 Severia-

959 1191 1008 1213 no
1037 1179 1116 1220 121,
1145 1181 1200 1213 12.

913 1228 1059 1274 Sergius
1090 1227 1250 1262 Aetherii
1288 1239 1403 1275 nepos
1428 1228 1511 1270 368,
1536 1230 1570 1264 9.

911 1277 1056 1322 Sergius
1071 1276 1134 1311 CP.
1162 1278 1354 1324 episcopus
1379 1276 1462 1318 457,
1488 1278 1523 1312 8.
1552 1280 1624 1313 lle-

960 1325 1109 1359 raclium
1141 1337 1220 1359 cum
1248 1337 1359 1359 uxore
1379 1332 1534 1371 utraque
1561 1340 1623 1361 co-

960 1386 1047 1406 rona
1074 1373 1188 1407 donat
1212 1372 1341 1415 461,2.
1385 1374 1497 1408 liliam
1524 1376 1615 1422 Epi-

959 1422 1142 1468 phaniam,
1179 1421 1370 1468 filiumque
1412 1423 1620 1458 Heraclium

957 1476 1109 1505 coronat
1132 1470 1216 1512 462,
1245 1470 1298 1504 13.
1325 1470 1364 1504 in
1394 1471 1622 1506 Monotheli-

958 1524 1076 1553 tarum
1124 1530 1281 1552 errorem
1325 1520 1498 1555 concedit
1537 1521 1620 1563 506,

909 1615 1055 1661 Sergius
1086 1614 1123 1648 in
1152 1615 1357 1650 Palaestina
1384 1628 1404 1650 a
1431 1617 1622 1652 Saracenis

957 1665 1096 1697 occisus
1122 1663 1203 1704 516,
1227 1663 1261 1697 5.

908 1712 1053 1756 Sergius
1095 1723 1160 1758 pro
1192 1712 1345 1746 Saborio
1379 1713 1426 1747 ad
1463 1714 1619 1748 Maviam

956 1761 1096 1805 legatus
1119 1760 1199 1802 533,
1218 1761 1272 1793 12.
1300 1761 1523 1807 exprobrans
1538 1764 1613 1796 Au·-

957 1808 1066 1842 dreae
1094 1807 1314 1850 eunuchum,
1340 1810 1418 1855 ipse
1443 1811 1612 1844 virilibus

956 1869 1037 1890 cum
1065 1856 1137 1890 vita
1163 1855 1313 1890 orbatus
1341 1857 1424 1899 535,
1454 1858 1508 1892 19.

907 1905 1052 1949 Sergius
1065 1904 1223 1937 Lazicem
1252 1911 1288 1940 et
1303 1906 1518 1941 Bai-aucium
1529 1918 1616 1954 pro-

956 1954 1011 1987 dit
1036 1952 1118 1994 566,
1148 1953 1203 1987 16.

908 2002 1053 2046 Sergius
1077 2001 1235 2035 militiae
1251 2002 1421 2047 magister
1442 2003 1488 2038 ab
1500 2003 1615 2039 Unuis

956 2055 1082 2095 captus
1107 2048 1189 2090 360,
1218 2051 1274 2084 11.

908 2098 1051 2143 Sergius
1066 2098 1231 2133 prasinae
1248 2099 1418 2134 factionis
1444 2100 1614 2135 tribunus

954 2144 1037 2187 446,
1066 2146 1122 2180 13.

908 2194 1052 2239 Sergius
1078 2195 1397 2242 protospatharius
1422 2197 1462 2230 in
1489 2198 1615 2232 Sicilia

955 2249 1082 2276 auctor
1107 2244 1309 2288 tyrannidis
1334 2245 1416 2285 611,
1441 2245 1500 2279 20.

906 2291 1052 2334 Sergius
1078 2291 1259 2338 Tripolim
1288 2292 1518 2328 administrat
1530 2294 1615 2336 322,

955 2339 1010 2373 19.
1039 2340 1308 2375 Maurusiorum
1336 2343 1498 2376 seniores
1523 2354 1614 2377 con-

951 2393 1006 2421 tra
1032 2387 1141 2422 fidem
1168 2389 1302 2424 occidit
1327 2389 1410 2431 323,
1436 2391 1459 2424 2
1503 2402 1612 2437 prae-

952 2436 1004 2469 lio
1035 2437 1162 2478 victus,
1181 2438 1228 2471 ad
1251 2443 1421 2485 patruum
1439 2439 1613 2473 Salomo-

951 2496 1035 2518 nem
1062 2484 1317 2532 Chartaginem
1354 2487 1449 2531 fugit
1476 2487 1527 2524 ib.
1555 2488 1612 2522 12.

953 2544 971 2566 a
1002 2533 1196 2568 Maurusiis
1225 2535 1358 2569 iterum
1376 2547 1458 2568 cum
1481 2542 1613 2582 patruo

952 2581 1109 2615 vincitur
1127 2582 1209 2625 324,
1227 2583 1283 2617 15.
1311 2583 1444 2617 ducum
1465 2585 1504 2617 in
1530 2595 1611 2618 eum

954 2628 1091 2669 odium,
1119 2642 1160 2664 ac
1190 2631 1363 2678 querelae
1387 2631 1437 2665 ib.
1465 2631 1520 2666 19.
1573 2633 1610 2666 in

950 2678 1157 2712 Numidiam
1194 2679 1468 2727 expeditionem
1495 2681 1611 2714 susci—

980 2727 1008 2760 it
1035 2726 1117 2768 326,
1143 2726 1176 2761 9.

904 2738 1326 2855 Seegentiusimperator
1335 2777 1517 2812 Romanus
1531 2775 1609 2815 174,
