1768 3268
222 172 315 220 136
420 171 699 217 ANAsTAsii
732 165 1001 213 'HisTORiA
1034 160 1446 209 ECCLESiASTiCA

220 291 343 333 chum
371 288 567 329 Prasinae
594 286 751 342 partis,
785 290 833 325 ut
863 282 1131 323 auxiliaretur
1161 278 1236 319 sibi
1266 275 1399 331 gratia
1428 272 1676 328 imperandi,

219 345 514 402 repromittens
558 358 600 385 se
644 348 808 398 partem
848 340 1064 381 Prasinam
1104 336 1412 376 honoraturum
1457 332 1678 386 ipsumque

217 398 373 457 magnis
404 400 671 456 dignitatibus
701 400 921 440 elaturum.
991 401 1034 435 at
1062 407 1162 435 vero
1193 389 1358 444 Sergius
1394 388 1476 428 hoc
1506 386 1678 442 insigni..

217 459 292 500 hus
323 458 435 511 vulgi
466 457 671 497 confessus
701 461 782 504 est,
815 453 887 508 qui
929 451 1098 492 minime
1129 448 1172 488 id
1203 445 1478 495 admiserunt,
1505 444 1679 483 fatentes

219 529 435 570 nunquam
465 515 718 554 Germanum
752 511 804 550 ab
830 523 974 549 amore
1000 507 1262 549 Venetorum
1302 500 1514 542 recedere.
1570 500 1679 540 Pra-

219 571 297 611 sini
329 585 431 611 vero
463 576 653 610 exeuntes
674 569 714 608 in
735 566 909 620 Regium
930 563 1082 618 magnis
1110 560 1298 601 laudibus
1321 564 1549 613 tyrannum
1563 556 1682 597 Plio-

223 642 315 670 eam
347 626 587 677 efferebant,
621 631 663 666 et
690 621 940 678 persuadent
968 622 1005 660 ei
1038 619 1180 659 venire
1202 617 1242 656 in
1268 615 1514 669 Septimum.
1573 612 1682 653 diri..

223 683 283 738 git
312 682 442 738 igitur
478 682 637 722 Phocas
677 679 947 720 Theodorum
988 691 1010 716 a
1038 674 1227 726 secretis,
1258 672 1331 727 qui
1360 671 1563 726 ingressus
1591 685 1683 709 ma-

93 745 208 792 p.447
224 755 347 795 gnam
375 738 587 779 ecclesiam
614 751 754 778 coram
783 734 942 790 populo
976 733 1073 787 legit
1102 730 1295 786 quatinus
1325 735 1410 769 tam
1442 726 1682 781 patriarcha

225 811 349 851 quam
375 801 536 835 senatus
567 799 609 833 et
638 793 780 846 vulgus
808 791 996 831 venirent
1038 787 1079 827 in
1111 787 1358 840 Septimum.
1428 783 1513 824 hoc
1542 783 1686 837 itaque

222 853 361 902 facto,
402 857 445 891 et
472 850 628 890 cunctis
653 846 988 889 convenientibus
1018 844 1128 899 apud
1159 843 1414 897 Septimum,
1443 840 1685 895 patriarcba

224 908 422 964 Cyriacus
467 923 489 946 a
517 911 696 962 tyranno
727 904 776 944 de
800 902 1035 943 orthodoxa
1062 900 1168 951 fide,
1198 905 1240 940 et
1268 904 1317 938 ut
1343 899 1431 937 sine
1461 897 1687 951 pei-turba-

223 964 338 1004 tione
368 968 633 1003 conservaret
653 959 878 1011 ecelesiam,
910 958 1082 999 extorsit
1099 955 1414 1011 professionem.
1447 953 1553 994 visus
1585 966 1687 993 vero

224 1025 284 1061 est
312 1025 508 1076 tyrannus
541 1022 794 1059 Germanum
822 1015 1053 1055 adhortari.
1111 1027 1291 1067 cumque
1315 1015 1546 1052 Germanus
1577 1009 1689 1049 iiolle

223 1091 265 1117 se
288 1075 500 1115 simularet
527 1081 567 1115 et
595 1074 737 1128 vulgus
765 1078 989 1128 tyrannum
1030 1069 1231 1119 laudaret,
1262 1067 1567 1122 pronuntiatur
1596 1081 1685 1105 ma..

225 1133 336 1182 lum,
363 1137 403 1171 et
433 1130 622 1171 dominus
652 1136 917 1183 sceptrorum
963 1134 1162 1183 tyrannus
1193 1124 1462 1180 provehitur,
1492 1129 1534 1163 et
1561 1137 1690 1176 prae-

227 1188 336 1228 valet
364 1186 837 1227 adversus·felicitatem
880 1184 1101 1236 calamitas,
1133 1188 1175 1224 et
1204 1188 1373 1222 sumunt
1401 1180 1688 1235 principatum

225 1259 370 1299 inagna
401 1243 630 1283 infortunia
660 1243 961 1282 Romanorum.

336 1299 606 1339 Denuntiatio
651 1312 753 1337 vero
797 1297 964 1353 tyranni
1005 1295 1046 1335 in
1075 1293 1235 1349 templo
1280 1291 1442 1333 loannis
1482 1291 1693 1346 Baptistae

228 1356 370 1396 effecta
401 1361 479 1406 est,
518 1355 591 1395 ubi
631 1354 794 1395 duobus
833 1359 1020 1393 moratus
1065 1347 1208 1392 diebus
1240 1350 1366 1390 tertia
1399 1348 1466 1388 die
1499 1348 1696 1388 introivit

229 1412 405 1467 regalia,
436 1426 561 1466 super
603 1411 862 1465 imperialem
901 1410 1045 1450 sedens
1079 1422 1316 1448 carrucam.
1379 1419 1515 1461 porro
1546 1405 1693 1459 quinta

229 1469 295 1508 die
322 1468 539 1508 Leonti-am
564 1483 736 1508 uxorem
763 1482 878 1508 suam
909 1464 1134 1506 coronavit
1160 1466 1398 1517 Augustam.
1456 1462 1534 1501 liae
1567 1462 1695 1515 igitur

230 1523 296 1564 die
323 1524 629 1564 tumultuantur
663 1529 801 1578 partes
832 1523 885 1564 ad
920 1522 1098 1563 invicem
1138 1527 1320 1576 propter
1348 1520 1545 1560 stationes
1575 1520 1696 1558 loco-

232 1595 339 1620 rum.
396 1586 596 1635 tyrannus
633 1595 734 1621 vero
784 1579 1065 1620 Alexandrum
1103 1577 1385 1619 conrebellem
1426 1590 1547 1616 suum
1586 1573 1700 1614 misit

234 1642 371 1689 partes
402 1651 676 1690 compescere.
748 1635 977 1676 Alexander
1005 1649 1108 1676 vero
1141 1635 1182 1674 in
1214 1634 1406 1674 Cosmam
1434 1632 1699 1672 Venetorum

106 1709 142 1745 p.
155 1694 225 1733 448
237 1691 503 1732 demarchum
535 1708 676 1732 maniis
709 1687 931 1733 immittens
960 1691 1124 1747 pepulit
1154 1705 1249 1731 eum
1278 1695 1320 1730 et
1349 1688 1609 1730 contumeliis
1642 1687 1702 1726 la-

237 1747 410 1811 ceravit.
469 1763 601 1801 porro
631 1749 780 1789 Veneti
810 1749 1014 1804 indignati
1036 1748 1273 1788 clamabant
1302 1746 1448 1797 “vade,
1484 1745 1594 1786 disce
1623 1759 1699 1784 or-

239 1804 396 1852 dinem;
426 1805 647 1844 Mauricius
687 1820 769 1845 non
801 1813 861 1846 est
899 1807 1133 1845 mortuus.'’
1198 1811 1242 1844 at
1272 1817 1376 1844 vero
1403 1808 1606 1857 tyrannus
1636 1800 1700 1839 his

239 1860 389 1900 auditis
421 1860 461 1899 in
497 1860 685 1901 Mauricii
722 1876 863 1902 necem
894 1868 1103 1913 movetur,
1128 1866 1170 1901 et
1198 1859 1327 1901 missis
1354 1858 1557 1899 militibus
1586 1856 1704 1897 duxit

239 1930 335 1956 eum
351 1915 650 1957 Chalcedonem
667 1916 718 1956 ad
736 1918 929 1972 Eutropii
948 1924 1135 1972 portum,
1165 1923 1206 1957 et
1222 1917 1365 1971 primo
1397 1914 1565 1971 quidem
1593 1913 1706 1953 hunc

241 1971 364 2036 caede
396 1971 587 2036 yidelicet
629 1973 810 2014 filiorum
849 1975 1146 2028 imperatorem
1184 1974 1320 2028 punit.
1388 1988 1485 2012 nam
1517 1970 1704 2027 quinque

242 2026 346 2066 filios
368 2042 461 2092 ‘ei-us
499 2043 632 2068 mares
662 2044 803 2069 coram
839 2031 991 2071 visibus
1017 2031 1096 2072 suis
1126 2029 1499 2085 praeocciduntur.
1557 2041 1707 2067 verum

241 2084 466 2146 Mauricius
508 2084 715 2138 patienter
750 2086 1030 2127 infelicitatem
1055 2082 1258 2127 sustinens
1288 2087 1411 2127 deum
1442 2086 1482 2125 in
1515 2083 1707 2124 omnibus

243 2140 477 2191 invocabat,
504 2147 546 2204 et
575 2141 726 2181 crebro
744 2144 1062 2196 pronuntiabat,
1105 2143 1241 2184 dicens
1261 2144 1418 2184 “iustus
1439 2156 1494 2192 es,
1526 2139 1709 2187 domine,

243 2199 476 2259 <et-rectum
508 2196 705 2236 iudicium
730 2202 885 2239 tuum.'’
953 2200 1000 2239 fit
1045 2201 1186 2255 itaque
1224 2200 1410 2240 filiorum
1437 2212 1550 2239 mors
1577 2195 1710 2251 patris

243 2251 516 2315 epitaphium,
546 2255 865 2306 praeostendens
889 2255 1087 2296 virtutem
1106 2257 1146 2296 iii
1165 2257 1275 2297 mole
1293 2254 1551 2296 calamitatis.
1589 2267 1706 2293 cum-

245 2321 327 2361 que
358 2313 497 2347 nutrix
527 2323 656 2372 upum
687 2324 732 2349 ex
763 2311 1040 2364 imperatoriis
1068 2314 1208 2367 pueris
1228 2314 1363 2353 furata
1381 2312 1534 2363 fuisset,
1565 2324 1710 2350 suuni-

247 2377 328 2417 que
356 2376 437 2416 pro
482 2378 531 2428 eo
560 2367 873 2419 interemptioni
916 2368 1144 2420 obtulisset,
1173 2370 1400 2409 Mauricius
1431 2382 1516 2408 non
1546 2365 1706 2415 annuit,

244 2418 314 2482 sed
347 2434 572 2473 proprium
612 2422 841 2475 requisivit.
908 2424 1022 2464 aiunt
1046 2432 1184 2466 autem
1213 2426 1384 2481 quidam
1409 2424 1524 2479 quod
1556 2437 1606 2462 eo
1635 2435 1710 2460 oc-

245 2487 329 2513 ciso
358 2475 420 2515 lac
441 2490 534 2516 cuni
566 2477 763 2530 sanguine
793 2478 972 2530 fluxerit,
1003 2481 1057 2520 ita
1081 2489 1127 2522 ut
1151 2497 1292 2523 omnes
1322 2481 1584 2535 inspicientes
1617 2477 1709 2518 dire

245 2529 587 2594 lamentarentur.
658 2532 715 2572 sic
763 2548 863 2588 ergo
905 2534 1149 2589 imperator,
1195 2539 1319 2579 etiam
1348 2544 1522 2578 naturae
1552 2534 1710 2590 legibus

246 2585 443 2627 excelsior
473 2588 621 2637 factus,
651 2588 779 2628 vitam
810 2598 1050 2632 commutat.

114 2649 234 2698 pam
328 2695 336 2704 ⁸
356 2642 495 2706 Porro
528 2659 575 2684 ex
605 2644 675 2709 illo
710 2651 902 2699 tempore
937 2648 1225 2690 Romanorum
1256 2665 1339 2690 non
1373 2649 1599 2690 defuerunt
1631 2647 1712 2686 im-

245 2710 365 2793 perio
396 2712 533 2739 variae
571 2714 619 2740 ac
665 2707 846 2754 ingentes
885 2717 1122 2746 aerumnae.
1197 2706 1379 2761 denique
1418 2712 1460 2746 et
1503 2704 1713 2745 Chosroes

283 2766 467 2794 ersaruni
500 2770 569 2796 rex
611 2771 757 2811 pacem
797 2757 1007 2812 dissolvit,
1029 2768 1070 2802 et
1100 2764 1251 2804 Avares
1278 2763 1488 2804 Thracem
1519 2761 1712 2802 devasta-
