1794 3250
238 190 338 236 282
457 189 756 235 ANASTAsn
782 192 1043 236 HISTORIA
1068 192 1485 238 ECCLESIASTICA

237 322 379 358 mem,
408 306 521 348 circa
567 307 838 361 negotiorum
863 323 966 350 vero
1000 306 1312 364 dispositionem
1356 309 1478 360 iners,
1507 308 1708 351 servitute

236 365 429 405 subactus
459 362 701 404 'theoctisto
734 365 931 420 magistro
961 381 1032 406 seu
1067 367 1215 406 ceteris
1244 365 1520 420 principibus.
1578 381 1709 420 prae-

238 427 353 462 tcrea
382 435 521 461 mense
547 421 787 462 Februario
815 421 899 462 duo
929 423 1155 464 Christiani
1199 438 1245 463 ex
1275 423 1474 477 Vulgaria
1504 423 1706 478 fugientes

241 478 540 518 nuntiaverunt
568 478 814 532 imperatori
847 480 1075 519 Crumnum
1100 480 1398 534 praedaturum
1430 493 1513 530 eos,
1544 480 1615 534 qui
1648 496 1709 520 es-

236 541 328 574 sent
358 535 398 575 in
411 534 592 586 Thrace,
619 542 793 589 repente
810 535 1022 576 festinare.
1067 542 1108 576 et
1135 536 1296 576 decimo
1334 535 1482 590 quinto
1514 535 1707 576 kalendas

235 591 406 631 Martias
445 591 569 632 exivit
609 591 844 646 imperator
874 593 925 632 ab
957 593 1084 643 urbe,
1115 600 1155 633 et
1182 592 1248 633 dei
1276 591 1543 647 providentia
1574 592 1709 632 ineffi-

236 662 310 688 cax
340 647 466 688 rediit
493 648 698 688 Crumnus
741 663 825 688 non
857 649 998 703 paucis
1022 650 1191 689 amissis.
1266 655 1327 689 ast
1357 649 1589 702 imperator
1619 649 1706 688 Ha-

238 704 519 759 drianopolim
549 705 728 756 veniens,
754 711 796 746 et
826 705 1030 746 ordinatis
1059 712 1155 760 apte
1174 720 1279 762 quae
1310 705 1422 746 circa
1451 720 1542 746 eam
1572 710 1709 755 erant,

237 776 332 801 cum
358 762 514 816 gaudio
545 761 683 813 rediit,
710 768 751 801 et
781 761 998 803 ascendens
1039 763 1337 802 monasterium
1367 762 1528 802 Tarasii
1556 762 1712 802 beatis-

105 818 325 864 p-780simi
353 817 633 872 patriarchae,
666 818 883 860 celebratis
926 820 1011 859 eius
1039 819 1263 871 memoriis,
1296 834 1376 859 una
1402 833 1497 859 cum
1526 820 1709 873 Augusta

234 874 476 929 Procopia‚
521 881 722 930 argenteo
770 877 910 930 petalo
945 876 1148 916 librarum
1189 875 1243 916 95
1283 890 1446 915 sacrum
1474 874 1713 929 sepulcrum

234 931 321 973 eius
349 931 527 972 vestivit.
586 938 682 986 post
713 939 878 987 captam
901 947 1000 973 vero
1021 934 1313 973 Mesembriam
1344 933 1578 986 imperator
1601 931 1715 972 Cru-

234 1002 334 1029 mno
364 1002 469 1043 pace
498 994 658 1043 negata,
690 1003 736 1029 ex
767 989 959 1030 omnibus
988 989 1241 1030 thematibus
1271 989 1462 1029 militiam
1489 993 1584 1029 ante
1613 1002 1713 1028 ver..

237 1046 330 1085 nale
361 1051 525 1100 tempus
564 1046 605 1085 in
641 1045 849 1086 Thracem
892 1047 1069 1086 transire
1095 1046 1342 1100 praecepit,
1382 1045 1440 1085 ita
1483 1051 1531 1085 ut
1573 1059 1714 1085 omnes

235 1101 407 1142 moleste
426 1103 604 1153 ferrent,
632 1102 806 1142 maxime
826 1101 1093 1157 Cappadoces
1113 1109 1155 1143 et
1171 1102 1422 1143 Armeniaci.
1455 1101 1716 1157 imperatore

237 1164 376 1198 autem
397 1164 571 1199 exeunte
597 1173 692 1198 cum
723 1159 942 1200 ordinibus
961 1174 1099 1200 mense
1115 1159 1242 1210 Maio,
1273 1159 1396 1199 exivit
1418 1172 1514 1210 cum
1530 1173 1580 1198 eo
1598 1158 1715 1212 pari-

237 1220 305 1256 ter
328 1215 538 1269 Procopia
563 1216 743 1270 Augusta
776 1229 906 1271 usque
939 1215 991 1255 ad
1022 1216 1305 1271 aquaeductus
1334 1215 1447 1255 iuxta
1467 1215 1715 1255 Heracliam.

238 1277 281 1312 at
308 1287 412 1312 vero
441 1272 726 1313 multitudines
753 1286 879 1327 super
910 1273 990 1313 hoc
1019 1272 1183 1313 duriter
1209 1273 1387 1313 ferentes
1410 1272 1451 1312 in
1473 1271 1718 1327 derogatio-

238 1343 333 1368 nem
373 1343 422 1368 ac
463 1328 803 1370 maledictionem
850 1343 1076 1370 conversae
1111 1335 1208 1369 sunt
1261 1335 1413 1370 contra
1453 1328 1713 1369 Michaelem.

238 1399 376 1439 porro
408 1385 539 1427 tertio
573 1399 700 1426 nonas
722 1385 848 1426 Maias
869 1386 1028 1441 eclipsis
1057 1386 1167 1427 facta
1198 1392 1258 1427 est
1284 1386 1379 1426 solis
1407 1385 1520 1425 circa
1551 1385 1716 1426 duode-

242 1442 393 1482 cimam
421 1449 587 1497 partem
603 1443 734 1483 Tauri
762 1442 875 1484 iuxta
903 1443 1191 1498 horologium,
1225 1442 1389 1484 oriente
1407 1441 1507 1493 sole,
1535 1447 1579 1483 et
1605 1441 1717 1482 mul-

241 1504 307 1538 tus
337 1499 468 1540 timor
511 1499 662 1540 cecidit
703 1513 832 1554 super
877 1500 1035 1542 turbaS.
1107 1507 1168 1541 ast
1200 1500 1435 1554 imperator
1465 1498 1719 1539 circumibat

239 1555 447 1597 Thracem
474 1569 570 1596 cum
602 1557 872 1610 praetoribus
908 1572 956 1597 ac
978 1557 1158 1607 militiis,
1189 1571 1326 1613 neque
1357 1561 1506 1596 contra
1539 1557 1718 1596 Mesem-

238 1611 378 1651 briam
406 1627 596 1667 pergens,
627 1627 763 1668 neque
794 1613 907 1654 aliud
939 1613 1042 1668 quid
1074 1628 1223 1654 eorum
1254 1628 1362 1669 quae
1393 1613 1457 1668 agi
1486 1611 1639 1652 debent
1667 1609 1721 1651 ad

241 1667 570 1710 destructionem
588 1669 770 1710 hostium
797 1676 982 1723 patrans,
1009 1669 1079 1710 sed
1108 1677 1271 1711 tantum
1294 1684 1431 1710 suasus
1457 1669 1720 1710 sermonibus

239 1726 354 1764 vanis
388 1725 726 1766 consiliariorum
746 1741 933 1778 suorum,
963 1727 1174 1767 bellorum
1196 1726 1494 1781 experientiam
1526 1739 1609 1765 non
1640 1725 1722 1765 ba-

238 1781 457 1833 bentium,
505 1796 554 1822 ac
595 1797 673 1836 per
701 1782 785 1822 hoc
828 1784 1155 1824 asseverantium
1196 1797 1280 1823 non
1315 1783 1471 1823 audere
1501 1782 1719 1821 inimicum

240 1838 436 1879 adversus
468 1838 583 1878 illum
612 1839 771 1890 venire,
803 1839 845 1879 in
872 1840 1051 1894 propria
1074 1840 1247 1895 regione
1273 1839 1497 1880 sedentem.
1556 1844 1598 1878 et
1628 1844 1721 1878 erat

238 1895 467 1935 barbarico
499 1895 660 1949 impetu
681 1895 852 1950 gravior
873 1897 1109 1936 concivium
1139 1902 1281 1937 coetus
1303 1895 1582 1936 deficientium
1603 1895 1720 1934 circa

108 1953 485 2001 p-781necessarias
517 1952 743 2004 utilitates,
774 1959 817 1993 et
846 1953 1000 2007 rapinis
1042 1968 1090 1992 ac
1119 1952 1400 1993 invasionibus
1434 1950 1719 1992 exterminan-

240 2008 343 2053 tium
373 2008 686 2063 compatriotas,
748 2009 859 2050 circa
891 2010 1009 2050 initia
1039 2024 1140 2049 vero
1168 2009 1279 2050 ¹Iunii
1308 2009 1454 2049 mensis
1485 2008 1583 2049 exiit
1608 2008 1721 2048 Cru-

239 2080 360 2105 mnus
406 2065 637 2119 Vulgarum
676 2065 758 2105 dux
807 2081 902 2106 cum
946 2066 1192 2106 exercitibus
1233 2066 1337 2119 suis,
1382 2065 1565 2115 veritus,
1600 2063 1717 2119 quod

240 2121 372 2162 multa
393 2121 506 2161 milia
536 2129 668 2162 essent
684 2122 1034 2163 Christianorum.
1066 2137 1245 2178 cumque
1267 2122 1462 2163 movisset
1492 2122 1721 2162 exercitum

241 2178 283 2218 in
302 2178 579 2220 versiniciam
599 2179 715 2233 quasi
743 2180 912 2220 tricenis
930 2179 1052 2234 signis
1077 2180 1126 2220 ab
1150 2179 1430 2234 imperialibus
1464 2178 1619 2228 castris,
1639 2179 1726 2217 Leo

241 2235 445 2289 patricius
474 2240 515 2275 et
543 2243 721 2289 praetor
741 2236 1022 2276 Orientalium
1056 2238 1313 2293 loannesque
1344 2235 1548 2290 patricius
1578 2235 1726 2275 etMa-

243 2291 446 2332 cedoniae
471 2299 671 2345 praetor,
701 2299 983 2346 cognomento
1015 2296 1212 2347 Aplace5‚
1245 2293 1421 2333 multum
1450 2291 1642 2347 prompti
1672 2289 1725 2329 ad

242 2348 320 2389 hos
343 2348 573 2402 bell-andos,
601 2347 810 2403 prohibiti
843 2356 939 2388 sunt
970 2350 1022 2389 ab
1069 2350 1325 2404 imperatore
1353 2364 1432 2404 per
1460 2348 1589 2388 malos
1620 2361 1729 2387 con-

245 2404 433 2445 siliarios.
492 2419 586 2445 cum
629 2411 767 2445 aut-em
804 2407 902 2446 urbs
952 2406 1122 2446 letanias
1164 2407 1398 2447 celebraret
1437 2420 1532 2446 cum
1560 2418 1723 2444 summo

245 2461 464 2503 sacerdote
493 2461 535 2501 in
567 2462 724 2516 templo
747 2463 817 2502 SS.
849 2464 1153 2516 apostolorum,
1186 2464 1356 2519 quidam
1391 2462 1619 2516 impiorum
1648 2460 1726 2500 ob·-

246 2533 392 2559 scenae
424 2519 503 2558 deo
534 2519 676 2572 perosi
711 2520 972 2559 Constantini
1004 2520 1232 2570 haereseos,
1269 2521 1459 2560 obserata
1489 2525 1614 2571 porta
1645 2517 1727 2555 im.-

246 2575 471 2629 perialium
508 2575 815 2630 sepulcrorum,
864 2577 1029 2617 nemine
1075 2578 1318 2617 attendente
1362 2580 1540 2630 propter
1576 2573 1727 2614 turbae

245 2632 540 2686 frequentiam,
559 2646 644 2688 quo
659 2632 798 2672 subito
817 2647 912 2672 cum
927 2634 1111 2688 quodam
1128 2633 1267 2674 sonitu
1281 2632 1521 2687 aperiretur
1538 2634 1729 2685 egerunt,

248 2689 366 2742 quasi
387 2704 435 2729 ex
464 2689 645 2744 quadam
675 2689 927 2743 operatione
958 2690 1153 2730 (livinitus
1181 2690 1281 2731 sacti
1307 2687 1506 2744 prodigii,
1539 2694 1581 2728 et
1611 2686 1724 2725 intro

249 2744 474 2786 insilientes
496 2745 778 2800 procidebant
798 2746 1028 2786 seductoris
1049 2753 1334 2798 monumento,
1361 2746 1471 2785 hunc
1487 2745 1729 2783 invocantes

251 2808 293 2842 et
324 2816 408 2844 non
438 2802 578 2855 deum,
605 2806 781 2858 “surge’'
809 2802 992 2845 dicentes
1022 2807 1091 2845 “ct
1111 2803 1308 2844 auxiliare
1335 2802 1527 2858 perditae
1558 2799 1618 2841 rei
1648 2813 1729 2853 pu-
