1728 3184
189 188 288 240 334
691 201 747 240 lN
785 199 1163 242 THEOPHANEM

187 317 367 358 Romani
406 316 514 358 liber
555 318 758 359 secundus
798 333 896 374 pag.
939 315 1021 360 246
1064 325 1334 359 enumerant=
1371 321 1668 375 Metrophanes

187 389 289 414 vcro
320 388 428 414 anno
462 375 722 416 Constantini
754 376 917 416 decimo
947 377 1091 425 tertio,
1124 377 1254 416 morti
1286 377 1366 416 iam
1399 378 1569 431 vicinus,
1600 381 1666 420 ul-

188 432 332 471 timum
365 431 515 486 agebat
555 439 848 473 senectutem..
897 447 983 472 non
1028 433 1205 473 inficior.
1252 433 1480 474 ἐπίσκοπον
1517 436 1667 490 πρῶτα

187 487 448 528 nihilosecius
491 489 541 528 ab
571 495 746 530 auctore
793 505 875 530 non
905 490 1134 544 incongrue
1168 490 1327 529 dictum
1355 490 1550 542 coniicio,
1579 493 1664 533 sive

187 544 304 600 quod
335 545 386 584 ab
417 558 469 585 eo
500 560 634 586 novae
661 547 819 586 Romae
848 547 1058 600 praesules
1101 561 1318 587 recensere
1348 548 1540 601 coeperit
1571 563 1666 603 pag.

189 600 240 642 10
265 602 318 652 D,
349 601 434 642 sive
462 602 578 657 qu'od
608 603 885 643 Constantino
925 603 1171 659 Byzantium
1213 604 1398 658 primum
1437 605 1666 658 appellenti

185 672 362 698 coaevus
395 659 505 699 inter
533 659 793 713 patriarchas
820 660 959 700 locum
988 660 1174 714 primum
1210 660 1365 701 mereri
1396 660 1667 713 existimetur,

185 722 306 755 aucta
335 714 533 755 nimirum
561 716 748 771 episcopi
779 717 981 771 dignitate
1010 723 1051 757 et
1081 717 1253 768 iuribus,
1286 717 1584 771 cumprimum
1614 719 1668 760 de

186 771 484 813 transferendo
519 772 698 827 imperio
731 773 951 814 consilium
985 773 1278 814 Constantinus
1310 775 1485 828 accepit.

292 844 362 898 49,
391 849 431 886 9.
490 841 561 901 ἔτη
594 842 669 897 λζ’]
702 847 828 887 etiam
860 847 1075 901 trigesimo
1116 853 1266 888 octavo
1299 847 1498 888 delibato.

294 930 402 970 Ibid.
427 929 494 971 ΩΟ.
553 927 798 978 Εὕστοῖθιος
829 929 1133 986 πρεσβύτερος]
1162 932 1428 972 Eustathium
1456 931 1570 972 hunc
1599 946 1666 971 sa-

183 986 246 1027 cri
273 986 643 1043 Hierosolymitani
677 988 853 1028 aedificii
888 995 1105 1028 auctorem
1126 989 1407 1043 Hieronymus
1437 989 1586 1029 scribit
1615 990 1666 1029 ad

183 1058 337 1083 annum
367 1044 630 1084 Constantini
661 1043 729 1087 30.
787 1045 1027 1085 ΕιιειαιΙιίαε
1072 1045 1155 1086 CP.
1180 1046 1395 1098 presbyter·
1418 1047 1663 1100 agnoscitur,

182 1102 292 1140 caius
321 1101 525 1141 industria
554 1102 598 1141 in
628 1101 927 1152 Hierosolymis
961 1103 1204 1154 martyrimn
1240 1111 1506 1142 constructum
1540 1111 1610 1142 est.

295 1182 363 1236 50,
383 1183 421 1225 3.
480 1179 733 1239 μαρτύριον]
768 1185 825 1225 ita
853 1200 1024 1240 quoque
1046 1186 1225 1241 Cyrillus
1258 1186 1417 1226 catech.
1451 1184 1520 1238 14,
1555 1200 1664 1241 quae

184 1240 267 1282 alio
300 1242 470 1282 nomine
498 1241 667 1281 basilica
713 1243 1081 1292 Constantiniana,
1126 1243 1167 1282 S.
1217 1243 1566 1297 resurrectionis,
1599 1243 1665 1283 vel

183 1298 396 1352 sepulchri
426 1298 572 1348 aedes,
626 1297 752 1339 hodie
793 1299 945 1339 Graeci
991 1300 1066 1353 τῆς
1097 1296 1221 1352 ἁγίας
1263 1297 1534 1347 ἀναστάσεως
1563 1296 1667 1339 ναὸν

186 1355 332 1395 dicunt
362 1354 402 1395 in
432 1355 671 1409 menologio
710 1355 761 1396 13
794 1356 1009 1410 Septemb.
1047 1356 1098 1396 de
1132 1371 1216 1410 quo
1248 1356 1330 1397 late
1363 1357 1514 1397 Franc.
1546 1357 1667 1407 Qua-

183 1411 356 1452 resmius
385 1418 502 1452 tomo
535 1413 561 1453 2
589 1412 881 1453 elucidationis
906 1420 1047 1454 terrae
1076 1419 1254 1454 sanctae.

181 1540 206 1580 d
237 1541 246 1550 ·
292 1484 408 1526 Ibid.
442 1484 482 1526 6.
540 1485 714 1539 Πέρσαι
765 1485 813 1527 δὲ
851 1482 1098 1540 ἐδήλωσαν]
1149 1500 1197 1526 ex
1239 1485 1446 1526 chronico
1487 1485 1666 1527 Alexan..

211 1555 321 1582 rino.

290 1625 398 1665 Ibid.
417 1623 481 1666 13.
529 1618 704 1679 ’Έζησεν
734 1624 782 1665 δὲ
808 1622 860 1666 τὰ
895 1619 973 1666 ὅλα
1005 1622 1078 1679 ἔτη
1109 1626 1184 1679 τῆς
1203 1625 1315 1679 ζωῆς
1345 1625 1480 1666 αὐτοῦ
1506 1621 1578 1680 ιἔτη
1594 1623 1664 1679 ξέ]

181 1681 461 1737 Hieronymus
493 1682 535 1723 in
567 1681 714 1722 chron.
747 1683 930 1733 moritur,
964 1683 1117 1738 inquit,
1149 1698 1259 1724 anno
1288 1684 1444 1723 aetatis
1472 1697 1569 1722 suae
1597 1681 1665 1722 66.

182 1739 224 1778 in
258 1754 366 1794 quae
396 1739 524 1780 verba
555 1745 732 1780 annotat
758 1739 969 1779 Pontacus
999 1746 1142 1779 notam
1181 1740 1206 1779 5
1241 1754 1287 1780 ex
1317 1739 1589 1779 similitudine
1625 1740 1665 1778 in

181 1794 207 1836 6
238 1801 453 1835 mutatam.
521 1796 695 1835 Rufinus
739 1796 849 1836 enim
892 1796 964 1835 lib.
1011 1796 1030 1835 1
1078 1811 1167 1850 cap.
1205 1797 1268 1845 11,
1313 1797 1507 1835 Socrates
1535 1796 1607 1837 lib.
1643 1797 1664 1835 1

180 1867 272 1907 cap.
306 1853 377 1892 ult.
408 1851 556 1906 primis
587 1852 684 1906 ipsis
699 1852 855 1903 verbis,
883 1858 926 1892 et
946 1852 1200 1893 Sozomenus
1229 1853 1301 1892 lib.
1325 1853 1349 1892 2
1379 1867 1470 1906 cap.
1501 1853 1666 1906 pariter

182 1909 257 1949 ult.
290 1908 555 1949 Constantini
583 1909 693 1949 vitae
726 1923 855 1949 annos
885 1909 1092 1964 sexaginta
1126 1909 1313 1965 quinque
1342 1914 1580 1950 numerant.

254 1996 256 1999 ’
293 1993 403 2033 Ibid.
422 1989 486 2034 14.
544 1988 808 2045 βασιλεύσας
838 1987 912 2046 ἔτη
941 1990 1005 2033 λα’
1032 1989 1108 2033 καί
1133 1993 1272 2045 μῆνας
1301 1991 1420 2045 δέκα]
1451 2007 1562 2034 anno
1585 2007 1666 2048 pa-

181 2050 291 2090 riter
321 2050 490 2104 imperii
519 2050 732 2090 tricesimo
772 2050 959 2091 secundo
1005 2065 1100 2090 eum
1145 2050 1295 2091 obiisse
1337 2050 1468 2090 refert
1500 2050 1666 2099 Victor,

180 2106 441 2162 Epiphanius
471 2106 543 2147 lib.
574 2106 626 2146 de
652 2121 779 2146 mens.
813 2112 855 2147 et
885 2106 1014 2160 pond.
1046 2114 1198 2147 auctor
1224 2107 1334 2146 vitae
1365 2106 1507 2146 Const.
1540 2107 1610 2146 lib.
1638 2103 1666 2147 4

182 2178 273 2219 cap.
302 2163 356 2205 53
390 2178 499 2203 anno
532 2163 726 2204 videlicet
752 2162 804 2203 31
837 2170 878 2204 et
901 2178 1040 2204 mense
1063 2162 1127 2215 10,
1157 2169 1205 2203 ut
1235 2163 1383 2204 chron.
1413 2163 1608 2204 Alexand.

294 2248 362 2299 51,
393 2248 432 2288 5.
493 2245 686 2288 ἐκέλευσε
717 2246 765 2288 δὲ
790 2245 1055 2290 Ἀθανάσιον
1083 2248 1158 2304 τῆς
1187 2247 1364 2303 ἐξωρίας
1396 2246 1662 2302 ἐπανελθεῖν]

181 2305 387 2346 Baronius
420 2320 529 2346 anno
563 2306 606 2345 C.
625 2303 706 2345 337
741 2319 852 2344 num.
883 2304 923 2345 8.

293 2389 402 2431 Ibid.
435 2388 499 2429 13.
558 2387 862 2437 Κωνστάντιος
905 2385 977 2442 ἔτη
1012 2386 1091 2444 κα’]
1124 2389 1180 2429 ita
1213 2403 1309 2428 cum
1339 2387 1470 2442 Regio
1501 2388 1664 2428 Palati-

183 2462 284 2487 num
318 2453 361 2488 et
389 2446 560 2502 Peyrez.
592 2445 797 2486 Vaticana
829 2446 1089 2486 correctiora
1116 2442 1188 2500 ἔτη
1219 2442 1295 2485 κδ’.

293 2532 403 2572 Ibid.
440 2530 503 2571 17.
539 2526 837 2578 Κωνστὰντιος
861 2530 909 2571 δὲ
941 2528 1216 2586 Ἀθανοὶσιον]
1249 2532 1503 2570 Sozomenus
1534 2528 1605 2568 lib.
1635 2527 1662 2568 3

183 2602 273 2643 cap.
291 2589 331 2639 9,
364 2589 571 2639 Socrates,
601 2587 913 2639 Theodoretus,
931 2587 1203 2642 Epiphanius,
1228 2593 1270 2628 et
1288 2587 1461 2641 ipsemet
1478 2584 1663 2624 Athana-

181 2645 262 2684 sius
297 2646 462 2702 apolog.
498 2645 536 2689 2.
563 2650 606 2684 at
633 2644 894 2698 Epiphanius
926 2640 1162 2686 inhaeres.
1195 2643 1517 2684 Meletianorum
1548 2656 1660 2680 num.

182 2699 221 2741 9.
253 2700 298 2741 ἑκ
327 2703 411 2742 τῶν
435 2698 514 2743 δύο
536 2700 763 2753 βασιλέων,
801 2701 1062 2742 Constantini
1106 2701 1313 2751 videlicet,
1346 2705 1388 2740 et
1424 2697 1661 2739 Constantis

181 2756 404 2809 mandam,
438 2766 480 2800 et
511 2757 758 2799 Constantio
801 2758 1174 2808 συνευδοκοῦντος,
1206 2756 1454 2797 assentiente
1488 2769 1663 2794 revoca-

177 2819 274 2854 ‘tum
304 2816 479 2856 scribit:
512 2815 678 2857 litterae
706 2828 843 2870 porro
873 2815 1240 2856 commendatitiae
1258 2843 1270 2865 ,
1319 2812 1370 2854 de
1411 2811 1560 2867 quibus
1592 2809 1661 2850 hic
