1768 3268
90 687 234 734 p.194

125 1551 158 1586 p·
175 1543 220 1578 20

248 205 314 256 42
451 214 734 257 ANASTAsn
779 212 1038 255 fflsToniA
1073 211 1487 255 Ecctsssms'ricA

248 342 394 383 scopus
425 327 613 369 Hemisae
641 336 683 370 et
714 328 902 371 Silvanus
933 328 1149 383 episcopus
1183 329 1345 379 Gazae,
1375 326 1580 367 Lucianus
1620 341 1721 381 pre-

248 381 390 440 sbyter
417 385 688 436 Antiochiae,
732 385 939 426 Zenobius
986 385 1207 441 presbyter
1247 383 1437 435 Sidonis,
1478 382 1720 438 Pamphilus

247 443 468 498 presbyter
510 443 747 496 Caesariae,
778 449 905 498 atque
925 443 992 483 alii
1034 440 1256 482 innumeri.
1317 440 1498 495 donique
1528 440 1720 482 Galerius

248 499 516 540 Maximianus
565 514 691 541 omne
733 498 951 554 praecepit
990 498 1324 539 Christianorum
1361 498 1652 538 exterminium
1683 499 1718 550 Ἴ

247 555 351 607 lieni,
384 570 469 595 non
498 563 662 597 tantum
691 563 872 611 propter
899 556 1156 610 impietatem
1180 569 1295 595 suam
1327 560 1533 610 quantum
1560 556 1615 596 ob
1647 569 1719 596 ra-

247 613 388 666 pinam
415 613 770 668 patrimoniorum
802 613 1001 668 ipsorum.

357 686 496 727 Porro
537 687 831 727 Constantinus
869 692 983 728 sexto
1025 685 1190 740 imperii
1230 685 1293 725 sui
1335 698 1446 725 anno
1479 685 1521 725 in
1553 683 1718 726 destru-

245 742 428 783 ctionem
459 750 738 799 tyrannorum
766 743 957 784 surrexit.
1015 743 1244 784 Maxentius
1264 747 1402 784 autem
1427 742 1574 796 impius
1604 743 1716 783 facto

246 799 286 839 in
308 799 451 851 fluvio,
480 801 552 856 qui
580 801 693 841 circa
723 801 873 842 urbem
886 801 1063 840 Romam
1083 800 1284 851 decurrit,
1315 814 1361 840 cx
1380 799 1554 840 navibus
1585 807 1718 854 ponte

244 864 393 896 contra
414 871 609 911 magnum
625 858 944 899 Constantinum
961 858 1089 898 aciem
1109 856 1266 912 dirigit,
1286 856 1569 912 quiMaxentii
1584 868 1716 911 pave-

243 913 314 952 bat
338 913 532 954 maleficia
560 913 757 969 parvulos
777 913 997 955 incidentis
1021 921 1199 969 propter
1223 913 1498 955 divinationes
1524 913 1715 955 nefarias.

243 984 422 1025 cumque
457 972 499 1010 in
530 970 800 1012 haesitatione
826 972 956 1012 multa
989 971 1257 1022 consisteret,
1296 970 1496 1026 apparuit
1526 970 1578 1023 ei,
1606 970 1716 1012 hora

241 1034 352 1066 sexta
373 1027 469 1075 diei,
489 1027 673 1081 pretiosa
703 1043 804 1069 crux
820 1042 866 1069 ex
884 1028 975 1069 luce
1002 1029 1200 1080 formata,
1216 1027 1369 1069 habens
1387 1027 1716 1083 superscriptio..

243 1098 336 1123 nem
356 1084 424 1124 “in
441 1083 523 1124 hoc
539 1085 694 1126 vince.'’
723 1084 853 1126 astitit
874 1091 1013 1126 autem
1043 1086 1079 1126 ei
1100 1085 1291 1125 dominus
1323 1085 1364 1124 in
1391 1085 1549 1126 visione
1566 1085 1715 1137 noctis,

243 1146 284 1180 et
304 1140 407 1182 dixit
420 1141 568 1183 “utere
583 1141 697 1197 quod
715 1147 922 1182 ostensum
942 1147 1001 1183 est
1022 1142 1111 1193 tibi,
1132 1148 1174 1183 et
1193 1142 1350 1182 vince.'’
1370 1147 1472 1182 tunc
1490 1156 1618 1183 cruce
1637 1154 1715 1182 au..

244 1211 312 1237 rea
331 1198 521 1249 formata,
541 1213 647 1254 quae
668 1204 728 1240 est
745 1213 874 1254 usque
892 1200 933 1240 in
948 1197 1202 1239 hodiernum
1219 1199 1340 1253 diem,
1361 1199 1475 1239 iussit
1491 1206 1538 1240 ut
1554 1206 1651 1240 ante
1671 1214 1716 1240 se

239 1254 541 1307 portareturin
567 1255 753 1309 praelim
785 1257 977 1312 factaque
990 1256 1280 1310 congressione
1299 1257 1487 1311 superati
1515 1262 1613 1296 sunt
1639 1256 1714 1312 qui

239 1310 348 1350 circa
365 1311 615 1352 Maxentium
630 1313 810 1363 fuerant,
826 1312 1016 1367 plurimis
1034 1327 1080 1353 ex
1101 1313 1163 1353 his
1180 1313 1458 1368 interemptiS.
1475 1314 1712 1355 Maxentius

238 1373 376 1408 autem
408 1382 502 1408 cum
534 1368 704 1409 residuis
747 1370 905 1424 fugiens
934 1377 1067 1423 ponte
1107 1370 1248 1410 divina
1280 1370 1438 1411 virtute
1468 1370 1632 1411 discisso
1667 1371 1710 1411 in

235 1423 387 1465 flumen
427 1424 712 1482 demergitur,
753 1425 1107 1482 quemadmodum
1149 1427 1316 1468 Pharao
1360 1426 1574 1482 quondam
1613 1442 1711 1468 cum

234 1481 348 1521 omni
376 1481 585 1534 exercitu,
630 1484 686 1524 ita
727 1490 774 1525 ut
803 1484 932 1525 amnis
963 1485 1116 1524 necatis
1148 1484 1264 1540 equis
1295 1498 1391 1525 cum
1424 1484 1711 1525 ascensoribus

235 1537 495 1592 impleretur.
555 1545 599 1579 at
625 1555 726 1581 vero
758 1541 865 1583 cives
884 1541 1080 1594 Romani,
1112 1542 1185 1597 qui
1210 1540 1321 1581 hunc
1350 1547 1636 1595 poposcerant
1662 1547 1711 1582 ut

232 1594 274 1633 in
304 1610 423 1635 suum
454 1604 673 1653 exurgeret
706 1598 990 1650 adiutorium,
1021 1614 1043 1639 a
1073 1598 1243 1653 maligni
1257 1597 1455 1639 Maxentii
1485 1598 1711 1654 tyrannide

231 1651 395 1692 liberati
426 1652 638 1694 civitatem
669 1662 895 1707 coronant,
937 1670 1032 1696 cum
1064 1655 1215 1711 gaudio
1264 1655 1472 1696 victorem
1503 1657 1710 1697 Constan-

231 1707 368 1748 tinum
397 1724 478 1750 una
497 1724 591 1750 cum
611 1711 829 1753 victoriam
846 1713 1025 1754 faciente
1054 1727 1181 1754 cruce
1207 1713 1493 1768 suscipientes,
1519 1720 1563 1755 et
1594 1713 1711 1754 hune

231 1763 479 1807 salvatorem
510 1782 604 1809 cum
632 1769 783 1824 gaudio
815 1771 1098 1811 acclamantes.

342 1839 488 1880 Mundi
511 1856 618 1882 anno
640 1841 761 1894 5803,
778 1843 1070 1886 Constantinus
1086 1845 1263 1900 septimo
1283 1842 1453 1899 imperii
1483 1842 1546 1883 sui
1579 1857 1705 1894 anno,

181 1900 188 1913 '
232 1909 328 1935 cum
373 1895 511 1937 divina
557 1913 638 1953 ope
676 1901 852 1941 Romam
895 1902 1165 1954 obtinuisset,
1196 1907 1294 1942 ante
1336 1900 1477 1940 omnia
1520 1914 1707 1955 corpora

230 1958 471 1994 sanctorum
498 1961 729 2008 martyrum
748 1958 886 2013 colligi
920 1966 962 1999 et
982 1965 1148 2000 sanctae
1174 1957 1417 2013 sepulturae
1433 1957 1544 1997 tradi
1577 1973 1705 2012 prae..

231 2009 356 2062 cepit.
386 2017 428 2051 et
459 2017 578 2051 erant
607 2014 781 2055 Romani
822 2016 1119 2070 triumphalem
1161 2015 1428 2056 festivitatem
1467 2022 1635 2070 agentes
1664 2021 1706 2055 et

232 2065 450 2106 dominum
474 2068 762 2119 collaudantes,
793 2087 868 2112 nec
896 2068 979 2112 non
1011 2080 1052 2114 et
1085 2073 1295 2113 vivificam
1329 2086 1498 2112 crucem
1531 2086 1610 2126 per
1637 2086 1704 2113 se-

231 2128 345 2177 ptem
376 2123 459 2164 dies
491 2130 532 2165 et
557 2126 871 2168 Constantinum
900 2131 1102 2170 victorem
1137 2129 1464 2185 magnificantes.

346 2195 610 2238 Constantini
638 2215 745 2239 anno
768 2200 793 2241 9
823 2203 1068 2243 Maximinus
1109 2204 1214 2244 silius
1247 2203 1420 2252 Galerii,
1452 2201 1630 2242 insiliens
1661 2209 1704 2244 ct

229 2252 396 2293 sibimet
440 2254 659 2308 imperium
692 2257 931 2309 reflectens,
972 2261 1157 2314 turpiter
1199 2260 1239 2301 in
1273 2260 1419 2300 Cilicia
1452 2261 1581 2300 vitam
1610 2259 1703 2299 fini..

229 2310 303 2348 vit.
362 2310 532 2350 audiens
564 2318 699 2353 autem
718 2315 984 2357 Maximianus
1009 2312 1197 2358 Galerius
1226 2323 1351 2372 pater
1380 2316 1501 2356 huius
1528 2318 1702 2357 Maxen-

230 2366 333 2406 tium
365 2366 495 2407 filium
526 2368 711 2410 Herculii
732 2372 887 2413 Romae
918 2374 1228 2415 aConstantino
1259 2389 1337 2429 per
1367 2374 1570 2414 virtutem
1599 2388 1701 2413 cru-

230 2423 284 2461 cis
317 2422 563 2475 admersum,
595 2425 748 2478 timuit,
779 2435 819 2468 et
835 2431 1169 2482 persecutionem
1200 2427 1325 2487 quam
1344 2430 1539 2472 adversus
1570 2430 1698 2471 Chri-

227 2479 379 2520 stianos
409 2480 592 2534 agitabat
623 2496 779 2524 cessare
809 2486 924 2526 fecit.

263 2608 271 2616 ⁴
303 2608 311 2616 .
338 2553 631 2595 Constantinus
674 2563 811 2597 autem
851 2559 1011 2600 decimo
1063 2562 1227 2616 imperii
1266 2564 1325 2603 sui
1351 2577 1458 2602 anno
1486 2578 1574 2607 ,una
1603 2575 1700 2602 cum

226 2609 386 2671 Lacunio
417 2610 602 2662 Caesare,
641 2613 727 2652 zelo
762 2614 827 2654 dei
860 2615 1019 2667 duetus,
1051 2625 1182 2659 castra
1212 2621 1344 2660 movit
1375 2618 1569 2660 adversus
1605 2621 1698 2659 Ma-

225 2665 447 2707 ximianum
465 2667 693 2723 Galerium,
725 2670 796 2725 qui
816 2672 1361 2719 moderabaturOrientem.
1427 2684 1468 2718 at
1493 2677 1561 2717 ille
1591 2690 1697 2715 con-

319 2799 350 2843 ἢ
381 2802 645 2850 exterminium]
683 2804 798 2838 utitur
826 2806 1073 2841 Tertullianus
1100 2810 1178 2843 adv.
1205 2812 1283 2844 lud.
1313 2823 1340 2844 c.
1366 2811 1389 2845 8
1419 2817 1449 2844 et
1483 2811 1521 2843 11
1552 2815 1588 2844 et
1612 2809 1692 2843 adv.

319 2848 599 2885 Valentinianus
626 2863 655 2885 c.
687 2853 741 2890 16.
770 2853 946 2901 interpres
973 2858 1148 2903 epistolae
1176 2859 1210 2894 S.
1233 2859 1427 2893 Barnabae.
1458 2859 1562 2894 men.
