1728 3184
673 168 886 210 NOTAE.
1192 205 1197 207 .
1423 159 1522 212 493

61 288 176 323 cium
204 280 467 332 Heraclium,
494 294 603 336 quae
632 295 696 321 res
725 296 880 330 novas,
911 289 954 323 et
984 283 1171 324 inaudita
1199 283 1395 338 dogmata
1423 298 1526 338 prae

61 340 147 380 aliis
177 339 440 394 ingererent=
473 338 514 377 in
547 337 755 378 nonnullis
784 340 895 378 enim
924 354 946 378 a
980 340 1209 379 Severiauis
1238 340 1528 395 discrepabant

63 397 288 437 lacobitae.
345 391 387 434 4.
419 394 554 434 ultimi
594 395 833 449 argumenti
876 396 987 449 apud
1028 410 1118 445 me,
1159 397 1449 447 velpcordatos
1478 413 1527 438 ea

60 459 225 494 tantum
256 451 340 493 erit
363 450 476 501 lideS,
504 465 612 506 quae
641 465 684 491 se
715 451 896 506 probata
926 452 1180 492 auctoritate
1199 454 1371 494 senserit
1401 453 1526 494 fulci..

60 509 223 550 en‘dam.
280 507 383 548 illud
423 507 594 562 insuper
631 521 784 547 moneo
823 521 875 548 eo
924 507 966 547 in
1005 508 1306 562 Theophanem
1344 510 1529 550 discursu

58 580 188 620 prave
211 565 439 605 Baronium
452 564 585 619 argui,
607 564 706 619 qui,
723 563 916 604 Cedreno
934 564 1116 605 Heraclii
1133 571 1175 605 et
1198 566 1406 614 Athanasii
1436 567 1530 606 col-

61 622 253 678 loquium
281 621 323 662 in
352 635 506 661 annum
537 620 590 660 25
622 626 870 675 reponente,
913 620 966 660 ad
998 635 1152 660 annum
1184 620 1238 660 20
1267 622 1370 662 illud
1401 637 1530 663 revo-

56 679 178 720 carit.
235 677 384 720 seriem
435 677 547 716 enim
590 691 802 717 annorum
846 677 918 732 qui
960 676 1108 731 legerit
1135 678 1247 731 apud
1278 678 1528 731 Cedrenum,

63 734 320 792 typographi
348 733 489 783 solius,
519 734 630 773 haud
660 734 831 774 Baronii
860 733 1052 774 advertet
1080 741 1279 777 erratum.

176 800 274 852 507,
306 801 369 845 10.
439 797 480 842 οἱ
508 794 779 853 Ἰακωβῖται,
824 800 900 841 καί
943 796 983 841 οἷ
1024 799 1334 856 Θεοδοσιανοί]
1366 801 1417 843 de
1445 802 1529 845 istis

57 857 278 915 Euagrius,
294 857 347 899 de
373 857 451 899 illis
481 864 687 898 tractatus
717 858 758 898 in
786 857 961 898 historia
975 856 1363 898 Monothelitarum.

167 924 265 977 509,
294 924 335 967 9.
390 923 440 965 τὸ
478 921 688 978 πλήρωμα
726 925 799 977 τῆς
842 923 1084 981 ἐκκλησίας]
1133 923 1235 966 illud
1277 941 1362 967 esse
1393 931 1529 966 totum

54 983 318 1028 ecclesiastici
350 981 452 1023 cleri
482 989 736 1022 conventum
765 982 1054 1022 demonstrant
1081 982 1244 1034 Basilii,
1272 989 1315 1023 et
1344 981 1528 1039 Chryso-

58 1042 185 1085 stomi
213 1039 422 1094 liturgiae,
448 1044 491 1079 et
521 1037 826 1093 euchologium.

166 1108 354 1150 Ibid.12.
414 1105 461 1147 ἐκ
489 1107 563 1146 τοῦ
595 1106 805 1156 ζωοποιοῦ
830 1105 1011 1158 αἵματος
1041 1105 1119 1145 τοῦ
1145 1104 1358 1162 Χριστοῦ]
1386 1106 1432 1147 ἔν
1450 1106 1532 1158 μὲ-

58 1169 167 1207 aava.
224 1166 269 1206 in
301 1166 634 1205 atramentarium
669 1165 866 1217 sanguine
892 1163 1012 1212 suso.
1078 1162 1263 1202 inscitiae
1302 1162 1530 1204 Baronium

56 1221 248 1277 suggillat
281 1234 411 1262 novus
448 1219 652 1260 historiae
678 1218 1056 1260 Monothelitarum
1096 1225 1259 1268 auctor,
1292 1220 1364 1274 qui
1393 1219 1536 1261 Theo-

56 1279 155 1319 dori
174 1283 334 1334 gestum
353 1277 423 1317 hic
440 1277 618 1317 relatum
647 1290 722 1316 usu
742 1275 883 1330 aliquo
901 1274 1083 1330 antiquis
1101 1275 1332 1329 probatum
1362 1275 1533 1330 ignora-

53 1335 175 1376 verit.
192 1341 236 1375 at
253 1348 339 1374 non
359 1333 607 1387 ignorantia,
628 1332 699 1373 sed
709 1332 928 1373 Theodori
946 1331 1137 1372 insolitae
1155 1332 1325 1371 actionis
1345 1332 1533 1373 modesta

54 1393 136 1433 fuit
154 1391 325 1432 Baronii
342 1390 562 1444 expositiO,
585 1390 658 1446 qui
678 1404 769 1429 eam
790 1389 907 1428 nullo
930 1388 1125 1429 ecclesiae
1148 1388 1235 1427 ritu
1250 1394 1533 1443 praeceptam,

54 1455 130 1490 aut
155 1452 399 1502 usurpatam
419 1446 604 1487 asseruit.
642 1445 757 1500 quod
773 1446 961 1486 ducentis
990 1450 1087 1499 post
1103 1444 1219 1484 annis
1235 1446 1420 1500 episcopi
1434 1446 1535 1485 Ori-

57 1505 212 1547 entaloe
243 1503 441 1545 distillate
473 1504 513 1543 in
542 1502 889 1543 atramentarium
912 1501 1066 1542 Christi
1096 1501 1172 1541 sub
1202 1500 1289 1541 vini
1316 1502 1530 1556 speciebus

55 1561 255 1616 sanguine
280 1559 614 1614 subscripserint,
643 1566 716 1600 aut
737 1558 900 1614 antiqui
928 1563 1235 1598 sacramentum
1267 1572 1362 1598 cum
1386 1566 1528 1615 satyro

54 1618 268 1660 Ambrosii
295 1617 473 1658 tulerint
516 1631 670 1667 secum,
699 1622 771 1656 aut
803 1620 885 1655 tina
929 1615 971 1654 in
1001 1615 1209 1654 tumulum
1236 1617 1531 1670 praeceperint

55 1673 354 1730 sepeliendum,
387 1672 616 1713 addidisset
645 1673 772 1713 etiam
788 1671 912 1712 hodie
939 1671 991 1711 ab
1021 1671 1225 1725 episcopis
1254 1673 1425 1713 Graecis
1452 1687 1530 1727 pe-

56 1731 392 1786 regrinantibus,
424 1729 541 1785 quod
577 1730 679 1769 mihi
723 1727 979 1783 experientia
1018 1733 1196 1778 constat,
1219 1742 1299 1781 per
1326 1735 1462 1769 terras
1489 1734 1532 1770 et

57 1791 191 1829 maria
218 1786 416 1838 delatum,
444 1786 506 1827 rei
536 1786 705 1842 quidem
731 1785 993 1826 insolentiam
1024 1783 1176 1838 arguit,
1208 1798 1258 1823 ac
1289 1786 1531 1826 nonnullam

59 1847 325 1886 Graecorum
351 1858 399 1884 ex
424 1843 602 1899 antiquo
632 1858 709 1884 usu
739 1841 991 1890 audentiam,
1021 1840 1176 1880 nullam
1203 1846 1343 1881 tamen
1361 1842 1531 1882 Baronii

58 1901 353 1957 ignorantiam,
379 1900 444 1940 vel
474 1900 591 1955 quod
618 1900 707 1956 ipse
735 1904 927 1949 testatur,
955 1897 1130 1938 similem
1150 1897 1348 1939 ecclesiae
1374 1899 1531 1940 Roma-

59 1973 139 1999 nae
170 1958 300 1998 ritum
331 1957 484 2011 arguit.

168 2023 265 2075 510,
293 2023 334 2065 3.
391 2023 450 2079 τῷ
480 2023 528 2064 δὲ
560 2021 736 2079 §weit-cp]
769 2022 924 2064 reiecta
949 2020 1157 2076 particula
1185 2020 1443 2062 adversativa
1470 2020 1531 2074 δέ,

58 2080 408 2136 praecedentibus
437 2080 541 2121 haec
570 2080 846 2134 adiungenda.
903 2077 1083 2134 synodus
1112 2078 1222 2117 enim
1251 2078 1319 2118 hic
1353 2077 1532 2129 laudata,

58 2138 112 2180 de
141 2154 223 2194 qua
257 2137 428 2178 inferius
458 2136 511 2176 ad
538 2151 692 2178 annum
708 2137 943 2179 Constantis
971 2134 1012 2186 8,
1042 2135 1246 2190 temporis
1276 2134 1531 2175 characteri-

58 2195 136 2236 bus
167 2194 403 2235 huiusmodi
429 2194 662 2247 insignitur.

171 2267 280 2309 Ibid.
310 2266 374 2307 14.
433 2261 456 2305 ὅ
484 2263 684 2320 ἐρημικός
709 2262 914 2323 Ἀμαλὴκ]
944 2264 1239 2308 Machomedus
1269 2263 1530 2305 desertorum

57 2324 239 2365 Arabiae
267 2323 418 2364 incola.

170 2397 282 2440 Ibid.
302 2395 371 2437 16.
432 2393 538 2436 κατὰ
568 2393 615 2436 τὸ
650 2395 687 2436 Γ
686 2392 859 2448 amacina,
892 2394 968 2437 καί
989 2391 1289 2448 ’[ερμουχθάν]
1318 2404 1531 2443 memora-

58 2458 132 2494 tur
159 2453 332 2495 inferius
364 2452 416 2493 ad
444 2468 598 2493 annum
632 2453 811 2493 Heraclii
843 2449 898 2494 24
927 2459 970 2494 et
998 2452 1067 2493 25.

171 2526 269 2580 511,
284 2526 325 2567 3.
381 2520 402 2566 ὅ
428 2525 505 2579 τῆς
524 2522 745 2580 ἐκκλησίας
764 2522 959 2580 διώκτης]
993 2526 1215 2566 Constans:
1246 2519 1298 2561 de
1314 2533 1400 2575 quo
1432 2518 1530 2559 anni

58 2589 293 2639 sequentes.

170 2656 281 2697 Ibid.
322 2655 361 2695 5.
431 2653 595 2706 α’πεβίω
636 2654 887 2708 Μουαμέδ]
937 2650 1239 2717 comparandus
1282 2648 1530 2703 Theophani

46 2712 270 2752 -Abraham
298 2711 590 2762 Eochenensis‚
620 2710 672 2751 de
699 2711 1043 2752 Moslaminorum
1072 2707 1276 2762 imperio:
1305 2708 1393 2760 ipse
1421 2720 1531 2759 quo-

60 2782 143 2823 que
167 2768 448 2824 Theophanes
474 2768 640 2809 sibimet
659 2767 938 2809 conferendus
955 2765 1066 2822 apud
1083 2762 1403 2806 Constantinum
1420 2762 1531 2802 Por.
