1728 3184
652 185 850 228 NOTAE.
1381 184 1476 230 555

18 309 109 336 eum
142 309 230 346 esse
261 293 483 352 probavit,
523 311 615 349 cum
649 300 694 338 in
736 299 885 338 cellula
924 297 1202 353 (ἐγκλείστρα)
1238 302 1416 358 quadam
1445 310 1488 342 ut

14 351 259 405 maleficium
302 354 501 394 hominem
520 385 533 406 ‚
579 355 696 394 illum
739 355 923 394 veritatis
954 357 1179 396 thesaurum
1213 359 1481 410 conclusisset,

13 408 202 448 clavibus
239 409 340 448 aliis
379 411 491 450 alias
517 409 691 459 addens,
720 425 771 450 ac
795 411 934 451 cibum
955 425 1036 465 per
1053 411 1246 465 foramen
1271 413 1480 468 quoddam

11 465 51 503 ei
86 464 204 521 dari*
226 465 360 505 iubens
374 495 387 516 ,
427 475 471 506 ut
503 481 531 505 a
567 467 681 506 nullo
710 480 874 517 pmrsus
917 466 1052 506 videri
1070 478 1212 523 posset.
1268 469 1479 510 adeundus

12 520 219 560 Baronius
252 519 306 561 ad
332 536 488 563 annum
509 522 662 563 Christi
691 521 789 563 795.

126 602 223 654 731,
250 603 291 644 8.
348 604 411 653 εἷς
448 602 620 661 Πύλας]
651 606 844 647 Astaceni
871 606 980 647 sinus
1010 605 1161 646 locum.
1194 606 1484 648 Constantinus

14 659 422 716 Porphyrogeuneta
448 663 560 717 apud
595 663 823 704 ortelium.

128 743 238 784 Ibid.
255 743 320 787 11.
376 741 454 790 ἕως
481 746 560 786 τοῦ
586 745 817 802 Τρίτωνος]
846 745 984 786 locum
1010 746 1188 786 alterum
1202 745 1319 785 Asiae
1343 745 1482 786 mino..

14 799 526 898 ggnzngngggpontidem.
597 802 783 843 ortelius
824 817 872 843 ex
898 802 1045 843 eodem
1077 800 1483 857 porphyrogenneta

118 929 232 972 Ibid.
266 927 328 971 19.
388 930 565 971 καθίσαι
593 930 654 980 εἰς
691 931 863 984 γωνίαν]
891 941 933 972 ιιι
957 931 1108 971 seder-ec
1144 932 1188 971 in
1214 931 1392 985 angulo.-
1422 930 1481 970 ait

12 985 260 1027 Anastasius.
317 987 375 1026 ita
402 986 530 1028 hodie
559 987 717 1038 dicunt,
746 1002 870 1042 agere
896 989 1078 1044 quietem.

122 1069 222 1119 732,
251 1070 290 1111 2.
357 1070 419 1119 εἷς
455 1069 735 1125 παράκλησιν]
783 1072 834 1111 ad
875 1086 1020 1126 prece-s
1061 1070 1200 1111 reddit
1230 1069 1477 1110 Anastasius:

12 1125 120 1166 addo
150 1132 193 1167 et
213 1127 554 1181 processionem,
586 1143 635 1168 eo
684 1128 751 1168 die
785 1128 856 1183 qui
903 1128 1190 1180 assumptionis
1219 1127 1264 1166 B.
1306 1127 1477 1178 Mariae,

14 1183 103 1223 fieri
133 1182 315 1224 solitam.
371 1181 661 1238 παρακάλεσις
690 1186 812 1239 enim,
842 1190 883 1225 et
909 1180 1170 1238 παράκλησις
1197 1182 1240 1223 id
1268 1182 1394 1223 hodie
1420 1185 1477 1222 si-

12 1239 196 1294 gnificat.

119 1312 234 1353 Ibid.
266 1307 306 1356 4.
365 1310 409 1352 ἐν
436 1311 488 1367 τῇ
516 1309 735 1368 πορφύρᾳ]
766 1310 909 1366 palatii
940 1312 1052 1351 locus
1082 1311 1340 1365 imperatrici
1371 1326 1477 1365 par-

8 1367 209 1418 turienti,
242 1375 284 1409 et
326 1369 592 1422 imperatoris
616 1369 720 1409 filios
751 1369 792 1407 in
825 1368 957 1408 lucem
986 1368 1192 1408 emittenti
1223 1367 1473 1419 destinatus,

6 1439 29 1465 a
59 1439 143 1479 quo
177 1426 234 1464 ini
261 1425 713 1480 Porphyrogenuctae.
775 1425 997 1465 meursius.

120 1508 217 1560 733,
230 1508 270 1550 3.
326 1507 410 1549 α’πό
439 1509 626 1564 κεφαλῆς
651 1509 730 1557 ἕως
758 1509 918 1560 ποδῶν]
949 1509 1064 1564 quod
1082 1510 1124 1549 in
1155 1508 1476 1549 confirmatione

8 1570 145 1605 totum
175 1580 330 1620 corpus
373 1571 585 1620 unguento
625 1580 746 1606 sacro
795 1566 1028 1606 delibutum
1059 1565 1207 1607 Graeci
1240 1565 1381 1619 velint,
1410 1565 1475 1605 vel

7 1621 130 1676 quod'
154 1623 292 1662 Latini
326 1636 472 1677 regum
502 1637 676 1662 suorum
713 1623 837 1676 plura
876 1623 1077 1672 membra,
1108 1626 1235 1676 caput
1261 1622 1473 1670 nimirum,

5 1683 166 1732 pectus,
195 1678 403 1732 scapulas,
434 1678 631 1730 brachia,
659 1694 784 1734 quam
823 1678 900 1733 ipsi
931 1686 1089 1734 ungant
1118 1678 1439 1732 imperatoribus
1463 1692 1476 1729 ;

8 1734 151 1775 Caroli
176 1737 233 1775 Μ.
276 1741 414 1775 totum
452 1749 606 1789 corpus
648 1751 671 1775 a
703 1735 860 1776 vertice
890 1735 943 1776 ad
972 1736 1098 1791 pedes
1127 1735 1329 1775 unctione
1358 1749 1477 1775 sacra

4 1789 155 1832 illitum
182 1791 349 1846 scripsit
376 1791 667 1846 Theophanes,

116 1875 222 1915 Ihid.
250 1871 290 1915 4.
347 1874 577 1916 ἰνδικτιῶνι
595 1872 758 1930 ἐννάτῃ]
793 1876 1068 1928 Ἠιεορήαηεε,
1096 1880 1146 1914 ut
1169 1874 1374 1928 scriptum
1403 1888 1475 1915 re-

5 1930 131 1985 liquit
169 1931 375 1972 Baronius
415 1931 468 1971 ad
506 1946 658 1971 annum
690 1932 849 1971 domiui
874 1931 956 1972 800
999 1946 1111 1971 num.
1142 1929 1181 1986 6,
1237 1939 1470 1971 coronatum

5 1987 137 2028 tradit
172 1988 367 2028 Car-olum
405 2002 433 2026 α
461 1988 650 2028 Romano
688 1989 878 2044 pontifice
905 1987 1100 2028 kalendis
1127 1987 1337 2039 Ianuarii,
1366 1987 1474 2026 indi-

3 2044 152 2083 ationis
176 2059 317 2084 nonae.
384 2058 526 2083 verum
567 2059 702 2084 errore
745 2045 898 2085 labitur
924 2044 1089 2084 Latinis
1118 2044 1298 2084 omnibus
1324 2042 1476 2084 adver-

2 2101 197 2141 saucibus.
228 2099 332 2140 haec
360 2099 428 2140 ille
455 2100 567 2140 circu
586 2100 852 2157 Theophanis
880 2101 1107 2141 lectionem
1140 2100 1330 2140 nonnihil
1363 2099 1473 2139 osci-

6 2161 110 2196 tans.
167 2157 271 2211 quid
312 2156 422 2196 enim
465 2156 577 2210 apud
610 2157 910 2211 Theophanem
950 2159 1153 2212 scriptum
1199 2155 1473 2207 manifestius,

8 2227 132 2267 quam
163 2213 361 2253 Carolum
390 2213 554 2267 imperii
584 2227 787 2253 coronam
817 2221 861 2254 et
889 2214 1132 2254 unctionem
1159 2213 1216 2267 τῷ
1227 2211 1472 2266 Δεκεμβρίῳ

5 2265 63 2307 κε’
93 2275 136 2309 et
164 2285 210 2310 ex
242 2283 292 2310 eo
323 2268 435 2323 apud
464 2269 720 2309 Anastasium
755 2277 796 2310 et
825 2270 1046 2310 miscellam
1075 2269 1103 2310 8
1130 2267 1293 2308 kalend.
1323 2269 1472 2307 Ianua-

6 2323 61 2366 rii
90 2326 322 2381 suscepisse.
349 2332 392 2366 at
420 2325 453 2366 si
482 2325 679 2366 collatum
701 2326 854 2366 Carolo
874 2327 1093 2382 imperium
1118 2325 1217 2364 velit
1244 2322 1472 2363 indictione

0 2384 169 2436 octava,
199 2382 315 2437 quod
347 2396 475 2421 annus
506 2381 703 2422 nimirum
725 2382 912 2423 aChristi
943 2382 1068 2423 nataii
1099 2379 1470 2435 octingentesimus,

6 2451 94 2494 quo
122 2438 320 2479 salutatus
350 2444 410 2478 est
439 2438 672 2492 imperator
703 2438 939 2479 indictionis
971 2444 1144 2479 octavae
1175 2442 1273 2476 nota
1302 2435 1471 2489 conspi-

62 2509 108 2534 us
135 2494 361 2535 habeatur:
396 2494 592 2535 observet
607 2495 888 2536 meritissimus
908 2495 1116 2535 annalium
1146 2491 1338 2533 ecclesiae
1367 2490 1472 2531 scri-

36 2554 109 2591 tor
161 2551 337 2592 rationis
387 2555 628 2605 temporum
654 2566 741 2592 non
779 2551 971 2607 ignarus,
1007 2553 1189 2590 Graecos
1228 2563 1252 2589 e
1288 2562 1471 2602 quorum

61 2620 135 2662 ege
162 2622 248 2648 non
277 2607 439 2648 infimus
468 2607 633 2662 prodiit
652 2608 943 2663 Theophanes,
973 2604 1244 2660 aSeptembri
1273 2603 1469 2644 indictio-

36 2662 68 2702 is
98 2664 262 2705 initium
292 2664 543 2704 desumere:
589 2664 782 2720 adeoque
819 2665 860 2704 in
900 2679 1052 2703 annum
1083 2660 1468 2715 octingentesimum

35 2719 230 2816 neicipua
266 2720 331 2762 sui
369 2726 494 2776 parte
530 2720 760 2763 indictione
799 2735 910 2762 nona
935 2720 1135 2775 signatam
1162 2731 1316 2758 nonam
1343 2718 1467 2758 etiam

21 2788 86 2816 nel
115 2790 198 2818 ere.
