1728 3184
239 179 337 228 392
746 186 802 227 IN
833 184 1209 227 'l'IlEOPllANEM

349 301 443 350 180,
467 300 542 364 13
600 295 819 352 πατρίκιος
831 293 869 339 “ὃ
898 295 992 347 υἱὸς
1020 292 1256 352 ”Ασπαρος]
1289 297 1450 348 desunt,
1479 297 1545 339 vel
1576 296 1714 338 adhuc

231 357 390 407 litent,
440 356 511 409 qui
555 354 606 396 de
647 357 811 410 Asp·uis
853 357 972 410 gestis
1003 356 1148 409 amplis
1198 355 1480 395 voluminibus
1509 354 1715 408 scripsere

231 413 400 453 Piiscns
426 411 658 464 Thracius,
703 419 745 453 et
778 412 987 452 Candidus
1023 414 1201 452 isaurus.
1257 411 1378 451 huius
1410 410 1614 467 quaedam
1643 426 1714 450 ex-

230 470 440 524 prompsit
467 469 644 509 Photius
677 469 771 510 cod.
789 468 856 520 79,
886 469 992 508 illius
1023 469 1228 522 Euagrius
1262 468 1332 508 lib.
1366 468 1391 508 2
1420 482 1512 522 cap.
1549 470 1613 519 16,
1644 467 1714 507 ubi

230 527 282 566 de
313 526 517 590 patricio
547 541 569 565 a
616 527 757 567 Leone
799 525 985 566 Caesaris
1015 526 1281 593 dignitaum
1313 524 1500 579 adepto,
1539 524 1607 564 ἵνα
1637 520 1716 575 τὴν

218 575 441 635 ’'Aonaooc
488 574 640 622 ἄνοιαν
678 578 881 635 κτήσηται
922 578 1026 633 μετὰ
1058 580 1136 634 τήν
1167 582 1262 622 τοῦ
1267 579 1499 631 Ἀνθεμιόυ
1529 578 1715 634 σφαγήν.

229 649 269 678 ιιι
299 640 384 693 ipse
415 638 496 678 Leo
527 639 704 695 Aspar-is
748 640 825 678 sihi
861 639 1101 679 εοιιεὶἰιαιει
1151 639 1355 678 inscitzam
1390 646 1482 694 pose
1506 637 1716 677 Anthemii

227 696 404 736 «aculem.
476 695 560 736 eius
602 702 743 736 tamen
793 695 874 735 loci
910 710 1035 735 onor
1083 696 1121 734 in
1152 697 1345 735 versione
1391 692 1597 747 vitandus,
1627 707 1714 748 quo

229 767 314 792 non
345 752 561 806 patricius,
592 753 662 792 sed
696 751 955 793 Amhbmius
991 758 1153 792 creatus
1187 753 1352 800 Caesar,
1385 757 1503 792 textu
1533 750 1574 790 in
1607 764 1713 790 con-

228 809 437 849 trarium
456 808 691 860 adnitente,
731 808 958 849 sc1ibitnr.
1007 809 1049 848 in
1097 823 1182 864 quo
1212 808 1444 849 Baronium
1490 821 1601 847 anno
1632 805 1715 846 469

229 881 343 907 num.
378 866 397 905 1
429 865 616 906 delusum
647 866 847 920 repelies.

343 938 450 979 Ibid.
486 940 551 982 19.
610 937 738 978 Λέων
768 935 791 977 ὅ
819 933 1039 990 βασιλεύς]
1078 944 1126 978 ut
1154 939 1282 988 Zeno,
1310 936 1631 984 Tarasicodisas‚
1662 943 1710 975 ut

226 995 375 1035 scribit
399 995 604 1050 Euagrius
632 994 703 1034 lib.
733 994 758 1035 2
790 1009 881 1048 cap.
918 997 983 1044 15,
1018 995 1080 1034 vel
1113 995 1226 1035 iuxta
1258 993 1478 1049 Agathimn
1507 994 1577 1034 lib.
1608 991 1636 1032 4
1661 991 1713 1032 ad

226 1053 365 1103 finem,
395 1050 775 1101 Tliarasiscodicus,
804 1051 1032 1091 Aticmesus
1059 1058 1180 1091 antea
1201 1050 1351 1103 dictus,
1384 1051 1535 1091 Leonis
1569 1064 1710 1106 gener,

228 1116 271 1149 et
303 1108 490 1148 Orientis
523 1118 661 1148 comes
693 1107 885 1158 evaserit,
918 1114 1064 1147 narrat
1086 1107 1294 1148 Candidus
1323 1108 1451 1149 etiam
1481 1108 1569 1163 ipse
1597 1109 1711 1147 Isau.-

227 1180 297 1206 rus
328 1165 440 1220 apud
476 1165 676 1205 Photium
706 1165 768 1205 his
800 1164 972 1205 omnino
1009 1165 1304 1205 conferendus.

346 1236 438 1286 181,
461 1237 499 1276 Ω.
559 1226 693 1288 αὐτῷ]
730 1248 779 1272 an
811 1238 860 1272 ut
890 1234 1022 1287 Aspar
1046 1233 1220 1283 Zenoni,
1250 1233 1315 1273 vel
1344 1233 1459 1272 Zeno
1484 1231 1632 1286 Aspari
1664 1246 1712 1271 ex

224 1291 303 1331 suis
331 1290 522 1331 tladeret
554 1273 717 1340 milites,
750 1290 925 1330 dubium
966 1289 1140 1345 reliquit
1168 1289 1458 1344 Theophanes.
1501 1291 1715 1330 Zenonem

224 1355 361 1388 tamen
395 1347 446 1387 ad
477 1345 520 1386 id
550 1347 698 1400 Aspari
727 1347 1025 1402 praestandum
1057 1362 1081 1386 a
1107 1348 1250 1387 Leone
1280 1347 1431 1387 iussum
1465 1346 1588 1386 fuisse
1614 1359 1713 1386 sua-

225 1405 327 1445 dent
358 1403 542 1444 auctoris
574 1404 731 1456 verba,
773 1411 815 1444 et
846 1404 1022 1444 Candidi
1061 1403 1283 1455 Photiani,
1315 1418 1401 1459 quo
1429 1401 1715 1444 Ardaburium

224 1462 388 1515 Asparis
420 1462 549 1499 {ilium
590 1462 752 1501 Isauros
787 1477 808 1500 a
839 1462 1008 1501 Zenone
1047 1461 1195 1501 ductos
1224 1475 1395 1501 suarum
1425 1460 1613 1515 partium
1644 1459 1712 1498 fa.-

226 1533 323 1558 cere
354 1518 615 1559 constituisse
646 1517 832 1573 legimus,
865 1518 1154 1558 testimonium
1185 1517 1415 1558 convincit.

339 1597 443 1636 Ibid.
474 1595 514 1636 8.
583 1595 834 1637 ἀπέστειλεν
866 1596 996 1638 Λέων
1041 1593 1062 1637 ὃ
1090 1592 1310 1648 βασιλεύς]
1340 1610 1386 1636 ex
1417 1596 1501 1636 istis
1530 1594 1713 1649 plurima

226 1658 414 1694 recenset
442 1653 676 1707 Procopius
705 1654 775 1694 lib.
804 1657 822 1696 1
860 1653 912 1693 dc
942 1654 1054 1693 bello
1085 1653 1220 1694 Vand.
1252 1661 1299 1693 ut
1331 1659 1373 1693 et
1405 1654 1570 1706 Asparis
1599 1666 1714 1691 mor-

225 1716 323 1764 tem,
355 1725 480 1764 quam
526 1710 760 1750 chronicon
793 1710 1013 1751 Alexandr.
1055 1710 1106 1750 acl
1136 1725 1293 1750 annum
1322 1709 1473 1749 Leonis
1505 1711 1556 1752 10
1589 1722 1716 1748 revo-

225 1773 319 1806 cat:
354 1766 527 1806 eandem
557 1773 768 1807 memorat
794 1768 1015 1823 Euagrius,
1046 1767 1303 1816 lornandes,
1332 1771 1374 1806 et
1405 1765 1486 1804 alii.
1546 1764 1596 1805 de
1629 1765 1717 1804 He-

225 1824 343 1864 mclii
391 1824 443 1863 ab
490 1830 666 1865 auctore
714 1824 781 1864 hic
825 1825 986 1865 laudati
1017 1825 1206 1865 moribus
1252 1822 1454 1863 nonnulla
1483 1822 1645 1862 Suidas.
1674 1836 1714 1861 v.

217 1875 487 1934 ι[Ιριίκλειος

340 1950 433 1997 182,
464 1947 503 1991 4.
552 1940 774 2001 ’Ἀσπαρος
815 1944 890 1987 καί
913 1945 1255 2003 Ἀρδαβουριόυ]
1295 1946 1379 1987 hoc
1407 1946 1573 2001 pariter
1603 1947 1713 1987 Leo-

225 2003 286 2045 nis
315 2019 424 2044 anno
459 2007 508 2048 15
541 2005 704 2058 Aspalis
731 2011 917 2046 mortem
947 2006 1162 2045 consociat
1193 2004 1459 2044 Marcellinus
1488 2017 1641 2044 comes.

338 2077 448 2119 Ibid.
465 2076 507 2118 5
565 2076 748 2130 Ὀστρίς]
780 2079 853 2134 qui
881 2074 1058 2130 Ὀστρὸς
1088 2078 1293 2119 chronico
1314 2075 1532 2120 Alexandr.
1562 2075 1715 2116 scribi..

223 2141 310 2185 tur,
342 2141 385 2176 et
406 2129 554 2187 κόμης,
590 2149 752 2174 necnon
782 2135 853 2174 alii
881 2135 1033 2175 Gotthi
1067 2132 1259 2189 κόμητες,
1292 2148 1425 2190 anS,
1459 2148 1544 2174 non
1578 2132 1714 2187 digni-

225 2198 342 2242 tate,
376 2190 448 2231 sed
490 2204 710 2230 armorum
748 2193 950 2232 societate
992 2193 1165 2232 comites
1208 2191 1418 2243 dicerem,
1451 2197 1493 2231 et
1521 2203 1713 2230 υπασπι-

225 2246 342 2297 στάς.
402 2247 453 2287 de
483 2246 681 2289 caedibus
714 2249 766 2289 ab
795 2264 846 2288 eo
891 2249 974 2289 CP.
1006 2249 1264 2303 perpetratis
1295 2247 1407 2288 idem
1437 2246 1685 2287 chronicon.

341 2321 450 2363 Ibt'd.
466 2319 508 2361 6.
566 2319 848 2375 Θευδέριχος]
880 2323 1001 2361 istum
1023 2321 1365 2363 Theoderichum
1394 2320 1553 2362 Triarii
1582 2319 1714 2360 filium

224 2384 435 2419 memorat
464 2377 690 2418 lornandes
724 2378 775 2418 de
803 2378 913 2419 bello
945 2380 1095 2419 Getico
1125 2380 1254 2433 paulo
1282 2386 1383 2418 ante
1412 2379 1554 2427 finem,
1588 2391 1713 2433 quem

223 2447 247 2475 a
279 2450 377 2491 rege
409 2434 552 2475 ltaliae
573 2434 842 2476 Theoderico
875 2436 1086 2477 diversum
1119 2435 1373 2477 observabis.

336 2503 446 2545 Ibid.
484 2505 548 2547 13.
607 2500 915 2558 Ἀρμενοίρχος]
948 2504 1298 2546 Armenerichum
1324 2502 1473 2544 scribit
1502 2501 1714 2542 Candidus

224 2560 338 2624 apud
368 2560 592 2614 Photium‚
623 2566 666 2600 et.
695 2561 734 2599 in
764 2561 895 2614 patris
927 2562 1055 2602 caede
1084 2568 1310 2602 servatum.
1369 2559 1447 2601 alia
1476 2559 1620 2599 variae
1651 2559 1713 2599 le-

227 2624 401 2657 ctiones.

335 2686 446 2726 Ibid.
480 2687 545 2729 16.
616 2683 662 2724 ἐν
696 2682 856 2740 Ἰταλία
884 2683 931 2723 δὲ
964 2681 1173 2739 Ῥεκιζθερ]
1205 2699 1252 2725 ex
1281 2683 1344 2724 his
1373 2682 1582 2723 nonnulla
1605 2698 1714 2737 'pro-

224 2743 308 2781 strt
341 2742 566 2782 lornandes
587 2740 639 2782 de
666 2743 790 2782 rebus
824 2725 1006 2790 Geticis,
1026 2741 1233 2795 Euagrius
1262 2741 1332 2783 lih.
1359 2741 1384 2782 2
1410 2754 1502 2796 cap.
1519 2739 1560 2795 6,
1589 2740 1715 2782 Mani

225 2797 475 2850 chmuicon,
504 2806 547 2840 et.
575 2798 813 2855 Procopius
842 2797 895 2841 de
922 2771 1033 2839 hello
1066 2798 1242 2841 Vandal.
1274 2798 1346 2839 lib.
1381 2800 1417 2843 1.
