1768 3268
219 200 311 248 150
429 198 708 244 ANASTAsn
758 194 1019 240 HlSTORlA
1061 185 1476 235 ECCLESIASTICA

96 371 98 374 .
152 369 155 371 ¹
216 322 434 370 cutus-est.
501 313 828 355 accelerantibus
867 324 969 364 ergo
1000 323 1078 364 per
1106 309 1287 350 noctem,
1321 307 1362 342 et
1392 299 1677 356 pervenienti-

79 393 115 428 p.
130 379 199 417 480
211 375 287 416 hus
316 373 368 414 ad
399 371 619 427 praedium
649 369 718 410 cui
747 367 996 408 vocabulum
1016 369 1107 405 erat
1133 361 1382 409 Lasbanum,
1414 357 1519 398 bora
1543 357 1678 397 noctis

211 445 337 478 nona,
366 430 532 479 Persae,
563 428 634 483 qui
666 427 707 467 in
738 440 787 465 eo
819 430 939 466 eraut
979 427 1021 462 et
1050 420 1251 475 impetum
1282 419 1583 469 cognoverant,
1614 413 1678 453 in..

210 492 483 527 surrexerunt
521 484 562 523 in
593 497 677 524 eos.
748 481 826 536 ipsi
852 487 992 520 autem
1019 477 1095 518 hos
1138 474 1453 522 interfecerunt,
1483 484 1569 510 uno
1603 484 1676 510 ex-

210 548 348 596 cepto,
379 542 451 597 qui
481 541 564 580 hoc
582 539 765 580 Sarbaro
799 535 1015 577 nuntiavit.
1073 537 1115 572 at
1141 543 1243 571 vero
1271 528 1476 569 sarbarus
1505 540 1678 579 surgens

210 599 393 639 ascendit
420 611 598 652 equum,
629 602 672 636 et
711 594 843 634 nudus
890 599 1017 645 atque
1051 588 1317 629 discalceatus
1361 585 1455 639 fuga
1502 584 1679 624 salutem

209 661 414 696 mercatus
444 660 517 693 cst.
545 652 663 692 huius
695 656 834 690 autem
862 648 1053 688 mulieres
1085 651 1127 685 et
1156 658 1323 683 omnem
1353 640 1569 681 Persicum
1597 638 1679 678 sso-

211 724 312 763 rem,
342 711 636 765 principesque
659 722 707 748 ac
749 713 931 759 satrapas
966 718 1061 743 cum
1103 700 1239 741 electis
1271 697 1498 748 militibus,
1531 695 1606 751 qni
1636 695 1679 734 iu

211 769 436 808 domorum
467 772 576 806 tecta
617 757 944 804 conscenderant
991 765 1032 799 ct
1060 756 1215 797 bellum
1244 761 1397 795 contra
1425 768 1468 794 se
1495 765 1678 807 praepa-

210 829 418 872 raverant,
447 836 526 876 per
563 822 697 876 ignem
731 818 946 873 deposuit,
975 822 1018 856 et
1046 813 1145 854 alios
1176 811 1346 867 quidem
1376 810 1547 860 occidit,
1579 809 1680 848 alios

210 896 316 922 vcro
346 880 439 933 igne
467 877 736 931 consumpsit,
760 876 827 916 alii
847 879 983 914 autem
1014 869 1181 911 manicis
1207 875 1250 909 et
1281 866 1556 921 compedibus
1587 865 1683 906 col-

210 937 326 991 ligati
356 941 478 987 sunt,
512 937 571 974 ita
601 939 646 973 ut
675 947 781 987 pene
822 930 955 971 nullus
1000 942 1046 969 ex
1093 926 1155 967 his
1197 924 1271 981 qui
1301 923 1475 964 Sarbari
1515 924 1683 963 fuerant

212 993 456 1033 salvaretur⁴
525 993 777 1044 acceperunt
818 992 955 1028 autem
985 990 1026 1025 et
1056 998 1172 1023 arma
1203 981 1388 1032 Sarbari,
1419 994 1593 1020 aureum
1622 979 1684 1018 vi-

214 1049 362 1089 delicet
389 1048 580 1100 clipeum,
610 1044 872 1085 machaeram
902 1042 1026 1083 etiam
1061 1046 1103 1080 et
1132 1040 1317 1078 lanceam
1349 1051 1484 1092 aeque
1512 1051 1684 1075 auream

213 1109 257 1147 ct
284 1110 493 1159 comptam
523 1102 713 1158 pretiosis
742 1099 944 1154 lapidibus
962 1112 1122 1147 zonam,
1154 1094 1422 1135 nihilominus
1447 1099 1490 1133 et
1522 1092 1684 1145 calcea..

213 1168 350 1201 menta
377 1161 472 1200 eius.
530 1159 592 1200 his
620 1158 677 1199 ita
700 1157 890 1196 omnibus
910 1154 1082 1208 sumptis
1112 1151 1311 1207 procedit
1341 1156 1492 1191 contra
1520 1149 1685 1203 disper..

213 1232 274 1258 sos
304 1232 382 1271 per
412 1215 541 1267 villas,
576 1214 648 1271 qui
667 1213 821 1254 scilicet
855 1215 1074 1266 comperta
1094 1208 1269 1250 Sarbari
1299 1209 1396 1262 fuga
1426 1207 1513 1247 sine
1542 1211 1689 1246 reten-

215 1273 332 1314 tione
362 1271 588 1327 fugiebant.
645 1270 731 1325 ipsc
758 1275 897 1309 autem
928 1267 1133 1308 insecutus
1164 1266 1318 1305 multos
1350 1278 1499 1304 eorum
1531 1261 1689 1302 occidit

214 1337 256 1370 et
285 1330 443 1370 vinctos
474 1326 664 1382 accepit:
698 1324 849 1381 reliqui
895 1339 991 1365 cum
1020 1322 1267 1365 confusione
1299 1321 1339 1362 in
1369 1319 1583 1362 Persidem
1616 1333 1687 1359 re-

213 1386 431 1441 pedarunt.
490 1397 623 1438 porro
657 1383 890 1437 imperator
921 1381 1108 1422 exercitu
1136 1393 1212 1419 suo
1238 1378 1419 1420 collecto
1453 1391 1550 1417 cum
1582 1390 1689 1432 gau-

222 1442 291 1482 dio
319 1441 360 1482 in
389 1440 490 1482 locis·
509 1439 584 1482 illis
611 1438 843 1495 intrepidus
883 1436 1093 1479 hiemavit.

83 1533 117 1568 p.
135 1518 202 1554 481
324 1512 471 1554 Mundi
501 1526 610 1552 anno
635 1510 759 1564 6116,
794 1509 958 1552 divinae
979 1507 1276 1551 incarnationis
1303 1521 1414 1548 anno
1447 1504 1545 1558 616,
1578 1519 1690 1546 anno

216 1569 381 1625 imperii
399 1568 581 1609 Heraclii
612 1567 662 1609 15
680 1568 866 1609 Arabum
894 1566 1093 1622 princeps
1111 1567 1307 1607 Muamet·
1325 1562 1574 1605 habebatur.
1601 1562 1689 1602 He-

218 1625 366 1666 raclius
397 1631 535 1667 autem
555 1630 801 1666 coacervato
831 1624 1015 1665 exercitu
1036 1637 1112 1665 suo
1129 1622 1350 1664 consilium
1369 1620 1553 1663 faciebat
1580 1633 1688 1676 qua-

219 1698 313 1722 nam
344 1681 410 1722 via
440 1688 659 1737 pergeret:
690 1681 795 1723 duae
825 1694 1005 1737 namque
1035 1679 1127 1721 viae
1154 1678 1233 1720 sibi
1269 1678 1529 1728 adiacebant,
1558 1689 1692 1731 angu-

219 1744 305 1779 stae
333 1753 380 1778 ac
409 1738 565 1790 deviae,
597 1739 726 1779 altera
753 1736 921 1794 quidem
961 1737 1194 1778 Tarantum
1225 1735 1394 1786 ducens,
1427 1734 1558 1774 altera
1590 1746 1692 1776 vero

222 1796 264 1860 in
291 1800 449 1835 terram
478 1794 712 1850 syriorum.
778 1809 924 1835 verum
965 1793 1032 1834 illa
1077 1808 1186 1848 quae
1214 1793 1447 1833 Tarantum
1480 1789 1694 1838 tendebat,

223 1850 484 1892 differentior
523 1849 692 1906 quidem
722 1857 837 1903 crat,
869 1850 939 1892 sed
974 1856 1198 1907 egestatem
1225 1855 1477 1890 cunctarum
1509 1845 1694 1886 babebat

224 1921 428 1971 escarum:
473 1921 578 1962 quae
631 1922 732 1948 vero
772 1907 814 1948 in
861 1913 1019 1949 terram
1065 1906 1182 1948 ducit
1210 1906 1453 1963 Syrorum,
1507 1904 1695 1943 Taurum

224 1970 375 2004 transit
404 1969 446 2004 et
476 1962 770 2004 abundantiam
801 1979 848 2004 ac
874 1963 1152 2018 dapsilitatem
1177 1968 1364 2018 praestat
1386 1961 1698 2001 alimentorum.

225 2019 603 2083 hanc-praeferunt
639 2034 805 2071 omnes,
848 2020 941 2062 licet
969 2020 1197 2075 abruptior
1235 2025 1340 2061 esset
1369 2024 1412 2059 et
1443 2017 1537 2057 nive
1566 2014 1697 2056 multa

226 2089 426 2115 severior.
481 2075 559 2116 hac
588 2075 728 2132 itaque
757 2077 900 2117 labore
929 2076 1063 2117 multo
1102 2082 1312 2118 transacta
1340 2075 1381 2115 in
1413 2081 1571 2128 septem
1603 2071 1699 2112 die-

225 2132 304 2172 bus
338 2137 622 2197 perverterunt
649 2131 703 2173 ad
726 2132 898 2174 fluvium
911 2134 1077 2188 Tigrin,
1108 2139 1150 2174 et
1179 2133 1292 2173 hunc
1322 2146 1416 2172 cum
1445 2135 1698 2171 transmeas-

227 2193 364 2252 sent„-
390 2194 562 2230 veniunt
602 2189 930 2253 Martyropolim
971 2196 1014 2231 et
1045 2190 1256 2241 Amidam,
1287 2194 1330 2230 ct
1360 2188 1578 2244 quiescunt
1615 2192 1700 2225 tam

230 2249 433 2309 exercitus
465 2259 590 2300 quam
620 2245 847 2299 captivitas.
905 2246 1003 2287 binc
1033 2253 1074 2288 et
1103 2246 1262 2287 litteras
1288 2245 1522 2300 imperator
1537 2244 1697 2298 Byzan-

229 2307 334 2365 tium
366 2301 510 2354 potuit
540 2301 718 2353 mittere,
750 2307 791 2342 et
819 2316 926 2358 quae
956 2302 1069 2343 circa
1096 2317 1138 2344 se
1169 2309 1290 2344 erant
1318 2301 1458 2342 omnia
1490 2299 1702 2348 indicare,

231 2361 273 2398 et
304 2371 444 2422 lugens
465 2357 621 2423 'facere
660 2357 857 2412 gaudium
885 2358 1054 2400 civitati.
1130 2360 1335 2400 Sarbarus
1365 2365 1506 2399 antem
1537 2354 1702 2412 populo

229 2426 318 2463 su0,
349 2428 422 2469 qui
453 2415 594 2479 tuerat
621 2412 823 2468 dispersus
842 2445 852 2464 ‚
888 2416 1064 2456 collecto
1098 2417 1322 2457 insurrexit
1353 2416 1392 2455 in
1427 2414 1556 2453 illum.
1615 2411 1706 2452 ele-

231 2475 342 2510 ctam
380 2484 482 2511 vero
524 2477 755 2525 imperator
800 2471 903 2510 alam
946 2472 1124 2512 militum
1165 2473 1216 2514 ad
1262 2469 1552 2513 custodiendas
1592 2466 1706 2509 misit

232 2525 452 2577 clausuras,
482 2541 590 2582 quae
618 2525 670 2566 ad
699 2540 740 2566 se
770 2526 999 2578 ducebant,
1031 2536 1072 2570 et
1102 2529 1260 2580 aditus,
1296 2529 1369 2584 qui
1401 2527 1452 2568 ad
1483 2527 1706 2566 Orientem

232 2587 366 2621 erant.
424 2582 511 2636 ipse
541 2581 778 2624 discurrens
811 2583 852 2623 in
883 2584 1028 2624 faciem
1055 2585 1233 2626 efficitur
1263 2586 1465 2627 SarbarO.
1524 2595 1706 2637 cumque

98 2653 134 2690 p.
147 2639 220 2680 482
234 2643 519 2701 transmeasset
550 2639 788 2695 Nymphion
830 2655 1011 2689 amnem,
1057 2641 1106 2680 ad
1133 2643 1395 2696 Euphratem
1425 2639 1634 2694 pervenit,
1664 2636 1706 2677 in

265 2694 384 2734 uibus
417 2700 506 2735 erat
536 2710 638 2750 pons
661 2710 784 2736 nexus
810 2711 855 2736 ex
878 2697 1044 2737 funibus
1073 2698 1253 2739 simulet
1286 2692 1473 2738 navibus.
1533 2701 1575 2736 at
1603 2708 1707 2734 vero

264 2749 436 2790 arbarus
473 2752 678 2794 dissolutis
706 2753 871 2793 funibus
903 2754 1040 2807 pontis
1068 2755 1118 2794 ab
1153 2756 1285 2795 altera
1324 2755 1418 2810 ripa
1460 2754 1499 2794 in
1535 2752 1709 2792 alteram

234 2811 370 2846 totum
396 2809 605 2850 transtulit
635 2815 821 2864 pontem.
857 2824 1038 2865 cumque
1065 2811 1299 2866 imperator
1332 2812 1509 2852 venisset
1534 2823 1612 2850 nec
1632 2822 1713 2850 va-
