<?xml version="1.0" encoding="UTF-8"?>
<!DOCTYPE html PUBLIC "-//W3C//DTD XHTML 1.0 Transitional//EN"
    "http://www.w3.org/TR/xhtml1/DTD/xhtml1-transitional.dtd">
<html xmlns="http://www.w3.org/1999/xhtml" xml:lang="en" lang="en">
 <head>
  <title>
</title>
<meta http-equiv="Content-Type" content="text/html;charset=utf-8" />
  <meta name='ocr-system' content='tesseract 3.04.00' />
  <meta name='ocr-capabilities' content='ocr_page ocr_carea ocr_par ocr_line ocrx_word'/>
</head>
<body>
  <div class='ocr_page' id='page_1' title='image "./corpusscriptorum47niebuoft_0278.png"; bbox 0 0 1794 3250; ppageno 0'>
   <div class='ocr_carea' id='block_1_1' title="bbox 250 191 1499 240">
    <p class='ocr_par' dir='ltr' id='par_1_1' title="bbox 250 191 1499 240">
     <span class='ocr_line' id='line_1_1' title="bbox 250 191 1499 240; baseline 0.001 -3"><span class='ocrx_word' id='word_1_1' title='bbox 250 191 350 238; x_wconf 77' lang='lat'><strong>268</strong></span> <span class='ocrx_word' id='word_1_2' title='bbox 455 194 736 239; x_wconf 79' lang='lat' dir='ltr'><strong>ANASTAsn</strong></span> <span class='ocrx_word' id='word_1_3' title='bbox 780 198 1040 240; x_wconf 77' lang='lat' dir='ltr'>HISTORIA</span> <span class='ocrx_word' id='word_1_4' title='bbox 1089 197 1338 240; x_wconf 75' lang='lat' dir='ltr'><strong>ECCLESIA</strong></span> <span class='ocrx_word' id='word_1_5' title='bbox 1345 195 1499 238; x_wconf 85' lang='lat' dir='ltr'><strong>STlCA</strong></span> 
     </span>
    </p>
   </div>
   <div class='ocr_carea' id='block_1_2' title="bbox 114 309 1721 1104">
    <p class='ocr_par' dir='ltr' id='par_1_2' title="bbox 243 309 1721 820">
     <span class='ocr_line' id='line_1_2' title="bbox 246 309 1718 367; baseline 0.001 -17"><span class='ocrx_word' id='word_1_6' title='bbox 246 311 306 352; x_wconf 88' lang='lat' dir='ltr'><strong>nii</strong></span> <span class='ocrx_word' id='word_1_7' title='bbox 341 309 714 353; x_wconf 82' lang='lat' dir='ltr'><strong>demonstraturus.</strong></span> <span class='ocrx_word' id='word_1_8' title='bbox 745 318 787 353; x_wconf 88' lang='lat' dir='ltr'><strong>et</strong></span> <span class='ocrx_word' id='word_1_9' title='bbox 818 313 956 353; x_wconf 87' lang='lat' dir='ltr'><strong>multis</strong></span> <span class='ocrx_word' id='word_1_10' title='bbox 991 313 1203 367; x_wconf 76' lang='lat' dir='ltr'>trophaeis</span> <span class='ocrx_word' id='word_1_11' title='bbox 1233 313 1350 352; x_wconf 86' lang='lat' dir='ltr'><strong>factis</strong></span> <span class='ocrx_word' id='word_1_12' title='bbox 1381 313 1490 352; x_wconf 82' lang='lat' dir='ltr'><strong>misit</strong></span> <span class='ocrx_word' id='word_1_13' title='bbox 1511 310 1563 351; x_wconf 84' lang='lat' dir='ltr'><strong>ad</strong></span> <span class='ocrx_word' id='word_1_14' title='bbox 1576 311 1718 358; x_wconf 78' lang='lat' dir='ltr'><strong>Aaron</strong></span> 
     </span>
     <span class='ocr_line' id='line_1_3' title="bbox 246 367 1719 424; baseline 0.001 -18"><span class='ocrx_word' id='word_1_15' title='bbox 246 367 559 422; x_wconf 83' lang='lat' dir='ltr'><strong>metropolitam</strong></span> <span class='ocrx_word' id='word_1_16' title='bbox 573 368 839 424; x_wconf 84' lang='lat' dir='ltr'><strong>Synadorum</strong></span> <span class='ocrx_word' id='word_1_17' title='bbox 857 375 898 410; x_wconf 87' lang='lat' dir='ltr'><strong>et</strong></span> <span class='ocrx_word' id='word_1_18' title='bbox 910 370 1084 411; x_wconf 89' lang='lat' dir='ltr'><strong>Petrum</strong></span> <span class='ocrx_word' id='word_1_19' title='bbox 1103 369 1378 424; x_wconf 75' lang='lat' dir='ltr'><strong>hegumenum</strong></span> <span class='ocrx_word' id='word_1_20' title='bbox 1395 368 1541 409; x_wconf 88' lang='lat' dir='ltr'><strong>Gulaei</strong></span> <span class='ocrx_word' id='word_1_21' title='bbox 1558 373 1597 409; x_wconf 86' lang='lat' dir='ltr'><strong>et</strong></span> <span class='ocrx_word' id='word_1_22' title='bbox 1611 370 1719 408; x_wconf 87' lang='lat' dir='ltr'><strong>Gre-</strong></span> 
     </span>
     <span class='ocr_line' id='line_1_4' title="bbox 246 424 1721 481; baseline 0.001 -18"><span class='ocrx_word' id='word_1_23' title='bbox 246 424 412 477; x_wconf 72' lang='lat' dir='ltr'><strong>gorium</strong></span> <span class='ocrx_word' id='word_1_24' title='bbox 432 438 713 467; x_wconf 88' lang='lat' dir='ltr'><strong>oeconomum</strong></span> <span class='ocrx_word' id='word_1_25' title='bbox 730 428 954 478; x_wconf 86' lang='lat' dir='ltr'><strong>Amastrae,</strong></span> <span class='ocrx_word' id='word_1_26' title='bbox 975 426 1187 481; x_wconf 87' lang='lat' dir='ltr'><strong>postulans</strong></span> <span class='ocrx_word' id='word_1_27' title='bbox 1206 426 1298 466; x_wconf 80' lang='lat' dir='ltr'><strong>fleri</strong></span> <span class='ocrx_word' id='word_1_28' title='bbox 1313 440 1472 480; x_wconf 83' lang='lat' dir='ltr'>pacem.</span> <span class='ocrx_word' id='word_1_29' title='bbox 1489 430 1531 466; x_wconf 91' lang='lat' dir='ltr'><strong>et</strong></span> <span class='ocrx_word' id='word_1_30' title='bbox 1543 425 1721 465; x_wconf 90' lang='lat' dir='ltr'><strong>multum</strong></span> 
     </span>
     <span class='ocr_line' id='line_1_5' title="bbox 247 481 1721 538; baseline 0.001 -18"><span class='ocrx_word' id='word_1_31' title='bbox 247 481 551 535; x_wconf 82' lang='lat' dir='ltr'>disputantibus</span> <span class='ocrx_word' id='word_1_32' title='bbox 586 482 668 533; x_wconf 87' lang='lat' dir='ltr'><strong>eis,</strong></span> <span class='ocrx_word' id='word_1_33' title='bbox 700 483 976 524; x_wconf 87' lang='lat' dir='ltr'><strong>firmaverunt</strong></span> <span class='ocrx_word' id='word_1_34' title='bbox 1005 498 1164 538; x_wconf 84' lang='lat' dir='ltr'><strong>pacem,</strong></span> <span class='ocrx_word' id='word_1_35' title='bbox 1199 490 1246 523; x_wconf 90' lang='lat' dir='ltr'><strong>ut</strong></span> <span class='ocrx_word' id='word_1_36' title='bbox 1269 497 1348 537; x_wconf 88' lang='lat' dir='ltr'><strong>per</strong></span> <span class='ocrx_word' id='word_1_37' title='bbox 1377 495 1721 536; x_wconf 87' lang='lat' dir='ltr'><strong>unumquemque</strong></span> 
     </span>
     <span class='ocr_line' id='line_1_6' title="bbox 244 537 1719 590; baseline 0 -13"><span class='ocrx_word' id='word_1_38' title='bbox 244 552 400 578; x_wconf 87' lang='lat' dir='ltr'><strong>annum</strong></span> <span class='ocrx_word' id='word_1_39' title='bbox 430 537 639 579; x_wconf 83' lang='lat' dir='ltr'><strong>tribueret</strong></span> <span class='ocrx_word' id='word_1_40' title='bbox 662 539 738 580; x_wconf 88' lang='lat' dir='ltr'><strong>illis</strong></span> <span class='ocrx_word' id='word_1_41' title='bbox 770 546 959 581; x_wconf 87' lang='lat' dir='ltr'><strong>trecenta</strong></span> <span class='ocrx_word' id='word_1_42' title='bbox 989 540 1101 580; x_wconf 85' lang='lat' dir='ltr'><strong>milia</strong></span> <span class='ocrx_word' id='word_1_43' title='bbox 1133 539 1439 590; x_wconf 83' lang='lat' dir='ltr'><strong>numismatum,</strong></span> <span class='ocrx_word' id='word_1_44' title='bbox 1468 545 1511 580; x_wconf 90' lang='lat' dir='ltr'><strong>et</strong></span> <span class='ocrx_word' id='word_1_45' title='bbox 1532 538 1614 578; x_wconf 87' lang='lat' dir='ltr'><strong>tria</strong></span> <span class='ocrx_word' id='word_1_46' title='bbox 1636 552 1719 577; x_wconf 92' lang='lat' dir='ltr'><strong>nu-</strong></span> 
     </span>
     <span class='ocr_line' id='line_1_7' title="bbox 243 593 1719 651; baseline -0.001 -18"><span class='ocrx_word' id='word_1_47' title='bbox 243 593 433 636; x_wconf 87' lang='lat' dir='ltr'><strong>mismata</strong></span> <span class='ocrx_word' id='word_1_48' title='bbox 474 594 516 634; x_wconf 89' lang='lat' dir='ltr'><strong>in</strong></span> <span class='ocrx_word' id='word_1_49' title='bbox 556 595 765 636; x_wconf 89' lang='lat' dir='ltr'><strong>tributum</strong></span> <span class='ocrx_word' id='word_1_50' title='bbox 796 597 943 650; x_wconf 87' lang='lat' dir='ltr'><strong>capitis</strong></span> <span class='ocrx_word' id='word_1_51' title='bbox 984 597 1250 651; x_wconf 88' lang='lat' dir='ltr'><strong>imperatoris</strong></span> <span class='ocrx_word' id='word_1_52' title='bbox 1262 627 1274 647; x_wconf 87' lang='lat'><strong>,</strong></span> <span class='ocrx_word' id='word_1_53' title='bbox 1308 601 1350 636; x_wconf 91' lang='lat' dir='ltr'><strong>et</strong></span> <span class='ocrx_word' id='word_1_54' title='bbox 1389 595 1470 637; x_wconf 88' lang='lat' dir='ltr'><strong>tria</strong></span> <span class='ocrx_word' id='word_1_55' title='bbox 1502 594 1575 635; x_wconf 84' lang='lat' dir='ltr'><strong>filii</strong></span> <span class='ocrx_word' id='word_1_56' title='bbox 1606 609 1719 641; x_wconf 88' lang='lat' dir='ltr'><strong>e1us;</strong></span> 
     </span>
     <span class='ocr_line' id='line_1_8' title="bbox 246 650 1721 706; baseline 0 -16"><span class='ocrx_word' id='word_1_57' title='bbox 246 650 397 705; x_wconf 86' lang='lat' dir='ltr'><strong>quibus</strong></span> <span class='ocrx_word' id='word_1_58' title='bbox 432 651 611 705; x_wconf 86' lang='lat' dir='ltr'><strong>acceptis</strong></span> <span class='ocrx_word' id='word_1_59' title='bbox 628 653 766 692; x_wconf 81' lang='lat' dir='ltr'>Aaron</span> <span class='ocrx_word' id='word_1_60' title='bbox 797 653 1045 694; x_wconf 87' lang='lat' dir='ltr'><strong>iucundatus</strong></span> <span class='ocrx_word' id='word_1_61' title='bbox 1075 660 1147 703; x_wconf 89' lang='lat' dir='ltr'><strong>est,</strong></span> <span class='ocrx_word' id='word_1_62' title='bbox 1178 660 1218 694; x_wconf 87' lang='lat' dir='ltr'><strong>et</strong></span> <span class='ocrx_word' id='word_1_63' title='bbox 1247 653 1446 693; x_wconf 88' lang='lat' dir='ltr'><strong>exultavit</strong></span> <span class='ocrx_word' id='word_1_64' title='bbox 1471 651 1562 706; x_wconf 87' lang='lat' dir='ltr'><strong>plus</strong></span> <span class='ocrx_word' id='word_1_65' title='bbox 1595 665 1721 706; x_wconf 84' lang='lat' dir='ltr'><strong>quam</strong></span> 
     </span>
     <span class='ocr_line' id='line_1_9' title="bbox 245 706 1721 766; baseline 0 -20"><span class='ocrx_word' id='word_1_66' title='bbox 245 707 280 747; x_wconf 87' lang='lat' dir='ltr'><strong>si</strong></span> <span class='ocrx_word' id='word_1_67' title='bbox 311 706 417 748; x_wconf 91' lang='lat' dir='ltr'><strong>dena</strong></span> <span class='ocrx_word' id='word_1_68' title='bbox 445 707 557 747; x_wconf 88' lang='lat' dir='ltr'><strong>milia</strong></span> <span class='ocrx_word' id='word_1_69' title='bbox 585 709 826 763; x_wconf 86' lang='lat' dir='ltr'><strong>suscepisset</strong></span> <span class='ocrx_word' id='word_1_70' title='bbox 854 710 1023 761; x_wconf 86' lang='lat' dir='ltr'><strong>talenta,</strong></span> <span class='ocrx_word' id='word_1_71' title='bbox 1065 715 1266 766; x_wconf 87' lang='lat' dir='ltr'><strong>tanquam</strong></span> <span class='ocrx_word' id='word_1_72' title='bbox 1297 710 1369 765; x_wconf 89' lang='lat' dir='ltr'><strong>qui</strong></span> <span class='ocrx_word' id='word_1_73' title='bbox 1396 707 1618 764; x_wconf 76' lang='lat' dir='ltr'><strong>subegisset</strong></span> <span class='ocrx_word' id='word_1_74' title='bbox 1631 709 1721 748; x_wconf 88' lang='lat' dir='ltr'><strong>Ro.-</strong></span> 
     </span>
     <span class='ocr_line' id='line_1_10' title="bbox 246 765 1721 820; baseline 0 -17"><span class='ocrx_word' id='word_1_75' title='bbox 246 778 468 804; x_wconf 87' lang='lat' dir='ltr'><strong>manorum</strong></span> <span class='ocrx_word' id='word_1_76' title='bbox 498 765 733 819; x_wconf 87' lang='lat' dir='ltr'><strong>imperium.</strong></span> <span class='ocrx_word' id='word_1_77' title='bbox 792 781 927 820; x_wconf 87' lang='lat' dir='ltr'><strong>porro</strong></span> <span class='ocrx_word' id='word_1_78' title='bbox 967 768 1165 807; x_wconf 87' lang='lat' dir='ltr'><strong>convenit</strong></span> <span class='ocrx_word' id='word_1_79' title='bbox 1194 767 1303 806; x_wconf 90' lang='lat' dir='ltr'><strong>inter</strong></span> <span class='ocrx_word' id='word_1_80' title='bbox 1330 780 1398 807; x_wconf 90' lang='lat' dir='ltr'><strong>eos</strong></span> <span class='ocrx_word' id='word_1_81' title='bbox 1431 772 1580 817; x_wconf 85' lang='lat' dir='ltr'><strong>castra,</strong></span> <span class='ocrx_word' id='word_1_82' title='bbox 1612 778 1721 820; x_wconf 86' lang='lat' dir='ltr'><strong>quae</strong></span> 
     </span>
    </p>

    <p class='ocr_par' dir='ltr' id='par_1_3' title="bbox 114 818 1720 1104">
     <span class='ocr_line' id='line_1_11' title="bbox 114 818 1720 878; baseline 0 -18"><span class='ocrx_word' id='word_1_83' title='bbox 114 818 232 865; x_wconf 75' lang='lat' dir='ltr'><strong>P·749</strong></span> <span class='ocrx_word' id='word_1_84' title='bbox 245 819 454 861; x_wconf 84' lang='lat' dir='ltr'><strong>destructa</strong></span> <span class='ocrx_word' id='word_1_85' title='bbox 485 821 665 873; x_wconf 88' lang='lat' dir='ltr'><strong>fuerant,</strong></span> <span class='ocrx_word' id='word_1_86' title='bbox 698 836 782 862; x_wconf 90' lang='lat' dir='ltr'><strong>non</strong></span> <span class='ocrx_word' id='word_1_87' title='bbox 812 823 1132 864; x_wconf 86' lang='lat' dir='ltr'><strong>reaedificanda.</strong></span> <span class='ocrx_word' id='word_1_88' title='bbox 1167 837 1346 878; x_wconf 89' lang='lat' dir='ltr'><strong>cumque</strong></span> <span class='ocrx_word' id='word_1_89' title='bbox 1377 823 1533 863; x_wconf 86' lang='lat' dir='ltr'><strong>Arabes</strong></span> <span class='ocrx_word' id='word_1_90' title='bbox 1562 819 1720 862; x_wconf 87' lang='lat' dir='ltr'><strong>reversi</strong></span> 
     </span>
     <span class='ocr_line' id='line_1_12' title="bbox 243 877 1718 934; baseline -0.001 -17"><span class='ocrx_word' id='word_1_91' title='bbox 243 877 430 928; x_wconf 88' lang='lat' dir='ltr'><strong>fuissent,</strong></span> <span class='ocrx_word' id='word_1_92' title='bbox 461 878 696 919; x_wconf 83' lang='lat' dir='ltr'><strong>construxit</strong></span> <span class='ocrx_word' id='word_1_93' title='bbox 738 879 882 920; x_wconf 84' lang='lat' dir='ltr'><strong>eadem</strong></span> <span class='ocrx_word' id='word_1_94' title='bbox 924 880 1128 920; x_wconf 86' lang='lat' dir='ltr'><strong>continuo</strong></span> <span class='ocrx_word' id='word_1_95' title='bbox 1168 887 1317 929; x_wconf 85' lang='lat' dir='ltr'><strong>castra,</strong></span> <span class='ocrx_word' id='word_1_96' title='bbox 1352 885 1393 920; x_wconf 88' lang='lat' dir='ltr'><strong>et</strong></span> <span class='ocrx_word' id='word_1_97' title='bbox 1420 877 1718 934; x_wconf 84' lang='lat' dir='ltr'><strong>praemunivit.</strong></span> 
     </span>
     <span class='ocr_line' id='line_1_13' title="bbox 243 934 1718 990; baseline 0.001 -17"><span class='ocrx_word' id='word_1_98' title='bbox 243 949 330 989; x_wconf 89' lang='lat' dir='ltr'><strong>quo</strong></span> <span class='ocrx_word' id='word_1_99' title='bbox 361 941 581 988; x_wconf 87' lang='lat' dir='ltr'><strong>comperto</strong></span> <span class='ocrx_word' id='word_1_100' title='bbox 605 937 745 975; x_wconf 82' lang='lat' dir='ltr'><strong>Aaron</strong></span> <span class='ocrx_word' id='word_1_101' title='bbox 777 936 888 975; x_wconf 86' lang='lat' dir='ltr'><strong>misit</strong></span> <span class='ocrx_word' id='word_1_102' title='bbox 906 936 1076 987; x_wconf 89' lang='lat' dir='ltr'><strong>iterum,</strong></span> <span class='ocrx_word' id='word_1_103' title='bbox 1106 943 1148 977; x_wconf 87' lang='lat' dir='ltr'><strong>et</strong></span> <span class='ocrx_word' id='word_1_104' title='bbox 1179 937 1339 990; x_wconf 88' lang='lat' dir='ltr'><strong>recepit</strong></span> <span class='ocrx_word' id='word_1_105' title='bbox 1356 936 1590 986; x_wconf 87' lang='lat' dir='ltr'><strong>Thebasan,</strong></span> <span class='ocrx_word' id='word_1_106' title='bbox 1620 934 1718 974; x_wconf 88' lang='lat' dir='ltr'><strong>mis·</strong></span> 
     </span>
     <span class='ocr_line' id='line_1_14' title="bbox 240 991 1716 1048; baseline 0.001 -18"><span class='ocrx_word' id='word_1_107' title='bbox 240 1004 373 1046; x_wconf 88' lang='lat' dir='ltr'><strong>soque</strong></span> <span class='ocrx_word' id='word_1_108' title='bbox 402 991 511 1031; x_wconf 89' lang='lat' dir='ltr'><strong>stolo</strong></span> <span class='ocrx_word' id='word_1_109' title='bbox 542 991 583 1030; x_wconf 89' lang='lat' dir='ltr'><strong>in</strong></span> <span class='ocrx_word' id='word_1_110' title='bbox 604 992 789 1047; x_wconf 89' lang='lat' dir='ltr'><strong>Cyprum</strong></span> <span class='ocrx_word' id='word_1_111' title='bbox 815 993 1004 1033; x_wconf 88' lang='lat' dir='ltr'><strong>ecclesias</strong></span> <span class='ocrx_word' id='word_1_112' title='bbox 1037 993 1247 1044; x_wconf 86' lang='lat' dir='ltr'><strong>detruxit,</strong></span> <span class='ocrx_word' id='word_1_113' title='bbox 1273 993 1450 1048; x_wconf 83' lang='lat' dir='ltr'><strong>Cyprios</strong></span> <span class='ocrx_word' id='word_1_114' title='bbox 1482 992 1716 1047; x_wconf 81' lang='lat' dir='ltr'><strong>emigravit,</strong></span> 
     </span>
     <span class='ocr_line' id='line_1_15' title="bbox 242 1047 1195 1104; baseline 0.002 -16"><span class='ocrx_word' id='word_1_115' title='bbox 242 1052 286 1088; x_wconf 78' lang='lat' dir='ltr'><strong>et</strong></span> <span class='ocrx_word' id='word_1_116' title='bbox 315 1048 449 1088; x_wconf 91' lang='lat' dir='ltr'><strong>multo</strong></span> <span class='ocrx_word' id='word_1_117' title='bbox 482 1047 640 1102; x_wconf 85' lang='lat' dir='ltr'><strong>excidio</strong></span> <span class='ocrx_word' id='word_1_118' title='bbox 671 1049 782 1088; x_wconf 88' lang='lat' dir='ltr'><strong>facto</strong></span> <span class='ocrx_word' id='word_1_119' title='bbox 813 1063 959 1104; x_wconf 83' lang='lat' dir='ltr'><strong>pacem</strong></span> <span class='ocrx_word' id='word_1_120' title='bbox 992 1049 1195 1090; x_wconf 87' lang='lat' dir='ltr'><strong>dissolvit.</strong></span> 
     </span>
    </p>
   </div>
   <div class='ocr_carea' id='block_1_3' title="bbox 243 1131 1722 1513">
    <p class='ocr_par' dir='ltr' id='par_1_4' title="bbox 243 1131 1722 1513">
     <span class='ocr_line' id='line_1_16' title="bbox 353 1131 1719 1188; baseline 0 -17"><span class='ocrx_word' id='word_1_121' title='bbox 353 1133 475 1171; x_wconf 91' lang='lat' dir='ltr'><strong>Anno</strong></span> <span class='ocrx_word' id='word_1_122' title='bbox 508 1131 674 1186; x_wconf 87' lang='lat' dir='ltr'><strong>imperii</strong></span> <span class='ocrx_word' id='word_1_123' title='bbox 709 1133 771 1172; x_wconf 91' lang='lat' dir='ltr'><strong>sui</strong></span> <span class='ocrx_word' id='word_1_124' title='bbox 815 1133 964 1188; x_wconf 89' lang='lat' dir='ltr'><strong>quinto</strong></span> <span class='ocrx_word' id='word_1_125' title='bbox 1000 1139 1133 1174; x_wconf 88' lang='lat' dir='ltr'><strong>castra</strong></span> <span class='ocrx_word' id='word_1_126' title='bbox 1162 1133 1297 1173; x_wconf 89' lang='lat' dir='ltr'><strong>movit</strong></span> <span class='ocrx_word' id='word_1_127' title='bbox 1324 1131 1586 1186; x_wconf 83' lang='lat' dir='ltr'><strong>Nicephorus</strong></span> <span class='ocrx_word' id='word_1_128' title='bbox 1614 1145 1719 1171; x_wconf 87' lang='lat' dir='ltr'><strong>con-</strong></span> 
     </span>
     <span class='ocr_line' id='line_1_17' title="bbox 243 1188 1720 1244; baseline 0.001 -17"><span class='ocrx_word' id='word_1_129' title='bbox 243 1195 310 1228; x_wconf 88' lang='lat' dir='ltr'><strong>tra</strong></span> <span class='ocrx_word' id='word_1_130' title='bbox 340 1188 556 1242; x_wconf 79' lang='lat' dir='ltr'><strong>Vulgares.</strong></span> <span class='ocrx_word' id='word_1_131' title='bbox 629 1194 671 1229; x_wconf 83' lang='lat' dir='ltr'><strong>et</strong></span> <span class='ocrx_word' id='word_1_132' title='bbox 713 1203 809 1229; x_wconf 91' lang='lat' dir='ltr'><strong>cum</strong></span> <span class='ocrx_word' id='word_1_133' title='bbox 852 1190 1028 1230; x_wconf 87' lang='lat' dir='ltr'><strong>venisset</strong></span> <span class='ocrx_word' id='word_1_134' title='bbox 1060 1189 1434 1244; x_wconf 83' lang='lat' dir='ltr'><strong>Hadrianopolim,</strong></span> <span class='ocrx_word' id='word_1_135' title='bbox 1465 1197 1506 1229; x_wconf 87' lang='lat' dir='ltr'><strong>et</strong></span> <span class='ocrx_word' id='word_1_136' title='bbox 1535 1189 1720 1229; x_wconf 85' lang='lat' dir='ltr'><strong>sensisset.</strong></span> 
     </span>
     <span class='ocr_line' id='line_1_18' title="bbox 243 1244 1720 1300; baseline 0 -16"><span class='ocrx_word' id='word_1_137' title='bbox 243 1245 357 1300; x_wconf 88' lang='lat' dir='ltr'><strong>quod</strong></span> <span class='ocrx_word' id='word_1_138' title='bbox 403 1246 657 1286; x_wconf 86' lang='lat' dir='ltr'><strong>simultatem</strong></span> <span class='ocrx_word' id='word_1_139' title='bbox 699 1251 849 1286; x_wconf 81' lang='lat' dir='ltr'><strong>contra</strong></span> <span class='ocrx_word' id='word_1_140' title='bbox 894 1261 936 1288; x_wconf 89' lang='lat' dir='ltr'><strong>se</strong></span> <span class='ocrx_word' id='word_1_141' title='bbox 967 1247 1231 1300; x_wconf 88' lang='lat' dir='ltr'><strong>imperatorii</strong></span> <span class='ocrx_word' id='word_1_142' title='bbox 1261 1246 1447 1286; x_wconf 90' lang='lat' dir='ltr'><strong>homines</strong></span> <span class='ocrx_word' id='word_1_143' title='bbox 1478 1251 1519 1285; x_wconf 89' lang='lat' dir='ltr'><strong>et</strong></span> <span class='ocrx_word' id='word_1_144' title='bbox 1549 1244 1720 1300; x_wconf 87' lang='lat' dir='ltr'><strong>quidam</strong></span> 
     </span>
     <span class='ocr_line' id='line_1_19' title="bbox 243 1299 1720 1357; baseline -0.001 -15"><span class='ocrx_word' id='word_1_145' title='bbox 243 1317 290 1342; x_wconf 86' lang='lat' dir='ltr'><strong>ex</strong></span> <span class='ocrx_word' id='word_1_146' title='bbox 319 1300 534 1342; x_wconf 88' lang='lat' dir='ltr'><strong>ordinibus</strong></span> <span class='ocrx_word' id='word_1_147' title='bbox 572 1300 903 1354; x_wconf 87' lang='lat' dir='ltr'><strong>meditarentur,</strong></span> <span class='ocrx_word' id='word_1_148' title='bbox 945 1299 1128 1344; x_wconf 79' lang='lat' dir='ltr'><strong>inefficax</strong></span> <span class='ocrx_word' id='word_1_149' title='bbox 1175 1303 1417 1357; x_wconf 84' lang='lat' dir='ltr'><strong>repedavit,</strong></span> <span class='ocrx_word' id='word_1_150' title='bbox 1448 1301 1553 1342; x_wconf 87' lang='lat' dir='ltr'><strong>nihil</strong></span> <span class='ocrx_word' id='word_1_151' title='bbox 1583 1303 1720 1356; x_wconf 84' lang='lat' dir='ltr'><strong>profi-</strong></span> 
     </span>
     <span class='ocr_line' id='line_1_20' title="bbox 243 1357 1722 1415; baseline 0 -18"><span class='ocrx_word' id='word_1_152' title='bbox 243 1358 353 1399; x_wconf 88' lang='lat' dir='ltr'><strong>ciens</strong></span> <span class='ocrx_word' id='word_1_153' title='bbox 371 1389 383 1410; x_wconf 88' lang='lat'><strong>,</strong></span> <span class='ocrx_word' id='word_1_154' title='bbox 416 1358 491 1398; x_wconf 90' lang='lat' dir='ltr'><strong>nisi</strong></span> <span class='ocrx_word' id='word_1_155' title='bbox 531 1359 647 1415; x_wconf 88' lang='lat' dir='ltr'><strong>quod</strong></span> <span class='ocrx_word' id='word_1_156' title='bbox 683 1364 845 1400; x_wconf 85' lang='lat' dir='ltr'><strong>tantum</strong></span> <span class='ocrx_word' id='word_1_157' title='bbox 875 1360 1078 1401; x_wconf 83' lang='lat' dir='ltr'><strong>ultionem</strong></span> <span class='ocrx_word' id='word_1_158' title='bbox 1107 1360 1416 1401; x_wconf 84' lang='lat' dir='ltr'><strong>contribulibus</strong></span> <span class='ocrx_word' id='word_1_159' title='bbox 1443 1359 1607 1410; x_wconf 84' lang='lat' dir='ltr'><strong>intulit,</strong></span> <span class='ocrx_word' id='word_1_160' title='bbox 1637 1357 1722 1398; x_wconf 89' lang='lat' dir='ltr'><strong>ho·-</strong></span> 
     </span>
     <span class='ocr_line' id='line_1_21' title="bbox 244 1415 1721 1472; baseline 0.001 -18"><span class='ocrx_word' id='word_1_161' title='bbox 244 1429 337 1454; x_wconf 90' lang='lat' dir='ltr'><strong>rum</strong></span> <span class='ocrx_word' id='word_1_162' title='bbox 368 1415 519 1456; x_wconf 90' lang='lat' dir='ltr'><strong>multos</strong></span> <span class='ocrx_word' id='word_1_163' title='bbox 560 1416 754 1457; x_wconf 88' lang='lat' dir='ltr'><strong>caedibus</strong></span> <span class='ocrx_word' id='word_1_164' title='bbox 792 1416 918 1457; x_wconf 83' lang='lat' dir='ltr'><strong>exiliis</strong></span> <span class='ocrx_word' id='word_1_165' title='bbox 948 1423 991 1458; x_wconf 90' lang='lat' dir='ltr'><strong>et</strong></span> <span class='ocrx_word' id='word_1_166' title='bbox 1031 1417 1415 1472; x_wconf 87' lang='lat' dir='ltr'><strong>proscriptionibus</strong></span> <span class='ocrx_word' id='word_1_167' title='bbox 1444 1430 1588 1457; x_wconf 88' lang='lat' dir='ltr'><strong>rerum</strong></span> <span class='ocrx_word' id='word_1_168' title='bbox 1617 1416 1721 1456; x_wconf 90' lang='lat' dir='ltr'><strong>sub-</strong></span> 
     </span>
     <span class='ocr_line' id='line_1_22' title="bbox 243 1472 423 1513; baseline 0 -2"><span class='ocrx_word' id='word_1_169' title='bbox 243 1472 423 1513; x_wconf 89' lang='lat' dir='ltr'><strong>mittens.</strong></span> 
     </span>
    </p>
   </div>
   <div class='ocr_carea' id='block_1_4' title="bbox 112 1551 1729 2799">
    <p class='ocr_par' dir='ltr' id='par_1_5' title="bbox 361 1551 1720 1608">
     <span class='ocr_line' id='line_1_23' title="bbox 361 1551 1720 1608; baseline -0.001 -18"><span class='ocrx_word' id='word_1_170' title='bbox 361 1553 479 1591; x_wconf 87' lang='lat' dir='ltr'><strong>Anno</strong></span> <span class='ocrx_word' id='word_1_171' title='bbox 509 1552 677 1606; x_wconf 89' lang='lat' dir='ltr'><strong>imperii</strong></span> <span class='ocrx_word' id='word_1_172' title='bbox 693 1552 921 1606; x_wconf 86' lang='lat' dir='ltr'><strong>Nicephori</strong></span> <span class='ocrx_word' id='word_1_173' title='bbox 948 1559 1075 1604; x_wconf 86' lang='lat' dir='ltr'><strong>sexto,</strong></span> <span class='ocrx_word' id='word_1_174' title='bbox 1105 1568 1243 1594; x_wconf 90' lang='lat' dir='ltr'><strong>mense</strong></span> <span class='ocrx_word' id='word_1_175' title='bbox 1261 1551 1547 1608; x_wconf 88' lang='lat' dir='ltr'><strong>Septembrio,</strong></span> <span class='ocrx_word' id='word_1_176' title='bbox 1577 1551 1720 1591; x_wconf 87' lang='lat' dir='ltr'><strong>Aaron</strong></span> 
     </span>
    </p>

    <p class='ocr_par' dir='ltr' id='par_1_6' title="bbox 247 1607 1722 1662">
     <span class='ocr_line' id='line_1_24' title="bbox 247 1607 1722 1662; baseline -0.001 -15"><span class='ocrx_word' id='word_1_177' title='bbox 247 1607 431 1648; x_wconf 83' lang='lat' dir='ltr'><strong>Arabum</strong></span> <span class='ocrx_word' id='word_1_178' title='bbox 457 1608 538 1649; x_wconf 81' lang='lat' dir='ltr'><strong>dux</strong></span> <span class='ocrx_word' id='word_1_179' title='bbox 565 1624 659 1649; x_wconf 89' lang='lat' dir='ltr'><strong>cum</strong></span> <span class='ocrx_word' id='word_1_180' title='bbox 694 1609 807 1649; x_wconf 87' lang='lat' dir='ltr'><strong>classi</strong></span> <span class='ocrx_word' id='word_1_181' title='bbox 839 1617 988 1650; x_wconf 90' lang='lat' dir='ltr'><strong>contra</strong></span> <span class='ocrx_word' id='word_1_182' title='bbox 1009 1610 1204 1651; x_wconf 86' lang='lat' dir='ltr'><strong>Rhodum</strong></span> <span class='ocrx_word' id='word_1_183' title='bbox 1235 1610 1408 1650; x_wconf 89' lang='lat' dir='ltr'><strong>Cumeid</strong></span> <span class='ocrx_word' id='word_1_184' title='bbox 1441 1607 1616 1656; x_wconf 79' lang='lat' dir='ltr'><strong>direxit3</strong></span> <span class='ocrx_word' id='word_1_185' title='bbox 1648 1608 1722 1662; x_wconf 86' lang='lat' dir='ltr'><strong>qui</strong></span> 
     </span>
    </p>

    <p class='ocr_par' dir='ltr' id='par_1_7' title="bbox 248 1664 1722 1722">
     <span class='ocr_line' id='line_1_25' title="bbox 248 1664 1722 1722; baseline -0.001 -18"><span class='ocrx_word' id='word_1_186' title='bbox 248 1678 343 1704; x_wconf 89' lang='lat' dir='ltr'><strong>cum</strong></span> <span class='ocrx_word' id='word_1_187' title='bbox 374 1665 513 1704; x_wconf 87' lang='lat' dir='ltr'><strong>subito</strong></span> <span class='ocrx_word' id='word_1_188' title='bbox 541 1671 831 1707; x_wconf 86' lang='lat' dir='ltr'><strong>transmeasset</strong></span> <span class='ocrx_word' id='word_1_189' title='bbox 859 1667 1142 1722; x_wconf 87' lang='lat' dir='ltr'><strong>Rhodumque</strong></span> <span class='ocrx_word' id='word_1_190' title='bbox 1172 1667 1442 1722; x_wconf 86' lang='lat' dir='ltr'><strong>pervenisset,</strong></span> <span class='ocrx_word' id='word_1_191' title='bbox 1472 1666 1651 1705; x_wconf 87' lang='lat' dir='ltr'><strong>multum</strong></span> <span class='ocrx_word' id='word_1_192' title='bbox 1679 1664 1722 1703; x_wconf 91' lang='lat' dir='ltr'><strong>in</strong></span> 
     </span>
    </p>

    <p class='ocr_par' dir='ltr' id='par_1_8' title="bbox 247 1720 1722 1834">
     <span class='ocr_line' id='line_1_26' title="bbox 247 1720 1722 1778; baseline -0.001 -17"><span class='ocrx_word' id='word_1_193' title='bbox 247 1735 296 1761; x_wconf 87' lang='lat' dir='ltr'><strong>ea</strong></span> <span class='ocrx_word' id='word_1_194' title='bbox 338 1720 542 1762; x_wconf 86' lang='lat' dir='ltr'><strong>excidium</strong></span> <span class='ocrx_word' id='word_1_195' title='bbox 583 1722 693 1762; x_wconf 88' lang='lat' dir='ltr'><strong>fecit.</strong></span> <span class='ocrx_word' id='word_1_196' title='bbox 761 1729 1048 1764; x_wconf 87' lang='lat' dir='ltr'><strong>verumtamen</strong></span> <span class='ocrx_word' id='word_1_197' title='bbox 1090 1724 1365 1778; x_wconf 82' lang='lat' dir='ltr'><strong>municipium</strong></span> <span class='ocrx_word' id='word_1_198' title='bbox 1406 1722 1523 1778; x_wconf 85' lang='lat' dir='ltr'><strong>quod</strong></span> <span class='ocrx_word' id='word_1_199' title='bbox 1563 1721 1604 1761; x_wconf 92' lang='lat' dir='ltr'><strong>in</strong></span> <span class='ocrx_word' id='word_1_200' title='bbox 1633 1720 1722 1775; x_wconf 84' lang='lat' dir='ltr'><strong>ipsa</strong></span> 
     </span>
     <span class='ocr_line' id='line_1_27' title="bbox 247 1778 1721 1834; baseline -0.001 -17"><span class='ocrx_word' id='word_1_201' title='bbox 247 1783 351 1828; x_wconf 83' lang='lat' dir='ltr'><strong>erat,</strong></span> <span class='ocrx_word' id='word_1_202' title='bbox 385 1793 467 1818; x_wconf 93' lang='lat' dir='ltr'><strong>non</strong></span> <span class='ocrx_word' id='word_1_203' title='bbox 497 1778 787 1833; x_wconf 79' lang='lat' dir='ltr'><strong>impugnatum</strong></span> <span class='ocrx_word' id='word_1_204' title='bbox 817 1780 1027 1821; x_wconf 82' lang='lat' dir='ltr'><strong>remansit.</strong></span> <span class='ocrx_word' id='word_1_205' title='bbox 1084 1795 1179 1821; x_wconf 89' lang='lat' dir='ltr'><strong>cum</strong></span> <span class='ocrx_word' id='word_1_206' title='bbox 1211 1788 1351 1821; x_wconf 89' lang='lat' dir='ltr'><strong>autem</strong></span> <span class='ocrx_word' id='word_1_207' title='bbox 1383 1780 1468 1834; x_wconf 88' lang='lat' dir='ltr'><strong>ipse</strong></span> <span class='ocrx_word' id='word_1_208' title='bbox 1499 1782 1721 1826; x_wconf 89' lang='lat' dir='ltr'><strong>remearet,</strong></span> 
     </span>
    </p>

    <p class='ocr_par' dir='ltr' id='par_1_9' title="bbox 112 1833 1725 2060">
     <span class='ocr_line' id='line_1_28' title="bbox 112 1833 1725 1890; baseline -0.002 -13"><span class='ocrx_word' id='word_1_209' title='bbox 112 1854 149 1889; x_wconf 84' lang='lat' dir='ltr'><strong>p.</strong></span> <span class='ocrx_word' id='word_1_210' title='bbox 166 1841 234 1878; x_wconf 88' lang='lat'><strong>750</strong></span> <span class='ocrx_word' id='word_1_211' title='bbox 249 1833 464 1875; x_wconf 87' lang='lat' dir='ltr'><strong>evidenter</strong></span> <span class='ocrx_word' id='word_1_212' title='bbox 493 1835 759 1890; x_wconf 80' lang='lat' dir='ltr'><strong>impugnatus</strong></span> <span class='ocrx_word' id='word_1_213' title='bbox 790 1842 850 1876; x_wconf 90' lang='lat' dir='ltr'><strong>est</strong></span> <span class='ocrx_word' id='word_1_214' title='bbox 881 1853 903 1876; x_wconf 89' lang='lat' dir='ltr'><strong>a</strong></span> <span class='ocrx_word' id='word_1_215' title='bbox 932 1843 1073 1878; x_wconf 86' lang='lat' dir='ltr'><strong>sancto</strong></span> <span class='ocrx_word' id='word_1_216' title='bbox 1104 1845 1147 1878; x_wconf 87' lang='lat' dir='ltr'><strong>et</strong></span> <span class='ocrx_word' id='word_1_217' title='bbox 1173 1837 1477 1877; x_wconf 87' lang='lat' dir='ltr'><strong>miraculorum</strong></span> <span class='ocrx_word' id='word_1_218' title='bbox 1504 1838 1725 1890; x_wconf 77' lang='lat' dir='ltr'><strong>Patratore</strong></span> 
     </span>
     <span class='ocr_line' id='line_1_29' title="bbox 246 1891 1725 1948; baseline 0 -18"><span class='ocrx_word' id='word_1_219' title='bbox 246 1891 430 1931; x_wconf 83' lang='lat' dir='ltr'><strong>Nicolao.</strong></span> <span class='ocrx_word' id='word_1_220' title='bbox 462 1906 557 1932; x_wconf 91' lang='lat' dir='ltr'><strong>cum</strong></span> <span class='ocrx_word' id='word_1_221' title='bbox 588 1891 698 1932; x_wconf 89' lang='lat' dir='ltr'><strong>enim</strong></span> <span class='ocrx_word' id='word_1_222' title='bbox 718 1894 838 1948; x_wconf 87' lang='lat' dir='ltr'><strong>Myra</strong></span> <span class='ocrx_word' id='word_1_223' title='bbox 867 1894 1044 1934; x_wconf 84' lang='lat' dir='ltr'><strong>venisset</strong></span> <span class='ocrx_word' id='word_1_224' title='bbox 1073 1900 1116 1935; x_wconf 87' lang='lat' dir='ltr'><strong>et</strong></span> <span class='ocrx_word' id='word_1_225' title='bbox 1144 1908 1305 1934; x_wconf 89' lang='lat' dir='ltr'><strong>sacram</strong></span> <span class='ocrx_word' id='word_1_226' title='bbox 1333 1893 1419 1934; x_wconf 88' lang='lat' dir='ltr'><strong>eius</strong></span> <span class='ocrx_word' id='word_1_227' title='bbox 1451 1907 1591 1933; x_wconf 86' lang='lat' dir='ltr'><strong>arcam</strong></span> <span class='ocrx_word' id='word_1_228' title='bbox 1620 1905 1725 1930; x_wconf 90' lang='lat' dir='ltr'><strong>con-</strong></span> 
     </span>
     <span class='ocr_line' id='line_1_30' title="bbox 245 1947 1725 2005; baseline -0.001 -18"><span class='ocrx_word' id='word_1_229' title='bbox 245 1952 387 1989; x_wconf 87' lang='lat' dir='ltr'><strong>terere</strong></span> <span class='ocrx_word' id='word_1_230' title='bbox 418 1948 669 1999; x_wconf 86' lang='lat' dir='ltr'><strong>tentavisset,</strong></span> <span class='ocrx_word' id='word_1_231' title='bbox 713 1949 836 1989; x_wconf 83' lang='lat' dir='ltr'><strong>aliam</strong></span> <span class='ocrx_word' id='word_1_232' title='bbox 863 1965 945 2005; x_wconf 88' lang='lat' dir='ltr'><strong>pro</strong></span> <span class='ocrx_word' id='word_1_233' title='bbox 978 1951 1048 1990; x_wconf 89' lang='lat' dir='ltr'><strong>illa</strong></span> <span class='ocrx_word' id='word_1_234' title='bbox 1078 1951 1295 1991; x_wconf 88' lang='lat' dir='ltr'><strong>contrivit.</strong></span> <span class='ocrx_word' id='word_1_235' title='bbox 1354 1964 1535 2005; x_wconf 88' lang='lat' dir='ltr'><strong>moxque</strong></span> <span class='ocrx_word' id='word_1_236' title='bbox 1566 1947 1725 1988; x_wconf 88' lang='lat' dir='ltr'><strong>classim</strong></span> 
     </span>
     <span class='ocr_line' id='line_1_31' title="bbox 243 2005 1724 2060; baseline -0.001 -16"><span class='ocrx_word' id='word_1_237' title='bbox 243 2005 376 2045; x_wconf 84' lang='lat' dir='ltr'><strong>multa</strong></span> <span class='ocrx_word' id='word_1_238' title='bbox 408 2012 635 2046; x_wconf 88' lang='lat' dir='ltr'><strong>ventorum</strong></span> <span class='ocrx_word' id='word_1_239' title='bbox 668 2012 711 2045; x_wconf 92' lang='lat' dir='ltr'><strong>et</strong></span> <span class='ocrx_word' id='word_1_240' title='bbox 743 2006 1005 2047; x_wconf 89' lang='lat' dir='ltr'><strong>marinorum</strong></span> <span class='ocrx_word' id='word_1_241' title='bbox 1038 2006 1257 2058; x_wconf 88' lang='lat' dir='ltr'><strong>fluctuum,</strong></span> <span class='ocrx_word' id='word_1_242' title='bbox 1291 2007 1579 2048; x_wconf 89' lang='lat' dir='ltr'><strong>tonitruorum</strong></span> <span class='ocrx_word' id='word_1_243' title='bbox 1612 2019 1724 2060; x_wconf 85' lang='lat' dir='ltr'><strong>quo-</strong></span> 
     </span>
    </p>

    <p class='ocr_par' dir='ltr' id='par_1_10' title="bbox 245 2061 1729 2232">
     <span class='ocr_line' id='line_1_32' title="bbox 246 2061 1726 2118; baseline 0 -18"><span class='ocrx_word' id='word_1_244' title='bbox 246 2075 328 2116; x_wconf 87' lang='lat' dir='ltr'><strong>que</strong></span> <span class='ocrx_word' id='word_1_245' title='bbox 358 2076 405 2101; x_wconf 91' lang='lat' dir='ltr'><strong>ac</strong></span> <span class='ocrx_word' id='word_1_246' title='bbox 433 2062 647 2116; x_wconf 81' lang='lat' dir='ltr'><strong>fulgurum</strong></span> <span class='ocrx_word' id='word_1_247' title='bbox 680 2062 950 2118; x_wconf 84' lang='lat' dir='ltr'><strong>inaequalitas</strong></span> <span class='ocrx_word' id='word_1_248' title='bbox 981 2064 1326 2118; x_wconf 84' lang='lat' dir='ltr'><strong>comprehendit,</strong></span> <span class='ocrx_word' id='word_1_249' title='bbox 1355 2064 1411 2104; x_wconf 89' lang='lat' dir='ltr'><strong>ita</strong></span> <span class='ocrx_word' id='word_1_250' title='bbox 1443 2069 1490 2104; x_wconf 89' lang='lat' dir='ltr'><strong>ut</strong></span> <span class='ocrx_word' id='word_1_251' title='bbox 1517 2061 1726 2117; x_wconf 87' lang='lat' dir='ltr'><strong>plurimae</strong></span> 
     </span>
     <span class='ocr_line' id='line_1_33' title="bbox 245 2117 1727 2175; baseline 0.001 -19"><span class='ocrx_word' id='word_1_252' title='bbox 245 2117 422 2172; x_wconf 86' lang='lat' dir='ltr'><strong>scaphae</strong></span> <span class='ocrx_word' id='word_1_253' title='bbox 445 2126 837 2175; x_wconf 84' lang='lat' dir='ltr'><strong>conquassarentur,</strong></span> <span class='ocrx_word' id='word_1_254' title='bbox 867 2121 1039 2175; x_wconf 88' lang='lat' dir='ltr'><strong>ipseque</strong></span> <span class='ocrx_word' id='word_1_255' title='bbox 1056 2121 1330 2175; x_wconf 83' lang='lat' dir='ltr'><strong>impugnator</strong></span> <span class='ocrx_word' id='word_1_256' title='bbox 1350 2121 1416 2161; x_wconf 88' lang='lat' dir='ltr'><strong>dei</strong></span> <span class='ocrx_word' id='word_1_257' title='bbox 1435 2118 1611 2160; x_wconf 82' lang='lat' dir='ltr'><strong>Cumeid</strong></span> <span class='ocrx_word' id='word_1_258' title='bbox 1640 2118 1727 2158; x_wconf 89' lang='lat' dir='ltr'><strong>vir-</strong></span> 
     </span>
     <span class='ocr_line' id='line_1_34' title="bbox 248 2174 1729 2232; baseline 0 -18"><span class='ocrx_word' id='word_1_259' title='bbox 248 2180 380 2215; x_wconf 87' lang='lat' dir='ltr'><strong>tutem</strong></span> <span class='ocrx_word' id='word_1_260' title='bbox 409 2175 543 2216; x_wconf 83' lang='lat' dir='ltr'><strong>sancti</strong></span> <span class='ocrx_word' id='word_1_261' title='bbox 573 2183 848 2230; x_wconf 82' lang='lat' dir='ltr'><strong>cognosceret</strong></span> <span class='ocrx_word' id='word_1_262' title='bbox 876 2182 918 2216; x_wconf 85' lang='lat' dir='ltr'><strong>et</strong></span> <span class='ocrx_word' id='word_1_263' title='bbox 953 2177 1192 2232; x_wconf 88' lang='lat' dir='ltr'><strong>periculum</strong></span> <span class='ocrx_word' id='word_1_264' title='bbox 1224 2185 1396 2232; x_wconf 86' lang='lat' dir='ltr'><strong>praeter</strong></span> <span class='ocrx_word' id='word_1_265' title='bbox 1426 2191 1541 2231; x_wconf 89' lang='lat' dir='ltr'><strong>spem</strong></span> <span class='ocrx_word' id='word_1_266' title='bbox 1570 2174 1729 2217; x_wconf 89' lang='lat' dir='ltr'><strong>evade-</strong></span> 
     </span>
    </p>

    <p class='ocr_par' dir='ltr' id='par_1_11' title="bbox 246 2231 1728 2799">
     <span class='ocr_line' id='line_1_35' title="bbox 247 2231 1728 2288; baseline -0.001 -17"><span class='ocrx_word' id='word_1_267' title='bbox 247 2238 325 2272; x_wconf 88' lang='lat' dir='ltr'><strong>ret.</strong></span> <span class='ocrx_word' id='word_1_268' title='bbox 382 2246 516 2285; x_wconf 89' lang='lat' dir='ltr'><strong>porro</strong></span> <span class='ocrx_word' id='word_1_269' title='bbox 552 2231 847 2273; x_wconf 85' lang='lat' dir='ltr'><strong>decimotertio</strong></span> <span class='ocrx_word' id='word_1_270' title='bbox 876 2232 1072 2275; x_wconf 87' lang='lat' dir='ltr'><strong>kalendas</strong></span> <span class='ocrx_word' id='word_1_271' title='bbox 1103 2235 1311 2275; x_wconf 88' lang='lat' dir='ltr'><strong>Ianuarias</strong></span> <span class='ocrx_word' id='word_1_272' title='bbox 1340 2233 1599 2288; x_wconf 85' lang='lat' dir='ltr'><strong>Nicephorus</strong></span> <span class='ocrx_word' id='word_1_273' title='bbox 1629 2236 1728 2286; x_wconf 87' lang='lat' dir='ltr'><strong>post</strong></span> 
     </span>
     <span class='ocr_line' id='line_1_36' title="bbox 247 2289 1724 2345; baseline -0.001 -17"><span class='ocrx_word' id='word_1_274' title='bbox 247 2289 420 2328; x_wconf 87' lang='lat' dir='ltr'><strong>multam</strong></span> <span class='ocrx_word' id='word_1_275' title='bbox 451 2289 697 2329; x_wconf 89' lang='lat' dir='ltr'><strong>electionem</strong></span> <span class='ocrx_word' id='word_1_276' title='bbox 715 2289 951 2344; x_wconf 83' lang='lat' dir='ltr'><strong>virginum,</strong></span> <span class='ocrx_word' id='word_1_277' title='bbox 981 2305 1028 2330; x_wconf 87' lang='lat' dir='ltr'><strong>ex</strong></span> <span class='ocrx_word' id='word_1_278' title='bbox 1057 2291 1173 2331; x_wconf 89' lang='lat' dir='ltr'><strong>omni</strong></span> <span class='ocrx_word' id='word_1_279' title='bbox 1200 2297 1406 2345; x_wconf 84' lang='lat' dir='ltr'><strong>potestate</strong></span> <span class='ocrx_word' id='word_1_280' title='bbox 1434 2290 1514 2331; x_wconf 87' lang='lat' dir='ltr'><strong>sibi</strong></span> <span class='ocrx_word' id='word_1_281' title='bbox 1541 2289 1724 2338; x_wconf 88' lang='lat' dir='ltr'><strong>subdita,</strong></span> 
     </span>
     <span class='ocr_line' id='line_1_37' title="bbox 247 2345 1725 2402; baseline -0.001 -18"><span class='ocrx_word' id='word_1_282' title='bbox 247 2360 367 2385; x_wconf 88' lang='lat' dir='ltr'><strong>causa</strong></span> <span class='ocrx_word' id='word_1_283' title='bbox 410 2345 638 2400; x_wconf 86' lang='lat' dir='ltr'><strong>copulandi</strong></span> <span class='ocrx_word' id='word_1_284' title='bbox 687 2345 951 2386; x_wconf 81' lang='lat' dir='ltr'><strong>stauracium</strong></span> <span class='ocrx_word' id='word_1_285' title='bbox 1002 2347 1134 2388; x_wconf 86' lang='lat' dir='ltr'><strong>filium</strong></span> <span class='ocrx_word' id='word_1_286' title='bbox 1175 2363 1295 2388; x_wconf 92' lang='lat' dir='ltr'><strong>suum</strong></span> <span class='ocrx_word' id='word_1_287' title='bbox 1346 2347 1516 2402; x_wconf 85' lang='lat' dir='ltr'><strong>coniugi</strong></span> <span class='ocrx_word' id='word_1_288' title='bbox 1559 2347 1725 2394; x_wconf 81' lang='lat' dir='ltr'><strong>factam,</strong></span> 
     </span>
     <span class='ocr_line' id='line_1_38' title="bbox 246 2402 1723 2459; baseline -0.001 -18"><span class='ocrx_word' id='word_1_289' title='bbox 246 2402 549 2456; x_wconf 83' lang='lat' dir='ltr'><strong>Theophanam</strong></span> <span class='ocrx_word' id='word_1_290' title='bbox 578 2402 894 2451; x_wconf 83' lang='lat' dir='ltr'><strong>Atheniensem,</strong></span> <span class='ocrx_word' id='word_1_291' title='bbox 941 2411 1133 2459; x_wconf 81' lang='lat' dir='ltr'><strong>agnatam</strong></span> <span class='ocrx_word' id='word_1_292' title='bbox 1162 2405 1206 2445; x_wconf 93' lang='grc' dir='ltr'><strong>Β.</strong></span> <span class='ocrx_word' id='word_1_293' title='bbox 1238 2404 1458 2454; x_wconf 87' lang='lat' dir='ltr'><strong>Heirenae,</strong></span> <span class='ocrx_word' id='word_1_294' title='bbox 1489 2418 1597 2458; x_wconf 90' lang='lat' dir='ltr'><strong>quae</strong></span> <span class='ocrx_word' id='word_1_295' title='bbox 1628 2402 1723 2441; x_wconf 87' lang='lat' dir='ltr'><strong>viro</strong></span> 
     </span>
     <span class='ocr_line' id='line_1_39' title="bbox 246 2458 1725 2515; baseline -0.001 -17"><span class='ocrx_word' id='word_1_296' title='bbox 246 2458 491 2513; x_wconf 87' lang='lat' dir='ltr'><strong>desponsata</strong></span> <span class='ocrx_word' id='word_1_297' title='bbox 521 2465 614 2500; x_wconf 86' lang='lat' dir='ltr'><strong>erat</strong></span> <span class='ocrx_word' id='word_1_298' title='bbox 661 2465 703 2500; x_wconf 88' lang='lat' dir='ltr'><strong>et</strong></span> <span class='ocrx_word' id='word_1_299' title='bbox 734 2473 856 2513; x_wconf 88' lang='lat' dir='ltr'><strong>saepe</strong></span> <span class='ocrx_word' id='word_1_300' title='bbox 899 2474 995 2500; x_wconf 91' lang='lat' dir='ltr'><strong>cum</strong></span> <span class='ocrx_word' id='word_1_301' title='bbox 1028 2461 1117 2515; x_wconf 88' lang='lat' dir='ltr'><strong>ipso</strong></span> <span class='ocrx_word' id='word_1_302' title='bbox 1149 2462 1402 2511; x_wconf 73' lang='lat' dir='ltr'><strong>cubaverut,</strong></span> <span class='ocrx_word' id='word_1_303' title='bbox 1433 2458 1643 2515; x_wconf 86' lang='lat' dir='ltr'><strong>separavit</strong></span> <span class='ocrx_word' id='word_1_304' title='bbox 1673 2458 1725 2497; x_wconf 87' lang='lat' dir='ltr'><strong>ab</strong></span> 
     </span>
     <span class='ocr_line' id='line_1_40' title="bbox 246 2515 1723 2572; baseline -0.001 -17"><span class='ocrx_word' id='word_1_305' title='bbox 246 2516 398 2556; x_wconf 89' lang='lat' dir='ltr'><strong>eodem</strong></span> <span class='ocrx_word' id='word_1_306' title='bbox 427 2516 543 2570; x_wconf 86' lang='lat' dir='ltr'><strong>viro,</strong></span> <span class='ocrx_word' id='word_1_307' title='bbox 573 2523 616 2556; x_wconf 90' lang='lat' dir='ltr'><strong>et</strong></span> <span class='ocrx_word' id='word_1_308' title='bbox 646 2515 724 2570; x_wconf 87' lang='lat' dir='ltr'><strong>ipsi</strong></span> <span class='ocrx_word' id='word_1_309' title='bbox 753 2516 974 2557; x_wconf 89' lang='lat' dir='ltr'><strong>Stauracio</strong></span> <span class='ocrx_word' id='word_1_310' title='bbox 1011 2518 1162 2558; x_wconf 88' lang='lat' dir='ltr'><strong>misero</strong></span> <span class='ocrx_word' id='word_1_311' title='bbox 1196 2518 1412 2572; x_wconf 85' lang='lat' dir='ltr'><strong>copulavit</strong></span> <span class='ocrx_word' id='word_1_312' title='bbox 1442 2515 1723 2571; x_wconf 86' lang='lat' dir='ltr'><strong>impudenter,</strong></span> 
     </span>
     <span class='ocr_line' id='line_1_41' title="bbox 247 2571 1724 2628; baseline -0.002 -16"><span class='ocrx_word' id='word_1_313' title='bbox 247 2577 295 2612; x_wconf 92' lang='lat' dir='ltr'><strong>ut</strong></span> <span class='ocrx_word' id='word_1_314' title='bbox 319 2571 363 2612; x_wconf 87' lang='lat' dir='ltr'><strong>in</strong></span> <span class='ocrx_word' id='word_1_315' title='bbox 390 2572 503 2624; x_wconf 89' lang='lat' dir='ltr'><strong>aliis,</strong></span> <span class='ocrx_word' id='word_1_316' title='bbox 549 2578 592 2613; x_wconf 89' lang='lat' dir='ltr'><strong>et</strong></span> <span class='ocrx_word' id='word_1_317' title='bbox 632 2572 674 2613; x_wconf 91' lang='lat' dir='ltr'><strong>in</strong></span> <span class='ocrx_word' id='word_1_318' title='bbox 716 2572 799 2613; x_wconf 89' lang='lat' dir='ltr'><strong>boc</strong></span> <span class='ocrx_word' id='word_1_319' title='bbox 828 2588 1000 2628; x_wconf 89' lang='lat' dir='ltr'><strong>quoque</strong></span> <span class='ocrx_word' id='word_1_320' title='bbox 1025 2577 1346 2628; x_wconf 86' lang='lat' dir='ltr'><strong>praevaricator</strong></span> <span class='ocrx_word' id='word_1_321' title='bbox 1387 2575 1568 2615; x_wconf 80' lang='lat' dir='ltr'><strong>effectus.</strong></span> <span class='ocrx_word' id='word_1_322' title='bbox 1627 2571 1724 2610; x_wconf 81' lang='lat' dir='ltr'><strong>alias</strong></span> 
     </span>
     <span class='ocr_line' id='line_1_42' title="bbox 247 2628 1721 2686; baseline -0.001 -18"><span class='ocrx_word' id='word_1_323' title='bbox 247 2643 352 2670; x_wconf 87' lang='lat' dir='ltr'><strong>vero</strong></span> <span class='ocrx_word' id='word_1_324' title='bbox 383 2629 483 2670; x_wconf 86' lang='lat' dir='ltr'><strong>duas</strong></span> <span class='ocrx_word' id='word_1_325' title='bbox 523 2629 600 2670; x_wconf 88' lang='lat' dir='ltr'><strong>ista</strong></span> <span class='ocrx_word' id='word_1_326' title='bbox 625 2629 890 2683; x_wconf 83' lang='lat' dir='ltr'><strong>pulcriores,</strong></span> <span class='ocrx_word' id='word_1_327' title='bbox 925 2645 1024 2685; x_wconf 89' lang='lat' dir='ltr'><strong>quas</strong></span> <span class='ocrx_word' id='word_1_328' title='bbox 1064 2645 1161 2671; x_wconf 88' lang='lat' dir='ltr'><strong>cum</strong></span> <span class='ocrx_word' id='word_1_329' title='bbox 1192 2647 1239 2672; x_wconf 89' lang='lat' dir='ltr'><strong>ea</strong></span> <span class='ocrx_word' id='word_1_330' title='bbox 1270 2632 1478 2686; x_wconf 79' lang='lat' dir='ltr'><strong>elegerat,</strong></span> <span class='ocrx_word' id='word_1_331' title='bbox 1507 2628 1721 2669; x_wconf 88' lang='lat' dir='ltr'><strong>manifeste</strong></span> 
     </span>
     <span class='ocr_line' id='line_1_43' title="bbox 248 2684 1723 2741; baseline -0.001 -16"><span class='ocrx_word' id='word_1_332' title='bbox 248 2686 445 2740; x_wconf 87' lang='lat' dir='ltr'><strong>corrupit</strong></span> <span class='ocrx_word' id='word_1_333' title='bbox 477 2687 518 2726; x_wconf 93' lang='lat' dir='ltr'><strong>in</strong></span> <span class='ocrx_word' id='word_1_334' title='bbox 548 2685 702 2728; x_wconf 87' lang='lat' dir='ltr'><strong>eisdem</strong></span> <span class='ocrx_word' id='word_1_335' title='bbox 734 2686 979 2741; x_wconf 89' lang='lat' dir='ltr'><strong>nuptiarum</strong></span> <span class='ocrx_word' id='word_1_336' title='bbox 1003 2686 1159 2738; x_wconf 86' lang='lat' dir='ltr'><strong>diebus,</strong></span> <span class='ocrx_word' id='word_1_337' title='bbox 1192 2690 1243 2728; x_wconf 88' lang='lat' dir='ltr'><strong>ab</strong></span> <span class='ocrx_word' id='word_1_338' title='bbox 1274 2688 1466 2728; x_wconf 89' lang='lat' dir='ltr'><strong>omnibus</strong></span> <span class='ocrx_word' id='word_1_339' title='bbox 1500 2685 1609 2727; x_wconf 87' lang='lat' dir='ltr'><strong>idem</strong></span> <span class='ocrx_word' id='word_1_340' title='bbox 1639 2684 1723 2724; x_wconf 91' lang='lat' dir='ltr'><strong>ob-</strong></span> 
     </span>
     <span class='ocr_line' id='line_1_44' title="bbox 247 2741 1725 2799; baseline -0.001 -18"><span class='ocrx_word' id='word_1_341' title='bbox 247 2756 391 2782; x_wconf 91' lang='lat' dir='ltr'><strong>scenus</strong></span> <span class='ocrx_word' id='word_1_342' title='bbox 420 2743 578 2784; x_wconf 89' lang='lat' dir='ltr'><strong>irrisus.</strong></span> <span class='ocrx_word' id='word_1_343' title='bbox 637 2743 818 2799; x_wconf 88' lang='lat' dir='ltr'><strong>denique</strong></span> <span class='ocrx_word' id='word_1_344' title='bbox 845 2743 1081 2784; x_wconf 89' lang='lat' dir='ltr'><strong>Februario</strong></span> <span class='ocrx_word' id='word_1_345' title='bbox 1112 2760 1250 2785; x_wconf 87' lang='lat' dir='ltr'><strong>mense</strong></span> <span class='ocrx_word' id='word_1_346' title='bbox 1276 2745 1527 2784; x_wconf 86' lang='lat' dir='ltr'><strong>simultatem</strong></span> <span class='ocrx_word' id='word_1_347' title='bbox 1559 2741 1725 2795; x_wconf 79' lang='lat' dir='ltr'><strong>excogi-</strong></span> 
     </span>
    </p>
   </div>
   <div class='ocr_carea' id='block_1_5' title="bbox 251 2798 1723 2857">
    <p class='ocr_par' dir='ltr' id='par_1_12' title="bbox 251 2798 1723 2857">
     <span class='ocr_line' id='line_1_45' title="bbox 251 2798 1723 2857; baseline -0.001 -19"><span class='ocrx_word' id='word_1_348' title='bbox 251 2805 382 2842; x_wconf 84' lang='lat' dir='ltr'><strong>tantes</strong></span> <span class='ocrx_word' id='word_1_349' title='bbox 412 2798 606 2842; x_wconf 80' lang='lat' dir='ltr'><strong>adversus</strong></span> <span class='ocrx_word' id='word_1_350' title='bbox 624 2815 719 2841; x_wconf 90' lang='lat' dir='ltr'><strong>eum</strong></span> <span class='ocrx_word' id='word_1_351' title='bbox 749 2800 869 2842; x_wconf 88' lang='lat' dir='ltr'><strong>multi</strong></span> <span class='ocrx_word' id='word_1_352' title='bbox 891 2815 938 2842; x_wconf 84' lang='lat' dir='ltr'><strong>ex</strong></span> <span class='ocrx_word' id='word_1_353' title='bbox 963 2801 1226 2855; x_wconf 83' lang='lat' dir='ltr'><strong>proceribus,</strong></span> <span class='ocrx_word' id='word_1_354' title='bbox 1259 2798 1430 2842; x_wconf 83' lang='lat' dir='ltr'><strong>Arsabir</strong></span> <span class='ocrx_word' id='word_1_355' title='bbox 1457 2806 1723 2857; x_wconf 84' lang='lat' dir='ltr'><strong>quaestorem</strong></span> 
     </span>
    </p>
   </div>
  </div>
 </body>
</html>
