1728 3184
231 177 329 228 404
735 194 790 235 iu
827 191 1202 236 THEOPHANEM

230 311 313 355 tor,
345 311 432 345 tum
465 306 519 347 ob
554 319 696 360 genus,
729 315 817 349 tum
850 309 905 349 ob
937 309 1131 348 auxilium
1163 310 1213 348 ab
1247 323 1290 348 ea
1324 313 1556 361 acceptum,
1596 308 1699 348 cha-

230 377 320 401 rum
348 361 494 403 habuit
535 364 645 405 inter
687 365 923 418 provincias
952 365 1144 419 reliquus,
1181 372 1221 405 et
1248 365 1430 418 plurima
1459 365 1591 406 voluit
1620 380 1698 403 au..

229 419 426 459 ctoritate
445 419 523 461 CP.
556 421 729 474 pollere.
791 421 997 461 Candidus
1024 422 1252 461 Pliolianus
1277 421 1369 461 cod.
1402 420 1468 472 79,
1498 421 1697 461 Sozome-

227 489 302 515 nus
337 475 388 516 de
422 477 572 516 Isauris
619 478 692 517 lib.
725 478 752 518 8
782 493 870 532 cap.
905 478 969 518 25.
1037 477 1190 518 bellum
1237 478 1277 517 iu
1324 492 1393 518 eos
1421 483 1582 518 motum
1615 477 1698 517 hoc

227 546 338 572 anno
378 532 524 573 scribit
564 533 829 574 Marcellinus
868 547 1028 575 comes:
1077 532 1127 574 (le
1160 548 1243 589 quo
1276 533 1526 575 Theodorus
1559 534 1697 576 lector

226 588 294 630 lib.
313 587 352 639 2,
382 594 424 630 et
455 589 676 631 Ιοι·ῃ«ιηᾶε5
705 590 755 631 de
786 606 899 645 legn.
932 606 979 630 ac
1007 597 1131 644 temp.
1168 605 1322 631 succes.

310 645 430 759 d213,
460 661 499 703 5.
559 660 819 716 Νινιλίγμς]
863 664 1067 719 Lilingcm
1110 665 1369 718 pionunciat
1402 664 1553 705 citatus
1604 665 1697 705 Ιοι··

225 732 305 758 nan
338 733 376 759 es

336 786 429 842 214,
463 790 503 832 8.
535 788 719 844 Κυρτός]
748 791 919 833 Gibbum
953 792 1139 832 nonnulli
1170 792 1364 833 reddunt.

332 865 438 904 Ibid.
473 863 533 904 14.
591 863 833 919 Ζαμάσφης
866 863 889 905 ὅ
914 862 1028 921 anag]
1062 866 1280 906 Zambases
1311 865 1467 906 dicitur
1497 866 1695 919 Agathiae

221 921 292 962 lib.
321 920 369 972 4,
408 922 536 961 Blases
566 920 780 975 Procopio
825 922 876 963 de
909 922 1018 963 bello
1037 923 1239 963 Persico:
1273 928 1454 978 uterque
1487 922 1693 978 legendus.

220 975 536 1031 Πεξαμασφὸς,
582 979 785 1032 scriptum
818 979 999 1032 reperies
1041 993 1134 1032 pag.
1167 979 1388 1033 superiore
1426 978 1517 1030 117,
1553 986 1594 1019 et
1627 979 1693 1019 di-

218 1035 400 1075 ctionem
434 1035 543 1074 iuter
575 1035 708 1074 varias
741 1035 939 1075 lectiones
974 1036 1252 1076 emendatam.

332 1107 424 1158 215,
453 1106 494 1147 3.
555 1108 599 1147 ἐν
629 1107 687 1163 τῷ
727 1106 938 1160 χρονίζειν
980 1105 1051 1148 τὸν
1102 1104 1311 1161 πόλεμον]
1361 1109 1693 1164 quinquennium

216 1170 395 1205 testatur
425 1164 675 1204 Theodorus
706 1165 851 1215 lector,
884 1180 992 1218 pene
1013 1166 1248 1206 sexennium
1282 1166 1522 1216 lornandes,
1553 1180 1694 1205 sexen-

216 1222 330 1261 nium
368 1221 641 1262 Marcellinus,
711 1228 860 1262 auctor
891 1227 1043 1277 quurto
1090 1235 1198 1262 anno
1233 1222 1396 1263 finitum
1430 1222 1596 1264 videtur
1624 1235 1691 1262 as-

215 1293 367 1319 serere.

326 1363 429 1403 Iln'd.
466 1362 528 1403 15.
589 1365 640 1418 τῇ
686 1362 887 1419 λεγομένῃ
932 1362 1073 1419 σειόα]
1121 1364 1211 1418 lego
1257 1358 1542 1416 σειοομάστην
1576 1363 1688 1417 apud

217 1419 355 1474 ρῙιιιθε
385 1425 595 1471 auctores,
630 1421 680 1461 de
712 1437 796 1476 quo
838 1435 921 1460 non
951 1420 1087 1460 ieiune
1115 1420 1153 1459 in
1159 1395 1411 1459 ‘'Codinum.
1446 1422 1590 1470 σεῖραν
1622 1419 1690 1459 hic

214 1491 348 1532 neque
376 1487 536 1541 resterfz,
569 1492 703 1532 neque
733 1489 921 1517 catenam
958 1477 1274 1531 interpietabor
1296 1508 1308 1526 ,
1348 1476 1417 1516 sed
1445 1476 1582 1543 gladzi
1617 1491 1690 1530 ge-

214 1547 288 1572 nus
316 1529 626 1586 σειοοιιάστην,
663 1550 785 1590 quern
827 1533 1042 1574 Hesichius
1083 1530 1262 1587 λ’όγχηι,
1292 1530 1421 1588 δόρυ,
1459 1529 1691 1587 ῥωμφαιάν

219 1589 406 1644 exponit.

328 1660 815 1716 216‚1.Ma0u⁵0109
844 1659 917 1717 ἔτη
948 1658 983 1704 δ’
996 1669 1010 1713 ]
1051 1664 1128 1703 alia
1167 1662 1417 1717 exemplaiia
1449 1661 1589 1717 legunt
1619 1658 1690 1716 ἔτη

213 1716 266 1774 η’.
298 1716 470 1760 cidem’
453 1735 523 1773 ετη
570 1717 603 1773 η’
634 1721 782 1760 hibuit
811 1720 1082 1775 praemissum
1112 1720 1336 1759 canoniam
1370 1733 1468 1772 pag.
1500 1719 1691 1772 superio-

215 1791 287 1816 re:
319 1777 430 1816 unde
461 1783 598 1816 tamen
638 1777 699 1816 bis
735 1791 864 1816 annus
911 1777 1070 1831 primus
1103 1783 1339 1830 repetatur,
1373 1790 1448 1815 uec
1477 1790 1688 1816 auriolum

217 1840 314 1874 octo
348 1833 527 1886 spatium
558 1833 749 1873 obtineat
778 1833 818 1872 in
852 1834 1044 1874 omnibus
1075 1834 1289 1873 codicibus
1321 1832 1490 1887 ignoro.

327 1905 437 1945 Ibi-d
470 1908 536 1948 12.
597 1905 808 1961 Ειῗφημίω
836 1904 882 1944 δὲ
908 1906 968 1945 τηῖ
986 1901 1213 1961 ἐπισκόπῳ]
1238 1905 1499 1946 Mancellinus
1533 1903 1585 1945 ad
1616 1920 1692 1944 an-

217 1977 316 2002 num
351 1962 546 2002 Anastasii
588 1962 793 2016 quintum.
826 1961 1069 2017 anlzemius
1115 1965 1319 2018 episeopus
1361 1962 1445 2002 ΟΡ.
1478 1959 1599 2015 falso
1640 1962 1692 2001 ab

219 2019 434 2059 Anastasio
459 2019 645 2072 principe
677 2028 904 2068 accusatus,
936 2028 1055 2073 atque
1083 2019 1312 2068 damnatus,
1340 2022 1382 2058 in
1408 2019 1581 2059 eleium
1610 2018 1692 2058 du·-

217 2086 300 2117 ctu-5
327 2085 397 2115 est.
456 2074 710 2115 slieodorus
742 2076 872 2114 lecto·-
904 2076 943 2114 in
978 2075 1144 2130 reliquis
1176 2075 1466 2115 consulendus.

330 2152 508 2197 217‚15.
562 2145 755 2201 Ἰωάννης
784 2143 856 2201 ἔτη
887 2145 941 2202 θ’]
975 2148 1247 2189 Ecchclleusis
1279 2154 1473 2189 numerat
1503 2162 1630 2188 annos
1650 2147 1690 2202 8,

221 2207 305 2247 dies
336 2202 434 2246 224.

328 2278 445 2320 Ibicl.
483 2280 545 2322 19.
603 2276 835 2331 ἐπιδρομῆς
866 2276 947 2317 τῶν
990 2276 1225 2330 λεγοιιένων
1258 2275 1495 2342 Σκηνηταῖν]
1523 2274 1689 2332 Σκηνή-

216 2350 292 2383 τας
322 2335 489 2375 vocavit
517 2335 706 2388 superius
725 2335 965 2374 Saracenos.
998 2349 1144 2373 eolum
1174 2341 1337 2375 motum
1370 2335 1560 2374 breviter
1587 2349 1689 2387 per..

217 2393 384 2448 stiingit
410 2391 616 2447 Euagrius
650 2392 718 2432 lib.
750 2389 775 2430 3
813 2405 903 2445 cap.
938 2389 1003 2431 36.
1035 2391 1204 2441 Arabes,
1235 2390 1383 2431 scribit
1414 2390 1688 2432 Ecchellensis

217 2449 363 2489 histor.
398 2424 528 2492 Arabt.³
552 2463 645 2503 pag.
666 2449 767 2497 150,
797 2447 867 2487 “in
909 2447 1040 2498 cives,
1072 2449 1156 2487 sive
1186 2447 1402 2488 civitatum
1435 2447 1589 2487 incolas
1624 2448 1690 2487 di-

217 2506 514 2546 scriminantur
533 2535 545 2557 ,
589 2511 630 2545 et
661 2505 700 2544 in
745 2518 813 2544 eos
844 2504 916 2558 qui
946 2478 1216 2557 pe1⁷·dese1ta
1244 2511 1452 2559 perpetuo
1483 2511 1691 2557 vagantur

218 2563 310 2602 lma
340 2562 459 2603 nullis
490 2561 613 2602 certis
641 2560 817 2611 sedibus,
848 2559 917 2601 sed
943 2575 1013 2600 sua
1051 2561 1235 2601 tentoria
1259 2561 1319 2601 ibi
1345 2561 1489 2615 figunt,
1521 2560 1594 2600 ubi
1628 2575 1690 2600 res

218 2626 261 2658 et
293 2620 506 2660 necessitas
533 2619 770 2673 postulant,
798 2617 951 2671 pabula
980 2617 1060 2657 suis
1106 2617 1390 2672 quaeiitantes
1420 2617 1617 2657 armentis
1648 2623 1691 2657 et

218 2676 423 2730 gicgibus,
456 2689 560 2731 quos
591 2675 746 2715 St1abo
776 2674 962 2714 Scenitas
991 2674 1188 2729 appellat
1192 2677 1212 2694 ’²

316 2751 426 2800 218,
456 2749 495 2792 4
555 2743 798 2802 φυλάρχου]
829 2747 905 2799 τῆς
935 2745 1081 2799 χώρας
1100 2746 1346 2816 δυνάστην,
1377 2746 1548 2815 regioms
1570 2746 1691 2800 prin-

219 2804 347 2859 cipem
366 2803 436 2845 τὸν
457 2803 686 2859 φυὶάοχην
716 2804 886 2859 exponit
912 2804 1069 2845 suidas.
1097 2798 1159 2843 ότι
1192 2801 1240 2844 τά
1259 2803 1398 2856 gwala
1429 2799 1572 2843 αὐτῶν
1603 2815 1689 2856 φυ-
