1728 3184
200 166 303 229 ‘320
707 187 763 229 lN
801 187 1175 232 THEOPHANEM

315 302 381 355 27,
417 306 453 348 1.
513 301 809 352 Κωνστάντιος
839 303 886 346 ἐκ
907 302 1123 358 θυγατρὸς
1144 302 1413 358 Ἑρκουλλιόυ
1444 296 1674 359 Θεοδώρας

208 361 328 417 γεννᾷ
358 356 653 401 Κωνστάντιον
683 362 844 413 πατέρα
858 374 868 388 ’
903 361 1071 402 additur
1089 377 1214 402 manu
1234 363 1391 402 recenti
1411 360 1579 403 Γάλλου
1605 363 1678 403 καί

202 416 434 459 Ἰουλιανοῦ
458 416 536 458 τοῦ
562 415 833 470 παραβάτου.

316 489 431 531 Ibid.
461 489 502 533 3.
557 489 899 545 Ἁναβαλλιανὸν,
929 486 999 532 τὸν
1027 486 1102 530 καὶ
1126 488 1305 530 Γάλλον.

313 562 423 606 Ibid.
482 560 786 625 vaowbvrc'av
812 560 996 617 γαμετήν
1025 562 1236 605 Λικινίου.

313 638 425 679 Ibid.
457 637 495 678 5.
554 636 724 679 additur
752 638 905 679 iterum
933 638 1078 679 eadem
1108 653 1250 679 manu.
1281 634 1526 690 Δαλμὰτιον
1554 635 1598 687 ἐξ
1627 629 1679 677 οὗ

205 690 453 747 Δαλμάτιος
485 689 507 734 ὅ
539 693 642 742 νέος.

315 767 426 807 Ibid.
455 767 494 808 7.
550 767 596 807 ἐκ
625 766 671 807 δὲ
693 764 856 821 Ἑλένης
884 768 1010 823 γεννᾷ
1028 768 1353 809 Κωνσταντῖνον
1383 764 1457 807 καί
1481 767 1621 819 μόνον.

317 840 429 880 Ibid.
461 839 499 881 8,
559 834 581 878 ὅ
620 839 668 881 δὲ
706 840 840 893 μέγας
873 840 1191 889 Κωνσταντῖνος
1232 841 1278 881 ἐκ
1312 837 1514 888 Φαύστας
1542 841 1677 893 θυγα-

206 893 307 951 τρὸς
329 895 600 950 Ἑρκουλλιόυ
635 897 772 951 γεννᾷ.

317 969 424 1010 Ibid.
456 968 493 1010 9.
553 970 770 1023 Κρίσπον,
809 966 1130 1019 Κωνστὰντιον,
1173 968 1522 1022 Κωνσταντῖνον,
1550 965 1678 1010 Κών-

206 1030 380 1080 σταντὰ,
413 1026 487 1065 καί
506 1023 671 1080 Ἑλένην
700 1024 885 1079 γαμετὴν
904 1024 1140 1067 Ἰουλιανοῦ
1169 1026 1247 1064 τοῦ
1276 1022 1544 1078 παραβάτου.

320 1101 432 1142 Ibid.
470 1100 535 1140 12.
596 1101 827 1140 Anastasius
876 1099 1041 1140 diverso
1083 1100 1134 1139 ab
1178 1099 1239 1138 his
1291 1106 1407 1140 textu
1447 1100 1678 1140 Constantii

207 1157 454 1214 progeniem
485 1156 668 1197 deducit.

320 1231 424 1271 Ibid.
486 1229 734 1270 Constantius
761 1244 817 1269 ex
850 1229 1062 1269 Theodora
1079 1229 1179 1286 filia
1209 1228 1395 1269 Herculii
1417 1229 1547 1283 gignit
1573 1229 1677 1269 Con-

206 1289 424 1328 stantinum
460 1296 619 1343 patrem
652 1285 774 1326 Galli
811 1285 1070 1327 Dalmatici:
1107 1302 1163 1326 ex
1202 1288 1386 1343 quoficit
1420 1286 1680 1327 Dalmaticus

206 1346 345 1385 iunior
368 1344 525 1384 Iuliani
545 1344 893 1399 praevaricatoris
909 1342 1062 1396 smeer.

316 1416 429 1459 Ibid.
461 1415 526 1461 13.
585 1416 906 1457 Anaballianum
934 1416 1006 1473 qui
1034 1425 1073 1456 et
1103 1415 1267 1468 Gallus.

317 1490 432 1532 Ibid.
492 1491 764 1531 Constantiam
794 1504 967 1530 uxorem
999 1489 1159 1530 Licinii.

251 1620 268 1660 l
315 1563 432 1660 Ibide}
459 1560 524 1603 16.
586 1578 641 1604 ex
675 1562 845 1604 Helena
877 1577 975 1603 vero
1001 1563 1133 1617 gignit
1158 1562 1461 1603 Constantinum
1493 1575 1681 1616 magnum

203 1634 248 1660 so
267 1634 399 1660 ummo
429 1634 465 1660 o.

318 1693 424 1734 Ibid.
460 1692 522 1734 17.
600 1706 765 1747 magnus
800 1701 935 1732 autem
979 1692 1258 1733 Constantinus
1300 1707 1356 1733 ex
1391 1691 1552 1734 Fausta
1582 1692 1682 1748 filia

206 1749 394 1790 Herculii
419 1751 552 1804 gignit
567 1750 768 1804 Crispum,
803 1748 1094 1800 Constantium,
1130 1749 1445 1802 Constantinum,
1480 1750 1682 1791 Constan-

205 1816 296 1858 tem,
329 1816 369 1847 et
395 1806 599 1848 Helenam
626 1820 798 1847 uxorem
826 1805 983 1846 Iuliani
1027 1807 1209 1860 refugae.

317 1880 429 1922 Ibid.
487 1880 694 1921 Baronius
735 1879 788 1920 ad
833 1894 986 1920 annum
1018 1879 1173 1920 Christi
1202 1877 1285 1920 306
1327 1894 1439 1919 num.
1480 1878 1530 1920 21
1566 1879 1683 1920 Con-

206 1938 346 1979 stantii
376 1937 523 1978 Chlori
551 1938 708 1978 liberos
740 1936 862 1978 aliter
891 1943 1128 1977 enumerat:
1176 1944 1216 1977 et
1248 1951 1296 1977 ex
1328 1936 1480 1977 Helena
1514 1937 1683 1992 quidem

208 1995 530 2036 Constantinum
567 1995 702 2035 solum
738 1993 972 2048 suscepisse,
1013 2007 1060 2033 cx
1086 1992 1314 2034 Theodora
1346 2008 1447 2033 vero
1478 1994 1686 2034 Constan-

208 2053 342 2092 tinum
372 2058 540 2106 patrem
558 2052 665 2091 Galli
688 2057 729 2091 et
762 2050 924 2103 Iuliani,
956 2050 1209 2091 Dalmatiam
1231 2050 1495 2091 Annibalium
1525 2065 1682 2105 paren..

208 2115 293 2149 tem
323 2108 524 2148 Dalmatii
568 2107 765 2161 iunioris,
803 2107 887 2148 sive
928 2107 1206 2158 Dalmatiani,
1247 2113 1365 2148 etex
1400 2107 1699 2162 quorumdam,

207 2180 326 2206 sensu
371 2165 714 2206 Constantinum:
758 2165 860 2204 filias
906 2178 1033 2215 vero,
1080 2164 1366 2205 Constantiam
1405 2165 1568 2204 Licinio
1601 2180 1681 2204 nn..

207 2229 339 2282 ptum,
368 2222 622 2277 Eutropiam
651 2222 906 2276 Nepotiano,
939 2227 980 2262 et
1008 2225 1070 2273 (ut
1099 2227 1253 2277 putant
1284 2221 1366 2273 alii)
1401 2221 1670 2261 Anastasiam.

321 2297 427 2338 lbid.
461 2295 524 2337 15.
582 2310 632 2336 ac
668 2301 715 2336 ut
741 2295 996 2335 Dalmatiam
1028 2295 1078 2336 ab
1110 2295 1196 2335 aliis
1218 2294 1487 2350 repudiatum
1519 2301 1686 2346 asserat,

211 2352 262 2394 de
293 2353 442 2394 eodem
471 2353 604 2394 refert
633 2352 832 2406 Eutropii
872 2354 1157 2392 testimonium
1186 2352 1239 2392 ad
1273 2367 1427 2392 annum
1459 2349 1540 2392 337
1569 2367 1682 2394 num.

211 2407 278 2451 54.
307 2425 447 2451 verum
479 2409 710 2450 Delmatius
739 2409 811 2461 (ita
840 2409 988 2449 scribit
1029 2409 1197 2461 ibidem)
1231 2409 1381 2450 Caesar·
1403 2411 1688 2465 prosperrima

210 2467 359 2518 indole,
391 2482 516 2524 neque
541 2475 697 2522 patruo
728 2466 935 2517 absimilis,
965 2466 1087 2507 haud
1115 2467 1239 2506 multo
1266 2475 1363 2521 post
1391 2479 1602 2522 oppressus
1628 2473 1690 2504 est

192 2526 392 2578 factione
425 2524 602 2564 militari
613 2554 624 2574 ‚
669 2531 708 2563 et
750 2522 981 2563 Constantio
1014 2524 1199 2578 patruele
1239 2537 1307 2563 suo
1358 2524 1510 2563 sinente
1539 2523 1690 2578 potius,

142 2625 145 2631 Ι
211 2595 332 2636 quam
359 2581 526 2625 iubente.
585 2579 798 2634 subiungit
828 2595 938 2619 num.
970 2579 1036 2620 55.
1111 2595 1199 2619 cum
1231 2578 1438 2620 Delmatio
1447 2579 1550 2635 filio
1580 2578 1688 2618 Del..

212 2639 333 2678 matii
362 2641 501 2694 (quem
531 2637 582 2677 ad
616 2652 678 2676 an.
710 2633 792 2677 306
821 2651 933 2679 num.
966 2636 1016 2677 21
1051 2636 1318 2677 Annibalium
1347 2636 1473 2676 etiam
1503 2635 1688 2685 vocavit)

210 2694 356 2738 fratris
387 2694 627 2744 Constantii,
646 2707 750 2751 pene
774 2693 1002 2749 periclitati
1027 2703 1119 2735 sunt
1159 2693 1305 2734 Gallus
1333 2702 1370 2733 et
1397 2691 1691 2748 Iulianusfilii

215 2749 445 2792 Constantii
465 2752 626 2804 fratris·
657 2750 908 2792 Constantini
938 2760 1011 2790 etc.
1083 2765 1192 2805 quae
1223 2750 1353 2791 verba
1385 2749 1481 2791 satis
1509 2749 1686 2803 implexa

214 2821 262 2847 ex
293 2807 406 2847 dicto
439 2823 551 2848 num.
588 2807 638 2848 21
672 2808 804 2848 iucem
840 2820 1004 2848 omnem
1038 2808 1267 2861 accipiunt.
