1768 3268
547 203 618 246 Ex
667 202 1012 246 ΤΗΕΟΡΗΑΝΕ.
1419 196 1511 249 245

48 316 227 357 invicem
254 324 379 372 agere
404 317 535 359 iussit.
593 317 857 373 impulsiones
886 322 1025 360 autem
1052 318 1312 366 vehementes
1341 335 1391 362 ac
1415 335 1515 376 per-

47 373 252 414 cussiones
282 375 324 414 in
351 374 606 415 alterutrum
635 374 940 428 efficiebantur,
978 380 1021 416 et
1050 374 1215 416 habitus
1242 377 1339 418 belli
1371 383 1517 418 osten...

47 429 284 481 debentur,
325 436 500 486 eratque
545 431 748 472 horribile
788 431 878 472 visu
918 433 1217 485 spectaculum,
1242 434 1330 474 sine
1359 435 1514 475 timore

48 486 297 540 periculum,
328 493 370 527 et
401 487 454 527 ad
472 494 626 543 strages
654 488 832 542 impetus
861 489 950 528 sine
974 489 1184 543 sanguine,
1213 489 1284 529 sed
1312 496 1409 531 ante
1435 506 1512 531 ne-

45 542 277 583 cessitatem
304 543 554 585 necessitatis
596 545 741 596 modi,
770 545 965 599 quatinus
1002 546 1286 600 unusquisque
1313 554 1513 601 percepta

45 599 264 640 occasione
292 599 427 641 caedis
457 600 665 641 innocuae
694 601 829 641 tutior
867 607 1147 655 permaneret.
1203 602 1345 642 taliter
1375 610 1513 643 autem

44 655 214 696 armatis
242 657 435 698 omnibus
465 658 682 712 praecepit
711 657 763 697 ab
794 657 994 698 iniustitia
1024 658 1187 711 penitus
1224 658 1514 700 abstinendum

43 718 87 753 et
113 712 312 767 pietatem
351 713 607 754 sectandum.
677 727 813 768 porro
858 728 954 754 cum
990 715 1244 769 pervenisset
1284 714 1336 755 ad
1373 722 1512 770 partes

43 770 276 821 Armeniae,
294 784 575 824 praecurrere
602 770 718 812 iussit
746 769 914 811 electos.
945 772 1253 813 Saracenorum
1274 786 1377 812 vero
1413 778 1513 812 tunc

43 826 119 866 sub
147 826 280 880 pactis
307 827 530 867 Persarum
561 827 890 869 constitutorum
929 827 1156 868 multitudo
1187 828 1376 883 equitum
1408 828 1513 869 clam

43 882 84 921 in
116 883 416 937 imperatorem
446 883 611 924 irruere
638 883 932 925 meditabatur.
1000 884 1081 924 viri
1112 890 1251 925 autem
1279 885 1511 939 imperato-

43 938 120 990 ris,
147 939 219 995 qui
238 947 598 994 praecurrerant,
627 940 690 981 his
737 946 1005 980 occurrentes
1050 948 1291 994 praetorem
1323 943 1513 996 ipsorum

42 995 230 1035 vinctum
259 995 313 1036 ad
342 997 584 1037 Heraclium
622 998 910 1047 adduxerunt,
951 996 1111 1052 illisque
1147 998 1189 1038 in
1217 999 1357 1052 fugam
1385 1000 1512 1040 versis

41 1052 202 1092 multos·
224 1052 540 1094 interemerunt.
598 1054 696 1109 qnia
727 1068 829 1094 vero
858 1053 992 1094 hieme
1023 1054 1247 1095 accedente
1280 1056 1512 1109 imperator

41 1108 96 1148 ad
120 1108 342 1150 Ponticum
363 1110 483 1149 clima
505 1108 693 1158 divertit,
725 1111 857 1150 visum
886 1115 945 1150 est
963 1111 1152 1152 barbaris
1174 1111 1365 1152 obsidere
1395 1111 1510 1152 illum

39 1165 82 1204 in
111 1164 193 1204 hoc
219 1164 484 1206 hiemantem.
514 1173 558 1206 at
588 1167 656 1208 ille
680 1167 824 1208 Persas
856 1166 986 1206 latens
1018 1174 1146 1222 atque
1173 1167 1382 1208 divertens
1405 1169 1507 1209 Per·
1521 1171 1641 1219 p-469

37 1220 167 1262 sidem
205 1229 427 1276 properat.
493 1221 577 1262 hoc
617 1222 790 1264 barbari
828 1223 1002 1277 cognito
1045 1223 1088 1264 in
1130 1235 1358 1269 rancorem
1390 1238 1511 1266 causa

37 1277 239 1333 insperati
269 1279 404 1319 aditus
425 1277 697 1324 devenerunt.
757 1279 963 1320 sarbarus
991 1294 1108 1333 vero,
1138 1281 1362 1321 Persarum
1383 1296 1511 1336 prae-

38 1341 133 1385 tor,
165 1343 341 1387 accepto
382 1341 607 1389 potentatu
650 1351 724 1377 suo
757 1336 870 1377 venit
901 1336 943 1375 in
985 1337 1194 1387 Ciliciam,
1239 1338 1437 1392 quatinus
1469 1339 1510 1378 in

36 1391 284 1431 Romaniam
312 1405 495 1446 egressus
535 1391 648 1432 hunc
677 1391 778 1433 dare
821 1391 993 1432 dorsum
1022 1393 1305 1447 compelleret..
1363 1395 1510 1435 timens

37 1455 178 1488 autem
208 1462 262 1488 ne
291 1462 372 1501 per
411 1449 650 1488 Armeniam
692 1449 733 1489 in
774 1449 988 1489 Persidem
1034 1450 1267 1504 imperator
1308 1450 1510 1505 ingressus

36 1504 146 1544 hanc
172 1504 391 1554 turbaret,
437 1510 608 1545 coactus
639 1512 700 1546 est
728 1506 846 1559 sequi
875 1512 971 1559 post
999 1506 1234 1546 Romanum
1266 1506 1509 1557 exercitum,

34 1560 171 1602 furari
199 1575 348 1602 curans
378 1560 547 1612 bellum,
575 1567 617 1603 et
645 1576 725 1616 per
754 1562 978 1602 obscuram
1000 1561 1170 1617 aggredi
1199 1570 1379 1608 noctem.
1437 1564 1509 1605 sed

34 1633 57 1658 e
86 1624 235 1658 contra
265 1617 411 1672 plenae
453 1617 576 1659 lunae
601 1624 692 1660 tota
728 1624 853 1659 nocte
886 1617 979 1659 luce
1010 1619 1217 1673 fulgente,
1246 1620 1509 1662 cavillatione

35 1674 255 1715 frustratus
277 1679 358 1724 est,
392 1681 434 1715 et
463 1673 626 1725 lunam,
657 1690 764 1730 quae
791 1674 868 1714 sibi
896 1675 1012 1729 prius
1042 1675 1084 1715 in
1114 1676 1231 1716 cultu
1259 1678 1409 1729 fuerat,
1447 1678 1508 1719 in-

33 1731 239 1781 famabat,
286 1745 394 1787 quae
436 1731 629 1772 videlicet
669 1731 854 1786 eclipsim
897 1746 945 1772 ex
982 1731 1198 1773 accidente
1228 1732 1400 1774 tulisset.
1459 1749 1508 1775 ex

32 1787 116 1828 boc
150 1802 252 1843 ergo
288 1787 547 1828 formidabat
574 1788 781 1829 sarbarus
825 1803 922 1828 cum
963 1788 1221 1843 imperatore
1261 1790 1508 1831 conflictum

32 1845 230 1900 aggredi,
270 1851 315 1885 et
340 1850 527 1884 montem
569 1845 810 1886 conscendit
853 1844 970 1899 quasi
997 1844 1212 1896 dorcades,
1246 1845 1421 1888 intuitus
1454 1847 1506 1887 ab

32 1900 191 1942 excelso
218 1902 374 1942 bonam
403 1906 445 1941 et
471 1901 651 1956 sapienti
682 1902 963 1956 compositam
993 1909 1086 1942 arte
1127 1901 1318 1943 militiam
1347 1905 1503 1945 Roma-

32 1972 199 1998 norum.
257 1958 487 2012 Comperta
518 1973 620 1998 vero
651 1958 887 2013 imperator
921 1958 1075 1999 horum
1102 1959 1332 2000 formidine
1364 1960 1405 2000 in
1437 1961 1503 2001 lo-

28 2015 85 2054 cis
114 2014 366 2055 morabatur
395 2015 661 2069 requietione
682 2014 859 2066 refertis,
888 2013 1001 2055 hunc
1022 2014 1074 2055 ad
1104 2015 1262 2055 bellum
1291 2017 1502 2071 instigans.

29 2070 324 2111 descendentes
356 2078 494 2111 autem
526 2071 632 2111 clam
654 2071 706 2112 de
735 2077 881 2112 monte
909 2086 1031 2126 saepe
1056 2071 1276 2112 conflictus
1308 2076 1499 2114 concita-
1511 2078 1629 2125 p.470

27 2127 141 2178 bant,
170 2127 241 2166 sed
271 2127 313 2167 iu
343 2128 501 2167 cunctis
521 2128 701 2168 Romani
730 2128 960 2183 primatum
990 2129 1202 2182 tenebant,
1233 2135 1275 2169 et
1302 2130 1501 2170 fiduciam

27 2183 280 2238 peramplius
308 2184 511 2233 exercitus
541 2185 788 2236 obtinebat,
815 2184 1005 2225 videntes
1033 2185 1333 2239 imperatorem
1361 2187 1500 2241 profi-

28 2242 206 2281 cientem
249 2241 290 2280 in
320 2240 515 2280 omnibus
554 2247 597 2281 et
630 2241 833 2282 audacter
858 2241 1186 2296 belligerantem.
1244 2242 1369 2282 Persa
1396 2257 1496 2283 vero

26 2298 197 2351 quidam
227 2302 322 2336 ante
350 2297 479 2337 breve
509 2303 669 2352 tempus
700 2298 903 2353 profugus
934 2299 1046 2338 inter
1076 2298 1342 2352 imperatoris
1375 2313 1496 2338 exer-

24 2355 158 2394 citum
186 2353 558 2393 annumerabatur.
631 2354 701 2394 hic
743 2355 903 2409 fugiens
942 2353 994 2394 ad
1036 2355 1184 2395 Persas
1214 2356 1329 2405 abiit,
1354 2355 1496 2394 existi-

21 2424 136 2451 mans
164 2425 235 2451 eos
254 2412 543 2451 Romanorum
581 2411 930 2451 exterminaturos
957 2412 1197 2451 exercitum.
1228 2426 1322 2452 cum
1353 2418 1495 2451 autem

21 2467 289 2508 formidinem
319 2481 466 2506 eorum
502 2465 685 2517 vidisset,
726 2473 822 2521 post
861 2466 1068 2506 decimum
1108 2468 1217 2507 diem
1255 2467 1408 2507 iterum
1437 2467 1493 2508 ad

20 2523 321 2577 imperatorem
348 2523 485 2572 venit,
515 2528 558 2563 et
584 2539 749 2563 omnem
783 2523 943 2578 liquido
975 2524 1257 2565 barbarorum
1288 2537 1492 2577 pavorem

20 2580 162 2620 edixit.
217 2586 260 2620 at
307 2594 408 2620 vero
440 2579 645 2619 sarbarus
676 2579 787 2620 ultra
829 2581 1210 2620 commorationem
1240 2593 1323 2618 non
1354 2581 1490 2621 ferens

20 2651 43 2676 a
73 2642 218 2677 monte
243 2642 413 2681 coactus
458 2641 517 2675 est
545 2635 598 2676 ad
642 2637 846 2691 praelium
876 2637 1104 2691 proficisci.
1162 2636 1203 2675 in
1232 2642 1316 2676 tres
1350 2642 1489 2677 autem

17 2698 157 2747 partes
190 2692 327 2732 divisis
355 2692 604 2733 exercitibus
649 2693 864 2734 descendit
899 2698 1071 2747 repente
1115 2693 1375 2732 illucescente
1407 2692 1487 2743 die,

18 2755 114 2789 ante
142 2749 236 2789 solis
265 2764 500 2797 ascensum,
531 2756 805 2803 praeparatus
847 2749 899 2789 ad
939 2750 1107 2791 bellum.
1167 2754 1209 2786 at
1238 2749 1483 2804 imperator,

14 2806 247 2859 praesciens
277 2806 370 2856 boc,
405 2804 573 2845 ordinat
603 2806 804 2846 exercitus
835 2806 875 2845 in
908 2813 991 2845 tres
1021 2819 1152 2859 acque
1183 2803 1405 2861 phalanges
1434 2805 1487 2846 ad

150 2888 389 2935 Theophanes
414 2890 466 2923 Il.
1181 2887 1225 2921 10
