1768 3268
241 211 303 256 32
460 207 746 253 ANASTASlI
788 206 1050 250 HISTORIA
1095 203 1511 249 ECCLESIASTICA

241 317 392 357 cientes
420 314 536 356 iussit
565 313 740 354 auferri.
771 318 812 353 at
843 312 909 353 ille
939 311 1132 366 pluribus
1163 310 1413 351 Iudaeorum
1441 308 1605 349 milibus
1625 315 1720 350 tru-

240 373 384 414 cidatis
414 385 578 428 praeses
610 371 787 411 Iudaeae
817 374 1047 425 propterea
1088 367 1372 410 constituitur.

111 451 227 496 p2fi58
350 444 500 485 Mundi
530 457 641 484 anno
672 442 803 495 5609,
833 441 996 484 divinae
1038 440 1336 482 incarnationis
1367 453 1477 481 anno
1516 436 1610 490 109,
1638 439 1723 479 Ae-

238 504 315 544 lius
348 502 555 543 Adrianus
584 501 819 555 imperans,
867 498 1089 550 Quadrato
1130 497 1421 552 apostolorum
1463 495 1648 536 auditori
1682 501 1725 537 et

237 559 409 601 Aristidi
440 557 678 599 Atheniensi
710 555 963 611 philosopho
1001 570 1084 609 pro
1116 554 1358 594 Christianis
1389 553 1467 594 sibi
1498 552 1723 594 scribenti-

236 617 326 668 bus,
357 629 520 657 necnon
562 620 604 655 et
638 613 842 655 Serennio
873 611 1103 652 clarissimo
1147 610 1241 651 duci
1274 609 1476 652 scribenti
1521 609 1724 650 iniustum

238 676 333 715 sore
360 673 446 712 sine
474 669 629 712 iudicio
663 669 920 710 Christianos
949 668 1109 720 occidi,
1152 668 1300 709 scribit
1329 667 1512 708 Minutio
1542 667 1723 707 Funano

238 728 486 785 proconsuli
510 729 628 769 Asiae
657 726 865 769 neminem
895 725 1176 767 occidendum
1217 740 1301 766 non
1338 729 1524 766 exstante
1552 738 1724 765 accusa-

240 794 336 829 tore
366 793 408 827 et
437 784 628 826 crimine.

106 866 228 911 p.660
353 858 500 901 Mundi
531 871 641 899 anno
671 855 795 909 5621,
827 855 990 897 divinae
1020 854 1319 896 incarnationis
1363 869 1474 895 anno
1512 853 1607 905 121,
1638 854 1725 894 Ha-

240 915 408 957 drianus
455 914 566 970 apud
596 914 777 956 Athenas
807 920 1031 964 moratur,
1065 912 1150 953 illic
1181 911 1458 953 bibliothecas
1491 911 1724 953 constituit.

239 973 400 1014 Iudaeis
436 986 536 1013 vero
568 971 742 1027 pessima
773 976 888 1011 sorte
918 969 1074 1025 punitis
1103 969 1261 1010 bellum
1295 968 1412 1025 quod
1445 967 1641 1009 adversus
1677 968 1726 1008 il-

238 1029 298 1069 los
326 1030 565 1084 agitabatur
601 1030 727 1069 finem
763 1027 939 1078 habuit,
971 1026 1133 1067 excidio
1168 1027 1470 1083 Hierosolymis
1503 1026 1726 1066 novissime

239 1085 444 1137 desolatis,
473 1086 532 1126 ita
573 1091 621 1126 ut
650 1099 727 1126 nee
757 1083 859 1139 lapis
887 1098 1015 1139 super
1052 1082 1246 1138 lapidem,
1277 1083 1508 1124 secundum
1540 1083 1723 1123 divinam

27 1148 151 1193 p-661
183 1147 411 1194 11vocem,
451 1142 504 1183 sit
534 1141 576 1181 in
605 1157 651 1182 ea
684 1142 873 1182 relictus.
944 1155 1024 1195 per
1053 1140 1164 1181 idem
1195 1145 1359 1194 tempus
1387 1140 1654 1181 Phavorinus
1684 1147 1728 1180 et

237 1200 432 1242 Palaemo
466 1198 656 1239 rhetores
686 1198 884 1253 insignes,
930 1212 1007 1237 nec
1050 1211 1135 1237 non
1165 1202 1207 1237 et
1246 1197 1437 1238 Herodes
1466 1197 1728 1238 Atheniensis

240 1263 282 1297 et
310 1258 473 1296 Marcus
501 1254 721 1311 Byzantius
756 1254 947 1295 rhetores
968 1253 1251 1294 habebantur.
1283 1268 1420 1308 porro
1449 1261 1548 1309 post
1579 1254 1726 1308 loseph

239 1312 632 1367 Hierosolymorum
666 1310 784 1352 Iudas
815 1310 1043 1351 ordinatur
1071 1309 1320 1365 episcopus,
1351 1311 1403 1351 ad
1432 1311 1550 1352 cuius
1578 1326 1727 1352 secun-

241 1369 340 1410 dum
370 1384 525 1409 annum
564 1367 851 1423 perduravere
880 1382 903 1409 e
943 1367 1265 1408 circumcisione
1303 1368 1489 1424 episcopi
1524 1369 1592 1409 15.
1651 1369 1728 1409 sub

242 1441 326 1482 quo
354 1425 547 1467 videlicet
575 1425 812 1480 perfectum
847 1430 890 1465 et
931 1430 1165 1465 extremum
1194 1424 1353 1465 factum
1385 1431 1448 1466 est
1478 1424 1659 1466 civitatis
1687 1432 1730 1465 ct

243 1482 422 1524 nationis
455 1482 709 1523 ludaeorum
741 1480 960 1522 excidium.
1022 1495 1125 1536 ergo
1147 1481 1307 1536 primus
1333 1495 1381 1524 cx
1401 1482 1594 1538 gentibus
1609 1483 1731 1523 Mar-

244 1554 314 1581 cus
344 1541 424 1580 suit
444 1539 838 1595 Hierosolymorum
858 1539 1079 1594 episcopus
1111 1538 1227 1579 annis
1258 1538 1300 1582 8.

104 1631 141 1669 p.
159 1622 229 1658 (362
354 1611 500 1653 Mundi
527 1627 636 1652 anno
669 1611 806 1664 5630,
855 1606 1021 1653 divinae
1061 1612 1362 1653 incarnationis
1404 1626 1516 1654 anno
1550 1611 1643 1665 130,
1676 1614 1728 1658 T.

241 1670 473 1711 Antoninus
505 1676 786 1724 cognomento
809 1669 908 1710 Pius
939 1684 1037 1709 cum
1066 1669 1159 1709 filiis
1192 1670 1387 1724 imperat.
1420 1669 1599 1710 Iustinus
1629 1669 1729 1725 phi-

241 1726 438 1782 losophus
468 1741 549 1780 pro
582 1727 686 1767 recti
715 1726 919 1767 sermonis
948 1726 1083 1767 nostri
1105 1727 1271 1767 ratione
1300 1726 1457 1767 librum
1486 1727 1728 1782 apologeti-

242 1798 336 1823 cum
354 1783 565 1824 Antonino
592 1784 794 1837 porrexit.
853 1798 933 1837 per
962 1789 1156 1837 tempora
1189 1798 1284 1824 sane
1298 1783 1451 1839 Hygini
1481 1790 1524 1824 ct
1552 1784 1618 1824 Pii
1636 1785 1727 1824 Ro-

241 1853 463 1880 manorum
492 1839 787 1894 episcoporum
807 1854 938 1895 usque
969 1840 1020 1880 ad
1038 1841 1258 1881 Anicetum
1281 1841 1528 1882 Valentinus
1559 1847 1601 1882 et
1620 1842 1728 1882 Cer..

243 1897 298 1937 do
331 1903 521 1938 auctores
549 1896 771 1937 Marcionis
816 1897 1035 1938 haereseos
1066 1898 1180 1953 apud
1214 1898 1364 1938 urbem
1397 1898 1577 1938 Romam
1605 1899 1728 1939 fuisse

245 1960 488 1993 noscuntur.
566 1953 765 1994 Arrianus
822 1954 1097 2009 philosophus
1156 1954 1479 1996 Nicomediensis
1549 1961 1728 2010 praetor

113 2030 147 2065 p.
163 2019 231 2055 663
246 2010 510 2064 agnoscitur,
542 2025 703 2051 necnon
737 2017 779 2051 et
809 2012 1007 2051 Maximus
1036 2012 1214 2067 Tyrius,
1261 2012 1511 2067 Apollonius
1546 2012 1728 2064 Stoicus,

245 2066 547 2107 Chalcedonius
565 2098 575 2117 ,
605 2067 797 2108 Basilides
827 2069 1212 2123 Scythopolitanus.
1286 2069 1354 2110 isti
1384 2069 1511 2110 etiam
1539 2070 1729 2125 magistri

243 2123 457 2164 Verissimi
488 2123 670 2164 Caesaris
712 2125 954 2166 extiterunt.
1033 2126 1196 2167 Criscus
1227 2127 1400 2182 cynicus
1447 2126 1727 2182 philosophus

241 2181 400 2221 Iustino
431 2179 573 2220 divino
612 2180 865 2236 philosopho
907 2188 1053 2223 nostro
1084 2183 1284 2240 martyrii
1313 2189 1497 2225 mortem
1527 2189 1729 2226 constru-

241 2237 313 2289 xit,
344 2235 592 2292 redargutus
627 2238 678 2278 ab
710 2253 760 2278 eo
795 2240 932 2279 canini
963 2240 1154 2281 latratus.

355 2309 502 2350 Mundi
533 2323 641 2350 anno
673 2308 796 2362 5640,
826 2310 989 2355 divinae
1018 2313 1322 2355 incarnationis
1358 2327 1468 2354 anno
1503 2312 1597 2365 140,
1628 2313 1726 2354 Pius

109 2384 146 2420 p.
162 2367 454 2410 664Romanus
479 2366 716 2407 habebatur
746 2367 991 2424 episcopuS,
1033 2371 1107 2412 sub
1144 2385 1230 2426 quo
1267 2369 1532 2426 Polycarpus
1567 2371 1728 2412 Romae

243 2423 397 2464 multos
429 2423 596 2468 reduxit
626 2423 677 2463 ab
707 2423 881 2469 haeresi.

357 2496 503 2537 Mundi
532 2512 643 2538 anno
670 2495 804 2550 5653,
838 2498 1001 2540 divinae
1042 2501 1341 2543 incarnationis
1371 2516 1483 2542 anno
1517 2499 1612 2554 153,
1638 2501 1727 2542 Ρο-

248 2551 441 2607 lycarpus
458 2555 662 2610 Smyrnae
694 2568 810 2595 sacer
841 2557 1055 2611 episcopus
1085 2573 1166 2612 pro
1183 2559 1349 2600 Christo
1381 2557 1591 2614 martyrio
1620 2572 1728 2598 con..

248 2609 440 2660 sumitur,
470 2624 565 2650 cum
593 2610 852 2665 imperarent
885 2615 943 2653 M.
969 2617 1158 2655 Aurelius
1181 2616 1431 2666 Antoninus,
1464 2615 1537 2669 qui
1567 2620 1610 2655 et
1639 2616 1728 2655 Ve-

110 2677 233 2723 p‚665
250 2681 332 2716 rus,
363 2666 598 2721 Luciusque
626 2667 816 2708 Aurelius
845 2674 886 2708 et
919 2671 1183 2712 Commodus.
1255 2673 1377 2714 multi
1410 2686 1583 2728 quoque
1613 2672 1729 2726 apud

249 2721 400 2763 Gallias
428 2723 610 2777 legitime
649 2739 731 2778 pro
762 2724 928 2766 Christo
980 2734 1263 2781 certaverunt,
1303 2744 1486 2785 quorum
1516 2723 1726 2782 passiones

249 2780 431 2832 scriptae
459 2786 554 2820 sunt
574 2780 614 2820 in
645 2782 847 2821 memoria
878 2789 1160 2837 posterorum.
1219 2787 1365 2827 Melito
1385 2785 1725 2826 Sardianensium

250 2835 405 2892 Lydiae
435 2836 648 2892 episcopus
666 2838 864 2893 pollebat,
897 2840 965 2895 qui
990 2841 1142 2882 librum
1162 2843 1469 2900 apologeticum
1500 2857 1580 2898 pro
1596 2841 1722 2883 Chri-
