1768 3268
535 255 608 294 Ex
647 253 996 296 TIIEOPHANE.
1414 254 1506 298 177

39 365 157 406 dreas
183 365 348 406 situlam
379 365 494 407 dedit
522 382 612 408 eam
641 367 682 407 in
701 366 900 407 verticem
932 368 1211 421 imperatoris,
1241 374 1284 409 et
1312 369 1508 423 protinus

40 423 163 474 sugit.
221 428 282 462 ast
310 423 546 476 imperator
574 438 671 463 cum
699 423 939 463 tardaretur
968 423 1010 462 in
1041 423 1189 463 balneo
1207 454 1220 471 ‚
1251 425 1436 466 insiliunt
1464 426 1508 465 hi

43 479 117 534 qui
146 479 410 529 foris-erant,
432 486 474 519 et
502 481 720 534 reperiunt
747 480 1044 533 imperatorem
1074 481 1269 519 occisum.
1328 497 1414 536 quo
1442 497 1511 521 se·-

40 536 161 589 pulto
191 535 360 575 Minium
389 536 598 590 quendam
627 536 870 575 Armenium
899 537 1207 589 imperatorum
1236 538 1438 588 fecerunt,
1468 539 1509 577 vi

41 598 236 646 cogentes
263 590 375 631 hunc
393 606 406 632 ε
444 598 536 632 erat
570 591 679 632 enim
721 591 840 632 valde
880 591 1057 632 decorus
1085 597 1128 631 et
1157 593 1377 646 speciosus.
1434 610 1510 633 au..

40 646 131 687 dito
164 654 385 701 praeterea
414 648 707 688 Constantinus
751 647 880 702 patris
905 649 1026 688 obitu
1056 662 1151 687 cum
1181 649 1312 688 multo
1346 651 1510 704 navigio

40 704 83 742 in
107 703 289 743 Siciliam
318 704 451 753 venit,
497 706 544 745 et'
590 719 800 759 aggressus
830 704 999 744 Mizinm
1040 703 1152 743 hunc
1181 705 1392 744 interfecit
1417 720 1512 745 cum

40 760 296 800 occisoribus
324 760 457 814 patris
482 760 567 811 sui,
598 766 641 801 et
675 760 878 800 ordinatis
911 761 1117 814 Hesperiis
1154 761 1512 815 Constantinopo-

42 817 113 855 lim
142 817 293 867 rediit,
330 823 374 856 et
419 817 614 858 Romanis
663 831 746 856 una
775 831 871 856 cum
899 817 1074 858 Tiberio
1113 822 1156 857 et
1196 817 1391 858 Heraclio
1422 820 1512 858 fra-

40 873 175 912 trihus
209 873 401 927 imperat.

147 958 267 996 Anno
295 955 437 1011 primo
472 956 638 1011 imperii
668 957 929 998 Constantini
951 955 1093 996 decem
1127 962 1169 997 et
1207 962 1363 1011 septem
1395 956 1511 996 annis
1524 964 1558 999 P·
1578 953 1648 989 539
1676 954 1718 987 ¹0

39 1012 279 1066 imperantis
308 1019 533 1053 moverunt
573 1013 766 1053 Saraceni
800 1014 1027 1054 exercitum
1067 1014 1106 1053 in
1139 1014 1335 1063 Africam,
1366 1020 1408 1053 et
1439 1029 1511 1053 ca-

38 1069 154 1122 ptiva
190 1068 397 1109 duxerunt
442 1069 579 1121 milia,
605 1075 652 1108 ut
694 1071 857 1120 ferunt,
889 1069 1144 1123 octuaginta.
1200 1084 1336 1123 porro
1365 1069 1408 1109 hi
1438 1071 1510 1125 qui

41 1125 319 1167 Orientalium
359 1131 479 1165 erant
507 1125 848 1180 provinciarum,
884 1125 1176 1180 Chrysopolim
1205 1132 1413 1166 venerunt
1445 1127 1512 1166 di-

39 1187 176 1222 centes
217 1181 277 1221 “si
318 1181 357 1221 in
403 1182 636 1221 trinitatem
676 1182 904 1232 credimus,
941 1189 1024 1221 tres
1069 1182 1192 1222 etiam
1223 1185 1509 1223 coronemus.'⁷

39 1237 230 1277 turbatus
259 1252 361 1292 ergo
399 1243 459 1276 est
490 1238 785 1277 Constantinus
817 1253 866 1278 eo
897 1237 1012 1293 quod
1051 1238 1138 1292 ipse
1164 1239 1271 1278 solus
1294 1239 1510 1279 redimitus

39 1294 348 1342 esset3'fratres
394 1300 532 1333 autem
577 1294 660 1333 eius
703 1294 858 1333 nullam
897 1294 1140 1348 dignitatem
1175 1294 1398 1335 habebant
1469 1300 1511 1335 et

38 1349 158 1389 misso
196 1349 428 1393 Theodoro
459 1349 663 1404 pratricio
695 1350 895 1390 Coloniae
923 1350 1130 1404 mitigavit
1156 1365 1248 1402 eos,
1290 1353 1509 1405 superlau-

32 1405 138 1445 dans
167 1405 272 1458 ilIos,
301 1411 342 1446 et
383 1406 596 1460 assumptis
626 1421 673 1446 ex
701 1407 756 1446 eis
786 1406 1012 1446 maioribus
1043 1413 1157 1457 natu,
1189 1412 1236 1446 ut
1263 1408 1410 1447 urbem
1441 1409 1510 1447 in-

37 1462 316 1516 grederentur
345 1468 387 1502 et
409 1476 504 1501 cum
529 1469 672 1502 senatu
692 1462 847 1503 inirent
871 1463 1102 1517 consilium,
1133 1469 1179 1502 ut
1213 1463 1332 1503 lieret
1360 1464 1510 1503 volun·

37 1523 95 1557 tas
125 1533 285 1557 eorum.
343 1517 578 1572 imperator
617 1518 759 1559 taliter
788 1518 863 1559 hos
890 1518 1084 1572 deceptos
1112 1519 1330 1559 confestim
1358 1520 1399 1559 in
1430 1535 1510 1574 pa-

37 1574 172 1614 tibulo
212 1573 443 1628 suspendit,
480 1581 591 1614 trans
631 1575 783 1614 fretum
823 1575 864 1613 in
911 1575 1048 1630 Syces.
1118 1581 1162 1614 at
1197 1576 1254 1615 illi
1295 1575 1377 1616 hoc
1417 1577 1504 1615 viso

36 1631 192 1671 confusi
221 1631 416 1670 abierunt
444 1630 638 1671 dolenter
674 1630 727 1670 ad
756 1631 952 1684 propria:
982 1631 1218 1686 imperator
1247 1638 1387 1672 autem
1416 1633 1505 1672 fra..

35 1694 149 1727 trum
179 1701 351 1727 suorum
379 1687 580 1726 continuo
609 1701 725 1726 nasos
756 1686 943 1730 abscidit.

147 1769 267 1806 Anno
301 1766 464 1820 imperii
496 1765 755 1806 Constantini
797 1765 978 1806 secundo
1023 1771 1243 1819 tempestas
1271 1779 1416 1818 magna
1447 1765 1505 1805 ef·
1519 1768 1633 1814 [2540
1666 1766 1690 1801 4

37 1822 142 1862 fecta
169 1828 244 1873 cst,
274 1828 317 1862 et
345 1822 464 1862 multi
489 1822 713 1876 periclitati
735 1829 830 1862 sunt
861 1829 943 1861 tam
968 1822 1154 1862 homines
1183 1837 1308 1877 quam
1338 1820 1506 1862 hestiae.

33 1878 231 1918 Phadalas
261 1885 401 1919 autem
430 1877 608 1918 hiemem
636 1878 747 1933 apud
780 1878 975 1934 Cyzicum
1002 1878 1114 1918 fecit.

141 1958 262 1996 Anno
291 1957 456 2012 imperii
487 1956 747 1997 Constantini
784 1956 912 1997 tertio
941 1958 1077 1997 Busur
1105 1971 1201 1996 cum
1225 1955 1365 1995 hostili
1397 1970 1503 2009 pro-

33 2011 163 2052 fectus
196 2019 256 2053 est
283 2019 505 2068 apparatu,
539 2019 582 2054 et
610 2013 800 2068 plurimis
838 2013 1010 2068 captivis
1046 2013 1178 2053 ductis
1211 2026 1396 2053 reversus
1430 2018 1501 2052 est.

140 2090 285 2131 Mundi
316 2106 425 2132 anno
456 2087 580 2142 6164,
609 2092 771 2132 divinae
800 2091 1097 2132 incarnationis
1127 2106 1237 2131 anno
1261 2085 1357 2142 664,
1390 2105 1499 2130 anno

31 2161 133 2187 vero
164 2147 327 2201 imperii
348 2148 607 2188 Constantini
638 2153 792 2203 quarto
811 2148 1010 2202 apparuit
1044 2148 1113 2187 lris
1144 2149 1184 2187 in
1218 2148 1334 2187 caelo
1364 2162 1502 2187 meuse

29 2203 203 2254 Martio,
230 2209 272 2243 ct
314 2204 486 2245 tremuit
515 2205 646 2245 omnis
675 2219 789 2255 caro,
830 2205 884 2243 ita
918 2211 966 2244 ut
994 2203 1183 2244 dicerent
1214 2218 1354 2244 omnes
1385 2203 1500 2258 quod

29 2259 330 2299 consummatio
360 2265 431 2303 est.
502 2260 650 2301 eodem
681 2276 789 2300 anno
825 2261 933 2301 stolo
968 2275 1118 2314 magno
1151 2258 1395 2300 constructo
1427 2273 1499 2299 ne·

29 2321 195 2368 gatores
226 2315 379 2355 Christi
410 2317 604 2358 Muamed
650 2324 692 2357 et
720 2317 857 2356 Caisus
898 2316 1197 2370 navigaverunt
1227 2319 1266 2355 in
1299 2315 1497 2365 Ciliciam,

29 2377 71 2410 et
102 2371 391 2412 hiemaverunt
422 2386 545 2426 penes
572 2374 793 2428 Smyrnam
820 2373 1007 2412 Ciliciam
1038 2381 1080 2414 et
1107 2373 1290 2428 Lyciam,
1321 2378 1362 2410 et
1388 2372 1499 2411 facta

30 2434 90 2466 est
109 2428 340 2469 mortalitas
357 2428 397 2467 in
415 2433 615 2484 Aegypto,
643 2430 782 2469 missus
798 2436 936 2469 autem
957 2434 1017 2470 est
1031 2444 1172 2470 saevus
1196 2429 1372 2469 amireus
1402 2441 1498 2466 cum

29 2483 109 2522 alio
142 2498 312 2540 quoque
357 2486 464 2524 stolo
491 2486 532 2524 in
564 2485 759 2525 auxilium
784 2486 984 2540 ipsorum,
1017 2492 1166 2540 utpote
1205 2483 1497 2537 congruentis..

27 2539 148 2579 simus
193 2547 235 2581 et
275 2540 405 2580 audax
447 2540 497 2580 ad
525 2541 742 2595 praelium.
810 2549 853 2582 at
883 2557 984 2582 vero
1015 2543 1226 2596 praelatus
1255 2539 1496 2578 Constanti..

28 2609 115 2646 nus,
143 2595 380 2637 huiusmodi
414 2597 537 2637 deum
563 2598 895 2652 impugnantium
924 2598 1115 2638 adversus
1139 2597 1496 2649 Constantinopo-

26 2651 96 2691 lim
127 2660 240 2693 motu
272 2660 517 2708 comperto,
550 2654 781 2694 construxit
818 2661 860 2694 ct
890 2655 974 2708 ipse
1014 2655 1147 2695 bieres
1177 2654 1307 2692 mirae
1337 2651 1497 2705 magni-

26 2707 195 2762 tudinis,
224 2709 360 2763 ignem
386 2710 579 2761 ferentes,
608 2717 734 2765 atque
771 2709 1010 2750 dromones,

135 2794 258 2833 Anno
286 2793 451 2847 imperii
474 2794 734 2834 Constantini
761 2796 908 2849 quinto
938 2792 1175 2848 praedictus
1206 2791 1329 2831 deum
1360 2792 1544 2846 impu-p.
1562 2800 1629 2836 541
1653 2799 1678 2833 3

25 2849 240 2900 guantium
268 2851 394 2890 stolus
423 2850 641 2891 ascendens
665 2851 867 2906 applicuit
897 2851 939 2890 in
967 2848 1270 2889 Thracensibus
1292 2849 1496 2902 partibus,

175 2931 414 2980 Theophanes
445 2935 497 2968 ll.
1201 2930 1243 2963 12
