1768 3268
568 190 638 231 Ex
688 187 1037 231 THEOPHANE.
1448 186 1468 225 1
1477 179 1541 227 09

65 306 117 347 ad
149 305 444 363 Myriwgeloe,
473 304 516 345 id
542 311 604 346 est
623 305 828 357 Ger-mins,
857 304 1006 345 urbem
1021 302 1226 343 Galatiae.
1285 300 1542 344 Novembrio

65 378 169 404 vero
199 377 340 404 mense
378 362 578 403 introivit
614 362 862 418 Byzantium
902 360 1078 402 Arethas
1117 358 1319 414 patricius
1346 364 1391 401 et
1419 357 1546 412 prin-

59 433 163 475 ‚ceps
194 421 330 461 tribus
359 421 684 471 Saracenorum,
718 417 860 459 debita
891 418 1059 459 deferre
1078 416 1329 470 imperatori
1357 416 1543 456 filiorum

64 490 236 517 suorum
267 474 402 517 debiti
430 475 636 532 gratiam,
683 482 731 516 ut
758 475 916 517 seilicet
950 479 1048 530 post
1077 473 1240 515 obitum
1269 487 1391 514 suum
1423 478 1545 514 tene-

66 539 163 575 rent
190 533 479 589 principatum
508 533 645 575 tribus
674 547 785 574 suae.

175 606 409 649 Tricesimo
439 612 593 647 octavo
623 605 790 660 imperii
820 604 1036 647 Iustiniani
1071 617 1181 644 anno
1209 601 1443 658 Eutychius
1473 616 1547 657 pa·
1560 622 1595 658 p.
1610 612 1679 649 372
1708 614 1730 647 2
1756 638 1766 657 ἱ

66 663 256 706 triarcha
273 662 766 718 Constantinopolitauus
798 661 1011 717 depositus
1033 667 1093 702 est
1121 668 1164 701 et
1194 660 1235 700 in
1253 659 1421 701 exilium
1446 660 1547 699 mis..

62 735 131 762 sus
153 735 179 761 a
209 720 440 763 Iustiniano
489 720 531 760 in
564 720 790 768 Amasiam3
833 726 876 760 et
905 720 1038 759 factus
1086 723 1148 759 est
1176 731 1259 772 pro
1288 730 1340 757 eo
1376 717 1548 757 loannes

64 793 112 819 ex
141 776 425 828 scholasticis,
468 791 566 817 eum
613 782 718 818 esset
757 775 1055 832 apocrisiarius
1096 773 1347 815 Antiochiae
1374 787 1548 829 magnae

64 839 109 875 et
136 832 361 891 presbyter
388 833 574 875 eiusdem
603 833 813 878 ecclesiae.
869 832 1019 873 eodem
1046 845 1160 872 anno
1190 830 1442 871 lastinianus
1471 830 1549 870 im-

63 897 244 946 perator
275 889 329 932 de
354 890 629 946 corruptibili
658 897 701 932 et
732 888 1052 945 incorruptibili
1083 889 1236 943 dogma
1263 900 1551 938 commovens,

63 946 203 990 edicto
233 947 392 1004 ubique
422 948 560 989 alieno
592 963 615 988 a
637 948 795 1003 pietate
821 946 1075 996 transmisso,
1108 946 1188 986 deo
1208 949 1551 1000 praeoccupante

63 1004 284 1045 defunctus
312 1011 400 1055 est,
430 1019 527 1046 cnm
558 1005 802 1060 imperasset
844 1003 1021 1058 triginta
1052 1007 1152 1043 octo
1184 1001 1314 1053 annis,
1341 1000 1551 1042 mensibus

61 1067 222 1117 septem
252 1067 296 1103 et
325 1061 472 1103 diebus
500 1061 721 1112 tredecim,
748 1067 790 1102 et
819 1060 1001 1101 efficitur
1027 1058 1148 1100 huius
1185 1073 1401 1099 successor
1428 1057 1552 1098 lusti-

63 1133 141 1158 nus
171 1119 455 1173 europalates.
516 1119 667 1160 eodem
686 1132 797 1159 anno
817 1116 1100 1158 Theodosiani
1128 1121 1171 1155 et
1187 1115 1408 1156 Gaianitae
1437 1114 1550 1169 apud

63 1174 359 1216 Alexandriam
388 1174 610 1217 aedificare
642 1179 881 1229 coeperunt
900 1173 1192 1223 conciliabula,
1227 1178 1270 1212 et
1297 1173 1550 1226 praevalen-

62 1237 122 1272 tes
152 1231 372 1273 Gaianitae
411 1232 656 1288 episcopum
697 1232 777 1273 sihi
818 1236 1176 1272 consecraverunt
1205 1228 1450 1283 Helpidinm
1477 1243 1550 1269 ar-

61 1286 360 1330 ehidiaconum
385 1304 527 1338 suum;
555 1304 682 1345 quem
712 1289 950 1343 imperator
976 1287 1168 1328 vinctum
1196 1286 1344 1327 venire
1370 1299 1550 1341 praece-

60 1344 138 1400 pit.
197 1359 380 1401 cumque
405 1346 571 1386 veniret
591 1360 671 1400 per
689 1346 856 1400 Segi-in,
890 1350 1084 1385 mortuus
1114 1349 1188 1384 est.
1244 1357 1383 1397 porro
1404 1342 1550 1383 Theo-

60 1401 222 1446 dosiani
251 1401 523 1443 Dorotheum
563 1404 728 1443 occulte
767 1407 899 1442 noctu
933 1401 1180 1456 episcopum
1207 1400 1288 1441 sibi
1320 1399 1551 1440 ordinave-

62 1464 190 1506 runt,
237 1465 281 1500 et
313 1458 354 1499 in
386 1473 518 1499 unum
556 1460 853 1500 convenientes
885 1466 971 1499 tam
1001 1458 1221 1498 Gaianitae
1247 1471 1375 1512 quam
1406 1456 1550 1497 Theo-

62 1514 224 1559 dosiani
254 1529 522 1557 communem
549 1516 794 1572 episcopum
822 1515 899 1556 sibi
941 1514 1349 1556 inthronizaverunt.
1407 1513 1549 1554 cuius-

60 1570 158 1612 dam
185 1579 324 1613 autem
353 1573 515 1614 abbatis
547 1573 724 1614 barbam
755 1573 865 1629 pelle
891 1577 934 1612 et
949 1586 1077 1613 carne
1105 1570 1451 1612 decoriaverunt.
1481 1576 1550 1610 ta-

62 1628 159 1670 liter
185 1629 501 1670 haereticorum
542 1629 754 1671 dementia
794 1643 945 1684 gerere
987 1628 1231 1681 consuevit,
1273 1626 1382 1668 adeo
1426 1633 1473 1668 ut
1502 1641 1549 1669 ea

63 1700 174 1741 quae
201 1701 467 1743 paganorum
497 1693 595 1727 sunt
625 1686 842 1728 multoties
875 1692 1124 1740 operentur.

170 1764 319 1807 Mundi
350 1781 462 1807 anuo
493 1764 633 1819 6058,
667 1766 836 1807 divinae
868 1764 1172 1806 incarnationis
1205 1777 1317 1805 anno
1347 1762 1443 1814 558,
1480 1763 1539 1803 lo-
1558 1767 1678 1811 p-373
1702 1765 1725 1798 3

57 1836 186 1863 annes
213 1823 430 1864 Romanae
458 1830 625 1878 praeest
646 1823 856 1874 ecclesiae,
887 1822 1064 1863 lustinus
1087 1822 1283 1877 imperat,
1318 1834 1446 1876 nepos
1477 1821 1545 1860 lu-

55 1879 243 1929 stiniani,
274 1887 503 1921 coronatus
533 1896 556 1921 a
579 1881 734 1922 loanne
763 1878 1019 1935 patriarcha.
1080 1884 1172 1920 erat
1204 1885 1344 1919 autem
1372 1876 1546 1918 natione

54 1935 209 1987 Thrax,
242 1937 527 1992 magnanimus
568 1944 696 1994 atque
726 1937 779 1978 ad
822 1937 963 1977 omnia
994 1949 1193 1991 prosper.
1254 1933 1438 1975 habebat
1467 1949 1544 1974 au-

56 1997 142 2032 tem
170 1998 214 2034 et
241 2008 415 2034 uxorem
441 1993 647 2049 Sophiam
687 1994 883 2045 nomine,
923 2008 1049 2050 quam
1078 1998 1121 2034 et
1149 1991 1373 2033 coronavit
1402 1992 1543 2047 Augu-

53 2056 175 2093 stam.
233 2065 331 2091 cum
362 2057 500 2092 autem
533 2058 637 2092 esset
665 2053 774 2107 pius,
814 2050 1037 2091 adornavit
1066 2049 1257 2091 ecclesias
1287 2057 1390 2104 quas
1418 2048 1543 2089 lusti-

56 2105 203 2146 niauus
231 2107 541 2160 aedificaverat,
571 2115 659 2150 tam
695 2107 891 2149 videlicet
905 2121 1099 2163 magnam
1126 2106 1343 2148 ecclesiam
1371 2110 1414 2146 et
1443 2120 1541 2146 san-

55 2169 147 2202 ctos
176 2164 391 2218 apostolos
422 2179 549 2220 quam
578 2165 678 2206 alias
699 2165 888 2206 eeclesias
919 2170 962 2205 et
990 2164 1262 2216 monasteria,
1294 2162 1455 2205 donans
1485 2162 1542 2201 eis

57 2217 275 2261 thesauros
306 2227 349 2262 et
378 2235 545 2262 omnem
577 2222 788 2271 reditum;
829 2227 1007 2277 eratque
1035 2220 1298 2262 orthodoxus
1333 2218 1465 2268 valde,
1499 2223 1543 2257 et

55 2275 174 2316 misit.=
195 2276 424 2318 Pliotinnm
446 2279 714 2330 monachum,
747 2279 992 2335 privignum
1011 2277 1198 2319 Belisarii
1227 2276 1413 2332 patricii,
1440 2276 1541 2315 dans

55 2331 95 2373 ei
117 2339 371 2388 potestatem
393 2341 544 2377 contra
570 2351 739 2377 omnem
766 2350 1007 2391 personam,
1038 2340 1081 2376 et
1098 2349 1263 2376 causam
1292 2330 1541 2388 pacificandi

58 2389 247 2431 ecclesias
278 2391 490 2432 universas
524 2392 705 2449 Aegypti
738 2399 780 2433 et
809 2392 1101 2434 Alexandriae.

168 2474 363 2518 Secundo
404 2490 517 2516 anno
556 2476 726 2532 imperii
767 2477 912 2519 lustini
950 2475 1171 2519 Aetherius
1211 2482 1254 2516 et
1286 2472 1457 2522 Andius,
1491 2486 1540 2512 ac

55 2530 240 2572 medicus
269 2534 342 2588 qui
372 2549 466 2573 cum
499 2534 595 2589 ipsis
637 2539 758 2585 erat,
789 2533 973 2576 insidiati
1000 2539 1098 2574 sunt
1124 2532 1260 2574 eidem
1287 2530 1538 2584 imperatori

57 2587 239 2636 lustino;
269 2590 341 2645 qui
372 2591 530 2645 cogniti
555 2590 767 2631 interfecti
786 2597 882 2631 sunt
909 2590 1062 2646 gladio.
1120 2590 1271 2630 eodem
1302 2602 1412 2627 anno
1426 2589 1540 2641 Aga-

56 2643 132 2684 tlio
163 2646 408 2697 monachus,
429 2648 562 2688 frater
582 2647 831 2700 Apollinarii
853 2647 1040 2703 episcopi
1058 2644 1337 2695 Alexandrini,
1369 2644 1540 2684 veniens

54 2699 343 2743 Alexandriam
382 2718 593 2744 sermones
622 2703 864 2757 habiturus,
897 2712 940 2745 et
969 2703 1245 2744 Eustochium
1271 2699 1541 2742 monachum.

57 2757 130 2811 qni
158 2773 330 2814 maguus
360 2767 456 2802 erat
486 2768 527 2801 et
557 2775 815 2802 oeconomus
851 2760 1140 2807 Alexandriae,
1174 2758 1388 2798 custodiae
1417 2772 1538 2797 man-

56 2813 224 2867 cipavit,
257 2817 330 2871 qui
374 2833 453 2872 per
483 2824 641 2859 tectum
682 2819 841 2872 fugiens
885 2818 999 2859 venit
1045 2816 1319 2872 Byzantium,
1347 2813 1536 2854 Maean-io
