1768 3268
225 182 317 228 138
421 181 701 227 ANASTASH
741 179 1003 223 HISTORIA
1041 176 1453 221 ECCLESIASTICA

220 317 346 349 mum,
378 306 421 342 et
447 298 681 339 munitione
701 297 765 339 *de
794 294 1079 351 elephantibus
1120 297 1357 334 constructa
1389 290 1547 332 bellum
1578 290 1685 344 iniit,

221 365 264 401 et
280 356 458 398 victoria
479 370 627 410 magna
655 355 813 410 potitus
829 359 902 408 est,
923 351 1052 406 captis
1071 349 1264 390 Romanis
1285 362 1369 388 non
1390 347 1546 402 paucis,
1579 363 1683 404 quos

222 422 262 456 et
289 412 434 468 capitis
466 412 668 453 recisione
694 410 872 466 punivit.
940 408 1001 448 his
1032 408 1090 447 ita
1120 406 1237 461 gestis
1280 404 1485 445 Chosroes
1515 404 1569 446 ad
1594 410 1685 445 ter-

221 486 310 512 ram
340 484 455 510 suam
486 483 673 509 reversus
703 473 780 518 est,
809 465 969 520 Zongoi
1012 461 1295 518 potentatibus
1327 460 1546 506 derelictis,
1602 460 1687 503 hoe

220 532 440 582 comperto
468 525 628 565 Phocas
669 529 817 565 contra
857 521 1077 563 Leontium
1103 519 1233 569 furit,
1265 522 1307 557 et
1334 510 1506 558 manicis
1539 518 1685 559 ferreis

219 599 314 625 cum
343 581 570 638 ignominia
587 580 831 637 Byzantium
861 578 989 628 ducit,
1020 583 1063 616 et
1089 581 1203 616 creat
1223 579 1466 629 praetorem
1493 575 1683 616 Domen-

221 641 369 683 tiolum
397 644 593 692 nepotem
623 652 755 687 suum,
786 641 828 676 et
848 639 1087 675 curatorem
1115 630 1258 686 palatii
1288 630 1402 671 facit.

330 697 449 735 Anno
484 694 649 748 imperii
677 693 843 734 Phoeae
872 691 997 732 tertio
1038 689 1148 729 misit
1178 687 1379 728 Chosroes
1411 686 1686 744 cardarigam

221 759 264 795 et
288 751 547 803 Rusmaizan,
578 750 649 805 qui
679 747 921 804 depopulati
942 752 1037 786 sunt
1067 745 1284 785 nonnullas
1303 744 1592 784 Romanorum
1623 745 1686 784 ci-

221 809 378 849 vitates.
435 806 726 848 Domentiolus
756 818 857 845 vero
890 803 1022 844 verbo
1063 802 1161 842 dato
1191 802 1321 852 Narsi,
1360 801 1687 856 iuramentisque

223 864 500 918 nonpaucis,
529 862 702 904 credere
741 860 944 916 persuasit
993 858 1107 914 quod
1143 857 1299 898 nullam
1341 856 1539 898 iniuriam
1571 857 1682 912 apud

220 921 403 962 Phocam
435 925 536 961 esset
559 932 767 974 passuruQ
795 923 836 958 et
864 916 1015 957 direxit
1044 931 1138 956 eum
1167 914 1220 954 ad
1246 914 1448 955 Phocum.
1509 919 1552 954 at
1582 928 1684 954 vero

220 977 378 1018 Phocas
406 975 680 1017 verhumhoc
708 974 876 1014 minime
910 987 1073 1014 servans
1105 972 1197 1026 igne
1223 972 1426 1013 cremavit
1458 986 1565 1012 eum.
1596 971 1686 1010 Ro..

221 1033 334 1075 mani
364 1047 463 1088 ergo
495 1031 592 1072 hinc
618 1031 849 1087 plurimum
867 1030 1002 1070 tristes
1033 1028 1165 1069 effecti
1191 1035 1301 1082 sunt,
1329 1042 1380 1069 eo
1442 1027 1527 1069 uod
1556 1027 1686 1068 timo-

222 1105 311 1131 rem
342 1104 534 1144 magnum
570 1089 610 1129 in
641 1089 786 1128 Persas
829 1087 938 1127 idem
975 1086 1116 1126 Narses
1156 1084 1351 1136 haberet,
1393 1043 1498 1125 atileo
1535 1090 1583 1125 ut
1610 1083 1686 1124 filii

220 1147 444 1187 Persarum
474 1144 618 1184 audito
645 1145 730 1185 eius
761 1144 930 1184 nomine
956 1147 1199 1184 tremerent.
1260 1154 1396 1197 porro
1429 1141 1580 1182 Persae
1611 1155 1686 1197 ga-

220 1203 295 1243 visi
323 1207 417 1242 sunt
446 1200 595 1256 gaudio
626 1214 789 1255 magno.

83 1276 120 1312 p.
139 1265 207 1303 453
330 1260 448 1298 Anno
477 1257 639 1312 imperii
666 1257 834 1297 Phocae
880 1260 1033 1312 quarto
1064 1254 1331 1296 scholasticus
1348 1253 1589 1308 eunuchus,
1617 1252 1686 1293 vir

218 1314 418 1369 gloriosus
444 1314 609 1368 palatii,
650 1313 784 1355 media
827 1319 953 1354 nocte
996 1312 1313 1353 Constantinam
1343 1311 1556 1352 dominam
1587 1325 1684 1350 cum

217 1370 347 1411 tribus
377 1370 536 1410 filiabus
565 1370 648 1411 eius
677 1370 912 1425 accipiens,
944 1369 996 1410 ad
1026 1384 1216 1424 magnam
1248 1367 1440 1422 confugit
1471 1366 1685 1408 ecclesiam

217 1427 385 1467 consilio
417 1427 615 1467 Germani
654 1427 823 1481 patricii
855 1426 1124 1467 desiderantis
1165 1425 1407 1480 imperium.
1474 1425 1523 1464 fit
1553 1424 1685 1478 igitur

219 1484 259 1524 in
292 1484 395 1524 urbe
423 1484 568 1524 seditio
601 1499 760 1539 magna.
820 1485 1052 1524 Germanus
1085 1488 1223 1522 autem
1252 1479 1469 1523 dimarcho
1487 1481 1684 1520 Prasino-

219 1555 314 1581 rum
342 1541 542 1580 talentum
572 1541 663 1580 auri
683 1541 803 1593 misit,
829 1547 877 1580 ut
905 1546 1216 1595 cooperaretur
1245 1539 1312 1580 eis.
1371 1538 1580 1592 primores
1609 1552 1685 1577 au-

218 1603 302 1637 tem
331 1596 443 1651 vulgi
474 1596 515 1636 id
543 1596 763 1638 admittere
792 1598 1033 1638 noluerunt.
1101 1602 1143 1636 at
1171 1610 1274 1636 vero
1309 1603 1514 1652 tyrannus
1541 1594 1581 1633 in
1614 1609 1684 1634 ec-

219 1653 381 1694 clesiam
407 1652 458 1692 ad
485 1653 803 1695 abstrahendum
834 1654 1026 1695 mulieres
1062 1652 1295 1694 destinavit.
1366 1666 1463 1692 sane
1497 1651 1684 1705 patriar-

218 1709 294 1750 cha
323 1715 423 1748 tunc
455 1710 648 1763 Cyriacus
678 1717 858 1765 tyranno
889 1711 1068 1762 restitit,
1098 1710 1268 1750 minime
1300 1723 1440 1764 passus
1471 1723 1493 1748 e
1523 1708 1682 1762 templo

218 1765 434 1820 tyrannice
464 1766 613 1806 abduci
641 1767 846 1808 mulieres.
903 1782 1049 1808 verum
1080 1766 1323 1807 iuramentis
1351 1772 1472 1806 certo
1503 1779 1553 1804 eo
1584 1762 1683 1804 red..

219 1822 307 1863 dito
338 1837 361 1861 a
401 1821 539 1862 Phoca
586 1824 700 1878 quod
743 1839 827 1865 non
857 1824 1043 1864 laederet
1073 1839 1165 1877 eas,
1195 1823 1435 1864 educuntur
1474 1836 1497 1861 e
1526 1820 1683 1875 templo

218 1883 361 1919 sancto
390 1884 432 1918 et
460 1879 712 1920 clauduntur
740 1880 782 1920 in
812 1881 1078 1921 monasterio.
1108 1887 1330 1935 praeterea
1353 1880 1504 1919 Persae
1534 1879 1684 1918 eodem

220 1950 328 1976 anno
358 1942 560 1988 ceperunt
588 1938 742 1989 Daras,
772 1938 814 1977 in
854 1943 942 1978 tota
974 1933 1276 1992 Mesopotamia
1317 1943 1360 1978 et
1391 1934 1511 1990 Syria
1545 1934 1684 1988 capti-

85 2009 118 2045 ρ»
138 1991 388 2035 454vatione
416 1991 559 2042 multa,
591 1993 703 2032 cuius
735 2007 818 2033 non
850 2000 909 2033 est
942 2009 1152 2046 numerus,
1187 1995 1310 2034 facta.
1381 2005 1515 2047 porro
1547 1990 1686 2045 patri-

220 2047 345 2089 archa
377 2047 556 2088 obeunte
575 2048 750 2103 Cyriaco
769 2050 948 2090 Thomas
967 2065 1049 2106 pro
1081 2065 1131 2092 eo
1164 2056 1454 2102 consecratur,
1486 2047 1686 2088 diaconus

219 2110 262 2146 et
289 2103 518 2143 sacellarius
547 2104 725 2145 eiusdem
755 2107 962 2148 ccclesiae.

333 2160 480 2200 Mundi
510 2176 617 2201 anno
633 2161 754 2214 6099,
787 2163 950 2204 divinae
984 2163 1280 2204 incarnationis
1305 2176 1416 2203 anno
1446 2159 1542 2212 599,
1574 2173 1684 2200 anno

219 2231 321 2258 vero
350 2216 511 2269 imperii
546 2217 710 2259 Phocae
742 2220 889 2274 quinto
919 2222 1063 2261 Isacius
1092 2219 1507 2276 Hierosolymitanus‚
1540 2217 1684 2256 Theo-

219 2273 344 2314 dorus
375 2272 671 2314 Alexandrinus
716 2281 756 2315 ct
785 2278 1014 2317 Anastasius
1051 2277 1335 2318 Antiochenus
1363 2275 1578 2315 hahentur
1608 2288 1684 2312 an..

220 2330 381 2370 tistites.
445 2330 603 2370 Phocas
631 2345 732 2371 vcro
762 2338 961 2387 tyrannus
992 2334 1116 2373 filiam
1144 2349 1259 2373 suam
1288 2331 1558 2374 Domentiam
1585 2328 1685 2369 Pri-

219 2401 288 2426 sco
322 2387 503 2440 patricio
538 2393 580 2428 ct
608 2388 750 2428 comiti
783 2389 1069 2430 excubitorum
1096 2391 1243 2443 iunxit,
1273 2396 1314 2431 et
1343 2388 1462 2429 sactis
1495 2387 1538 2427 in
1567 2385 1686 2441 pala-

220 2444 278 2484 tio
309 2445 495 2484 Marinae
529 2444 682 2498 nuptiis
721 2444 832 2484 iussit
860 2446 948 2485 fieri
977 2446 1121 2486 ludum
1162 2453 1414 2502 equestrem.
1472 2442 1686 2484 demarchi

221 2506 360 2540 autem
387 2502 607 2556 utriusque
645 2500 775 2554 partis
806 2502 915 2554 apud
946 2509 1149 2557 quattuor
1182 2504 1396 2544 columnas
1427 2515 1523 2540 cum
1551 2499 1687 2552 impe-

220 2556 390 2597 rialibus
421 2557 542 2612 signis
568 2562 805 2597 statuerunt
832 2554 963 2598 Prisci
1002 2567 1042 2599 et
1071 2561 1320 2601 Domentiae
1346 2559 1474 2615 signa.
1533 2556 1685 2611 quihus

221 2612 367 2652 auditis
399 2614 631 2669 imperator
660 2613 792 2654 iratus
820 2620 903 2665 est,
932 2621 974 2654 et
1004 2616 1169 2656 mittens
1206 2615 1377 2656 adduxit
1416 2612 1686 2662 demarchos,

219 2668 516 2722 Theophanem
541 2670 698 2711 scilicet
727 2685 775 2710 ae
803 2670 1085 2725 Pamphilum,
1127 2679 1168 2712 et
1197 2679 1378 2713 statuens
1410 2670 1542 2711 nudos
1571 2668 1687 2708 iussit

221 2739 290 2766 eos
316 2725 525 2766 decollari.
592 2742 687 2767 cum
731 2727 839 2766 enim
869 2727 1036 2768 misisset
1079 2736 1438 2782 protocursorem,
1472 2733 1520 2766 ut
1552 2726 1687 2765 inter-

220 2789 392 2837 rogaret
427 2797 495 2824 eos
519 2798 604 2838 quo
635 2783 919 2839 praecipiente
944 2785 1117 2825 fecerint
1147 2786 1234 2838 hos,
1266 2787 1462 2826 dixerunt
1491 2783 1591 2839 quia
1620 2795 1685 2821 se-
