1728 3184
218 178 316 226 398
715 185 771 227 1N
809 182 1030 226 THEOPH
1038 183 1186 225 ANEM

217 312 303 394 eigs
352 297 583 353 exemplum
625 299 914 355 superioribus
955 286 1255 342 almectendam
1304 298 1506 340 iudicavit
1555 298 1698 341 Theo-

219 370 246 410 p
280 368 390 395 anes.

333 426 425 479 197,
449 426 517 468 20.
577 425 823 482 σχολάριος]
854 429 1024 479 schola,
1073 429 1183 469 ordo
1222 428 1492 469 militantium
1539 435 1629 469 est:
1657 434 1701 469 et

218 485 291 539 qni
325 499 403 539 per
433 484 614 525 diversas
643 486 840 526 cohortes
872 487 1049 541 gradum
1083 487 1258 535 faciunt,
1290 500 1370 541 per
1400 486 1560 526 scholas
1590 499 1699 540 pro-

217 541 384 582 moveri
413 541 629 583 dicuntur.
686 543 859 584 fuerunt
891 543 1086 583 undecim
1115 542 1282 583 scholae
1311 542 1457 597 palatii
1485 541 1702 583 custodiae

218 598 471 653 deputatae:
507 612 658 640 novem
690 607 876 640 armatae
917 600 1090 640 militiae
1120 614 1167 640 ex
1214 599 1404 640 Armenis
1437 601 1628 649 selectae,
1659 604 1702 639 et

217 655 397 696 inermes
429 654 550 696 duae.
607 655 816 697 scholares
838 663 935 698 sunt
966 658 1008 697 in
1031 656 1272 697 huiusmodi
1302 663 1461 697 turmas
1494 655 1701 697 recensiti.

217 727 332 752 arma
383 712 594 753 iactabant
635 719 677 754 et
705 713 918 753 militiam:
962 728 1111 754 verum
1144 712 1291 767 palatii
1324 712 1481 754 deliciis
1508 711 1703 776 enutrit-i,

217 769 362 809 molles
393 775 435 809 et
463 769 646 810 imbelles
679 769 732 810 ad
781 775 931 811 ostent
933 771 1104 810 itionem
1137 785 1252 810 arma
1282 770 1513 824 gestabant,
1548 776 1589 810 et
1622 769 1702 808 mi-

218 825 350 865 litiam
396 826 741 891 profitebantur;
787 827 819 866 si
859 827 986 866 modo
1027 826 1158 867 maius
1203 826 1460 880 stipendium
1487 830 1703 866 sumerent

219 883 424 922 contenti.
503 882 555 922 de
594 882 672 923 illis
718 884 843 938 plura
873 882 1019 923 Suidas
1050 890 1092 924 et
1123 883 1330 924 Meursius
1378 898 1416 924 v.
1458 878 1701 937 σχολάριος.

218 938 480 979 Pancirollus
511 940 553 978 in
584 939 686 994 imp.
719 940 914 980 notitiam
945 954 1037 994 cap.
1065 937 1136 980 63.

339 1021 502 1074 198,1.
559 1018 821 1075 σπαθάριος]
855 1023 1068 1064 Cedrenus
1100 1020 1122 1065 ὃ
1153 1022 1476 1079 σωματοφύλαξ
1505 1020 1610 1064 ἐστι’.
1638 1038 1706 1064 sa-

219 1079 333 1119 telles
357 1079 469 1119 nuda
498 1081 646 1137 spatha
670 1090 868 1121 armatus.

332 1152 439 1192 Ibid.
466 1152 510 1193 5.
569 1151 865 1208 καμηλαύκην]
903 1151 1150 1207 καμηλαύχι
1183 1154 1470 1208 pronunciant
1499 1153 1707 1194 moderni.

218 1209 397 1263 pileolus
426 1210 615 1250 internus
645 1210 791 1265 capitis
822 1211 1107 1252 summitatem
1135 1212 1278 1262 solam,
1309 1211 1374 1251 vel
1406 1225 1710 1266 nonnunquam

221 1266 347 1305 etiam
390 1280 510 1306 aures
547 1266 882 1322 circumtegens:
926 1267 1215 1308 huiuscemodi
1258 1268 1310 1308 ab
1356 1268 1430 1307 Illo
1461 1274 1706 1320 assumptus,

221 1336 309 1377 quo
351 1322 552 1363 abscissae
596 1324 709 1365 auris
753 1324 964 1366 defectum
998 1325 1247 1366 occultaret.
1277 1324 1473 1377 πιλίδιον,
1504 1322 1709 1374 σκιάδιον,

226 1393 313 1419 uno
347 1380 480 1420 verbo
509 1379 682 1422 calotta.

336 1453 446 1494 Ibid.
477 1452 516 1494 9.
588 1450 822 1508 στρατηγὸν
869 1453 943 1507 τῆς
972 1449 1084 1503 ἓώας
1125 1452 1280 1509 πάσης]
1331 1454 1403 1509 qui
1447 1454 1709 1508 praefectum

226 1514 450 1564 praetorio
484 1510 673 1551 Orientis
705 1511 786 1550 iam
818 1512 958 1552 forsan
999 1513 1267 1567 antiquatum
1297 1513 1489 1552 referret.

334 1583 444 1623 Ibid.
502 1577 610 1625 ὥστε
641 1584 716 1624 καί
743 1580 903 1631 aeduae,-
931 1586 1095 1640 ποιεῖν]
1126 1592 1297 1640 praeter
1327 1584 1431 1625 duos
1462 1598 1541 1638 per
1573 1585 1709 1637 Aegy-

230 1646 352 1694 ptum
382 1640 452 1680 alii
492 1655 559 1681 sex
598 1640 724 1681 duces
766 1641 989 1682 Orientem
1022 1643 1282 1683 tuebantur:
1327 1642 1486 1681 scilicet
1515 1640 1714 1680 Palaesti-

225 1711 335 1748 nae,
371 1698 576 1751 Arabiae,
621 1697 900 1748 phoeniciae,
948 1699 1119 1754 Syriae,
1161 1699 1489 1753 Euphratensis,
1520 1697 1711 1737 Osrhoe-

224 1768 332 1804 nae,
381 1760 423 1794 et
462 1754 809 1810 Mesopotamiae.
876 1755 920 1795 hi
960 1770 1057 1795 cum
1103 1772 1126 1797 a
1168 1756 1366 1809 principe
1404 1754 1713 1809 probarentur,

223 1810 287 1850 Illi
317 1811 502 1852 arbitrio
537 1827 561 1852 a
592 1812 763 1853 Zenone
801 1818 901 1853 sunt
941 1812 1092 1856 relicti.
1151 1812 1414 1854 Pancirollus
1443 1812 1484 1852 in
1516 1810 1712 1850 notitiam

228 1866 413 1922 imperii.

338 1950 446 1991 Ibid.
477 1950 544 1991 20.
602 1946 829 2007 Στεφάνου
880 1950 961 1992 τοῦ
1006 1949 1236 1992 ἐπισκόπου
1277 1949 1551 2006 Ἀντιοχείας]
1584 1951 1715 1992 Petro

223 2008 397 2051 Fulloni
423 2007 684 2063 Stephanum
719 2022 998 2049 successorem
1039 2024 1062 2048 a
1095 2009 1248 2063 prioris
1280 2008 1440 2049 asseclis
1471 2007 1718 2048 Antiochiae

229 2065 323 2105 neci
354 2065 584 2105 crudeliter
614 2064 831 2116 traditum,
863 2071 904 2105 et
932 2065 1054 2105 huius
1088 2066 1228 2106 locum
1266 2067 1565 2106 Calendionem
1594 2079 1715 2105 exce-

227 2123 334 2177 pisse
361 2122 509 2162 scribit
535 2122 739 2176 Euagrius
769 2121 880 2162 lib.3
914 2137 1004 2175 cap.
1039 2120 1102 2162 10.
1163 2129 1260 2178 post
1290 2124 1465 2163 Petrum
1496 2121 1718 2162 Fullonem

165 2202 168 2212 ι
226 2180 334 2219 duos
367 2179 549 2219 rnomine
581 2179 814 2232 Stephani,
860 2179 1044 2233 primum
1075 2180 1190 2219 annis
1235 2180 1385 2230 tribus,
1418 2180 1598 2219 alterum
1626 2193 1712 2218 uno

224 2236 365 2277 sedem
411 2234 715 2276 Antiochenam
755 2241 967 2275 tenentem
1008 2237 1196 2276 recenset
1223 2237 1485 2292 Nicephorus
1515 2235 1556 2275 in
1586 2235 1714 2275 chro-

225 2293 336 2344 nico,
369 2307 474 2349 quos
514 2292 813 2333 Calendionem
858 2300 1086 2347 sequutum
1125 2293 1281 2335 asserit.
1354 2293 1562 2333 Baronius
1588 2292 1714 2332 Nice-

226 2349 356 2405 phori
384 2350 590 2390 sententia
618 2349 669 2389 ad
699 2364 854 2389 annum
879 2347 962 2389 479
993 2365 1111 2390 num.
1144 2350 1169 2390 2
1200 2356 1445 2400 memorata,
1476 2349 1530 2389 ad
1559 2364 1717 2389 annum

229 2406 379 2447 deinde
410 2402 494 2447 482
532 2421 645 2447 num.
688 2406 708 2446 1
754 2406 796 2446 in
841 2406 1015 2460 Euagrii
1052 2407 1264 2462 geminum
1298 2408 1410 2447 hunc
1452 2405 1714 2461 Stephanum

230 2479 315 2504 non
344 2463 632 2518 distinguentis
673 2463 919 2518 opinionem
935 2438 1138 2515 ῦὶτῆηείῐ,
1185 2470 1227 2504 et
1258 2465 1408 2504 omisso
1436 2462 1616 2513 seniore,
1647 2462 1718 2501 iu-

229 2521 409 2571 niorem,
442 2535 567 2576 quem
597 2519 744 2575 priore
784 2519 878 2559 loco
915 2520 1102 2561 Fullonis
1147 2535 1428 2561 successorem
1467 2519 1714 2567 nominavit,

228 2578 468 2632 posteriore
507 2593 531 2618 a
563 2576 822 2617 calendione
862 2585 1082 2631 exceptum
1116 2578 1332 2619 manifeste
1365 2578 1622 2632 profitetur:
1653 2583 1720 2616 at-

231 2649 315 2688 que
344 2634 403 2678 ita
432 2634 523 2675 solo
552 2633 726 2675 senioris
762 2634 932 2674 nomine
962 2635 1196 2687 recensito,
1225 2650 1355 2675 annos
1388 2634 1429 2674 in
1463 2632 1716 2688 pontificatu

232 2690 393 2745 nullm,
438 2692 578 2732 locum
613 2690 772 2731 nullum
801 2691 990 2745 assignat,
1021 2692 1233 2733 iuniorem
1258 2691 1399 2732 'tribus
1432 2690 1547 2730 annis
1576 2689 1716 2729 sedem

233 2747 423 2799 tenuisse,
455 2748 573 2788 nullo
606 2753 709 2789 teste
739 2752 962 2788 contentus
997 2763 1199 2789 asserere.
1272 2747 1549 2802 Theophanes
1580 2759 1718 2802 porro

233 2803 459 2859 Nicephori
474 2804 743 2861 patriarchae
771 2804 1029 2846 auctoritate
1062 2805 1189 2847 fultus
1219 2820 1351 2847 unum
1381 2804 1433 2846 ab
1466 2803 1600 2845 altero
1632 2802 1718 2843 dis-
