1728 3184
691 199 894 244 NOTAE.
1429 196 1527 243 329

64 321 302 377 scripsisse}
347 321 453 364 adeo
490 329 539 363 ut
581 321 849 364 Dorotheum
882 322 1143 363 sacerdotem
1171 338 1323 375 unum,
1351 322 1531 365 alterum

66 380 331 433 episcopum3
369 379 482 419 hunc
510 379 666 420 litteras
697 380 818 430 istas,
848 379 1025 418 alterum
1054 380 1167 431 alias,
1201 380 1313 421 hunc
1339 380 1531 432 Edessae,

65 437 245 476 alterum
288 434 541 490 Odyssopoli
586 443 832 487 mortuum,
860 435 1037 475 eundem
1067 441 1205 477 tamen
1248 442 1290 477 et
1317 437 1488 477 unicum
1507 451 1532 476 a

67 491 325 587 ᾞὴωῑῗῖιεηο
348 499 391 532 et
420 492 507 532 aliis
533 497 776 547 reputatum
805 506 902 532 cum
919 491 1106 533 Baronio
1136 493 1179 533 in
1205 499 1384 548 martyr.
1410 493 1533 534 facile

68 554 122 588 sit
148 562 199 589 co
234 549 361 603 igere.
411 573 414 578 ·

178 629 251 684 36,
285 631 350 672 12.
405 622 615 684 Συμεῶνα
652 624 1001 684 ἇρχιεπίσκοπον]
1041 631 1162 672 istam
1196 631 1367 672 Saboris
1392 646 1533 686 perse..

68 687 306 738 cntionem,
353 694 396 728 et
431 688 648 744 Syrueonis
684 688 981 743 sociorumque
1011 696 1192 729 mortem
1222 687 1274 728 ad
1304 689 1534 728 Constantii

65 749 111 785 et
139 743 373 785 Constantis
402 750 596 798 tempora
620 745 838 786 submovet
867 746 1071 785 Baronius
1110 760 1174 784 an.
1208 741 1289 785 341
1321 759 1433 784 num.
1468 743 1533 797 10,

67 815 119 840 co
152 800 321 840 nomine
341 800 458 855 quod
471 801 751 857 Hieronymus
781 801 821 841 in
853 801 1056 842 chronico
1085 802 1375 856 praefatorum
1404 801 1534 855 impp.

69 862 206 898 aetate
238 857 445 898 Saborem
485 857 527 897 in
561 857 815 898 Christianos
854 859 1012 899 referat
1050 858 1264 898 saeviisse:
1306 857 1422 912 quasi
1463 871 1535 897 rex

70 913 221 968 impius
264 913 307 953 in
338 927 407 954 eos
442 914 704 969 frequentius
748 914 905 969 impelli
950 930 1034 955 non
1072 914 1277 969 potuerit,
1307 913 1422 969 quod
1450 913 1536 968 ipse

66 969 346 1026 Hieronymus
386 977 589 1011 recenset.
657 976 807 1011 auctor
843 970 1119 1025 Theophanes
1148 972 1427 1011 Sozomenum
1469 984 1538 1010 se-

68 1032 223 1080 quutus
254 1026 424 1067 Saboris
454 1030 790 1080 persecutionem
825 1028 1009 1082 primam
1043 1027 1307 1068 Constantini
1332 1026 1537 1081 tempori-

65 1081 143 1123 hus
173 1082 370 1132 annectit.
445 1085 666 1125 Sozomeni
695 1083 804 1124 idem
831 1084 1042 1124 sentientis
1070 1084 1354 1125 testimonium
1381 1098 1538 1123 occur-

68 1138 126 1178 rit
152 1138 223 1180 lib.
252 1139 278 1180 2
315 1153 405 1193 cap.
432 1139 459 1179 8
487 1146 531 1180 et
558 1154 673 1195 seqq.
720 1141 923 1181 Saborem
940 1171 955 1192 ,
991 1140 1216 1181 Saborium
1260 1147 1303 1182 et
1332 1140 1538 1195 Saporem

68 1201 220 1236 auctor
249 1209 550 1251 nonnunquam
577 1197 738 1237 scribit.

176 1278 287 1319 Ibid.
318 1279 384 1322 13.
459 1276 535 1320 καί
555 1276 627 1320 τὸν
673 1280 912 1332 Σελευᾳιάς]
939 1281 1056 1322 addit
1099 1287 1251 1322 auctor
1288 1276 1346 1327 ὥς
1374 1277 1539 1334 φιλους.

69 1334 173 1374 duos
215 1335 346 1389 igitur
374 1341 499 1390 putat
537 1351 647 1389 esse,
676 1337 790 1377 hunc
835 1338 1142 1392 Ctesiphontis,
1172 1338 1295 1378 istum
1324 1337 1538 1377 Seleuciae

66 1392 290 1445 praesules.
350 1407 480 1432 unum
510 1398 647 1433 tamen
678 1399 722 1434 et
748 1393 926 1434 eundem
945 1393 1224 1449 Ctesiphontis
1253 1393 1374 1433 simul
1398 1398 1441 1433 et
1461 1394 1540 1432 Se..

65 1447 222 1488 leuciae
248 1447 491 1503 episcopum
520 1450 640 1489 fuisse
659 1450 907 1505 Symeonem
937 1452 1059 1504 ponit
1086 1452 1341 1491 sozomenus
1372 1449 1538 1489 citatus.

65 1502 297 1558 Συμεώνην
335 1501 408 1545 τὸν
437 1503 528 1545 τότε
559 1503 893 1557 ἅρχιεπίσκοπον
929 1507 1155 1554 Σελευκίας
1182 1503 1255 1546 καί
1286 1505 1542 1559 Κτησιφῶν-

66 1574 139 1606 τος
164 1560 249 1600 τῶν
288 1559 334 1601 ἐν
375 1560 566 1613 Περσίδι
603 1563 923 1613 βασιλευουσαῖν
955 1559 1146 1614 πόλεων,
1187 1560 1246 1609 ὥς
1291 1562 1416 1614 φίλον
1443 1554 1542 1601 ὄντα

67 1611 364 1667 διαβάλλουσι.
438 1632 570 1657 unum
599 1619 723 1658 etiam
762 1619 1011 1674 Symeonem
1060 1619 1184 1660 habet
1223 1617 1458 1659 Anastasius
1498 1616 1539 1656 in

66 1687 154 1723 sua,
183 1687 268 1712 non
298 1672 402 1714 adeo
434 1674 622 1724 historia,
655 1689 780 1730 quam
804 1675 1073 1730 Theophanis
1106 1675 1310 1716 versione.
1370 1674 1542 1713 unicum

66 1727 231 1783 pariter
259 1730 478 1785 utriusque
507 1731 623 1771 urbis
661 1731 887 1772 antistitem
928 1739 1137 1772 memorat
1162 1733 1397 1772 Romanum
1427 1745 1542 1770 mar-

68 1784 325 1841 tyrologium
343 1787 495 1840 Aprilis
517 1787 567 1827 21
592 1794 634 1828 et
651 1788 855 1828 Baronius
877 1789 956 1828 suis
975 1789 1016 1829 in
1038 1788 1139 1828 illud
1167 1789 1295 1828 notisz
1329 1793 1376 1826 ut
1393 1792 1435 1826 et
1449 1801 1543 1827 me-

66 1841 283 1909 nologzium
313 1843 463 1897 Aprilis
494 1843 676 1884 eiusdem
718 1845 786 1886 die
827 1845 877 1886 17
910 1845 1220 1900 Κτησιφῶντος
1249 1843 1360 1885 enim
1387 1850 1429 1884 et
1457 1843 1543 1882 Σα-

68 1894 164 1994 Ιλῆκά
176 1900 518 1951 ηγεμονευουσῶν
545 1899 592 1941 ἐν
605 1898 794 1955 Περσίδι
820 1899 983 1942 πόλεων
1011 1916 1107 1943 eum
1136 1902 1270 1943 solum
1299 1899 1543 1956 pontificem

85 1969 137 1994 au
168 1960 227 1995 at.

179 2024 248 2078 37,
274 2026 315 2067 9.
371 2027 432 2084 τῷ
464 2028 503 2069 δ’
545 2026 664 2085 αὐτῷ
710 2025 792 2070 ἔτει
814 2027 983 2084 Ἑλένην
1011 2027 1090 2084 τήν
1117 2026 1352 2083 μακαρίαν]
1383 2028 1435 2069 ad
1465 2044 1541 2068 an-

66 2097 167 2123 num
197 2083 458 2126 Constantini
496 2085 727 2127 vicennalia
755 2094 996 2142 sequentem
1035 2085 1349 2142 conquirendae
1377 2092 1542 2126 sanctae

67 2139 203 2179 crucis
240 2140 425 2181 studium
467 2147 510 2182 et
547 2143 740 2184 laborem
780 2145 946 2198 seponit
986 2145 1191 2184 Baronius
1233 2158 1329 2184 cum
1359 2141 1540 2197 antiquis

64 2195 275 2237 historicis
305 2196 357 2236 ad
387 2213 540 2238 annum
582 2199 738 2240 Christi
766 2199 849 2242 326
877 2217 990 2242 num.
1018 2201 1070 2242 27
1101 2207 1143 2242 et
1170 2215 1286 2257 seqq.
1343 2197 1543 2240 videndus

69 2254 292 2294 Gretserus
322 2267 453 2308 opere
478 2255 530 2296 de
559 2270 698 2297 cruce.

177 2324 247 2377 38,
276 2325 318 2367 7.
374 2323 524 2367 ἕλκησε
565 2324 614 2367 τὸ
658 2326 930 2386 ζητούμενον]
972 2330 1052 2371 alia
1081 2329 1333 2385 exemplaria
1364 2326 1542 2383 legentia

65 2376 206 2431 ἔλυσε,
232 2388 433 2438 sequutus
464 2399 555 2424 sum
583 2385 625 2424 in
654 2386 860 2427 versione.

176 2454 292 2497 Ibid.
329 2454 392 2498 19.
450 2455 513 2496 ἐπ’
547 2452 728 2508 ὄνόματι
752 2458 827 2511 τῆς
856 2453 1013 2513 ἑαυτῆς
1039 2455 1155 2514 υἱοῦ]
1179 2457 1395 2498 Basilicam
1425 2456 1542 2496 Con-

64 2512 361 2552 stantinianam
403 2512 609 2568 intelligit,
648 2514 731 2554 alio
777 2516 947 2556 nomine
972 2511 1209 2567 μαρτύρων
1240 2511 1541 2567 Hierosolymis

65 2568 235 2612 dictam.
313 2568 365 2609 de
404 2568 516 2609 hisce
546 2570 709 2626 templis
736 2571 940 2612 Eusebius
982 2573 1035 2613 de
1056 2572 1247 2612 laudibus
1277 2569 1541 2611 Constantini

64 2624 194 2679 paulo
224 2632 323 2666 ante
355 2624 553 2666 medium.

172 2696 242 2750 39,
275 2698 337 2739 17.
396 2697 456 2754 τῷ
484 2698 520 2738 δ’
540 2697 675 2755 ,αὐτῷ
701 2696 785 2741 ἔτει
825 2698 849 2742 ὅ
878 2697 1127 2756 φερώνυμος
1156 2695 1405 2754 ΙΙΙακᾰριος]
1435 2699 1543 2740 hane

64 2753 288 2808 periodum
316 2770 341 2795 a
373 2755 648 2796 librariorum
678 2757 893 2812 prioribus
937 2772 1011 2798 suo
1041 2758 1135 2796 loco
1170 2755 1296 2795 nimia
1327 2754 1542 2808 προλήψει

62 2815 220 2851 motam
234 2812 330 2853 satis
348 2813 504 2854 iudicat
519 2826 693 2869 sequens
709 2829 919 2856 annorum
940 2813 1164 2855 canoniam
1180 2819 1224 2854 et
1242 2811 1543 2868 episcoporum
