1768 3268
540 211 607 251 Ex
645 210 990 254 THEOPHANE.
1399 209 1496 257 209

35 329 201 373 bardos.
230 331 410 386 populus
439 345 542 372 vero
575 337 867 386 congregatuS‚
899 338 942 372 et
972 345 1088 372 sacra
1120 335 1270 374 relecta
1301 337 1380 388 per
1407 349 1500 375 eam

38 395 176 428 certus
193 387 325 428 factus
345 387 459 442 quod
477 395 518 428 et
540 387 760 442 imperium
778 394 908 428 staret
935 395 977 428 et
1006 389 1105 428 urbs
1125 392 1369 445 promptior
1400 395 1502 430 esset

36 444 228 484 adversus
249 450 401 498 gentes,
432 459 508 484 nec
530 458 612 484 non
642 450 684 483 et.
722 444 1013 484 enarrantibus
1033 445 1110 485 illis
1149 461 1197 486 ea
1239 461 1346 501 quae
1375 461 1501 501 super

38 500 200 540 duobus
244 501 354 540 stolis
397 502 562 541 fuerant
600 505 732 552 gesta,
764 502 947 541 Leonem
988 501 1156 555 quidem
1201 502 1498 555 imperatorem
1512 519 1546 553 p.
1561 504 1631 540 613

37 556 240 596 continuo
274 556 562 607 laudaverunt,
591 556 785 596 Basilium
814 563 953 597 autem
973 556 1283 612 onomagulum
1313 565 1354 599 et
1382 559 1501 613 prin-

34 612 160 665 cipes,
187 611 259 666 qui
290 613 342 652 ab
374 612 443 652 illo
474 613 666 667 provecti
696 613 879 664 fuerant,
910 612 1071 653 vinctos
1095 614 1285 667 praetori
1312 614 1498 655 tradide-

35 673 148 707 runt..
217 668 302 723 ipse
343 683 443 708 vero
482 667 674 708 Basiliam
709 668 878 723 quidem
920 683 1017 709 cum
1056 669 1255 724 singulari
1295 677 1497 725 praetore

36 724 160 778 ipsius
190 723 425 776 decollavit,
455 730 498 765 et
528 724 667 778 capita
706 739 855 765 eorum
884 726 995 765 fusca
1020 726 1195 766 condita
1224 740 1302 780 per
1326 726 1496 782 spatha..

37 781 122 820 rios
152 779 399 835 imperatori
427 780 677 831 transmisit,
706 781 969 836 reliquorum
1001 787 1139 821 autem
1171 782 1371 837 quosdam
1400 797 1501 822 ver-

38 837 207 876 beratos
235 842 277 876 et
302 842 455 885 tonsos,
485 835 686 891 quosdam
713 852 815 877 vero
848 837 1029 877 abscissis
1058 838 1225 878 naribus
1259 838 1300 878 in
1334 839 1499 879 exilium

38 891 269 933 destinavit.
326 893 468 947 sicque
499 893 654 932 factum
684 900 744 932 est
772 899 820 931 ut
846 893 944 934 hinc
973 894 1018 933 in·
1044 893 1379 936 Occidentalibns
1413 910 1503 934 ma-

38 962 119 1002 gna
147 948 429 1002 correptionis
456 947 700 989 constitutio
731 949 861 989 fieret.
920 963 1055 1003 porro
1073 951 1237 1004 Sergius
1268 952 1398 992 verbo
1428 951 1504 990 im-

38 1004 240 1059 punitatis
269 1019 292 1044 a
320 1011 520 1059 praetore
548 1005 683 1059 petito
714 1005 876 1059 pariter
906 1011 948 1046 et
966 1012 1138 1060 accepto
1158 1007 1283 1048 exivit
1310 1009 1362 1048 ad
1391 1022 1503 1058 eum,

39 1067 82 1100 et
110 1060 166 1101 ita
191 1075 336 1112 ¹omnes
369 1075 472 1115 pace
500 1061 664 1114 potitae
694 1067 791 1101 sunt
823 1061 1047 1116 Hesperiae
1077 1068 1235 1117 partes.

151 1134 316 1173 Interea
342 1133 547 1173 Humarus
576 1146 670 1173 cum
702 1133 946 1174 obtinuisset
973 1135 1140 1186 Arabes,
1167 1135 1384 1189 praecepit
1413 1136 1505 1175 Ma-

40 1188 192 1229 salman
225 1189 380 1229 redire.
440 1189 637 1229 Saraceni
668 1203 768 1243 ergo
796 1190 901 1230 moti
940 1189 1100 1230 decimo
1130 1199 1280 1231 octavo
1311 1191 1506 1231 kalendas

40 1248 240 1300 Augustas
268 1260 363 1285 cnm
395 1244 525 1285 multa
553 1245 798 1285 confusione
827 1247 980 1287 reversi
1012 1255 1122 1287 sunt.
1157 1262 1252 1287 cum
1283 1248 1393 1288 enim
1424 1247 1506 1288 iter

41 1307 181 1355 ageret
210 1301 342 1341 classis
377 1315 537 1351 eorum,
569 1308 788 1355 tempestas
817 1317 839 1341 a
872 1302 949 1342 deo
982 1318 1060 1356 per
1103 1304 1411 1346 intercessiones
1440 1303 1507 1343 dei

40 1358 184 1398 matris
215 1357 454 1397 incumbens
482 1357 521 1396 in
540 1357 629 1397 illos
647 1357 722 1397 hos
752 1358 954 1411 dispersit,
986 1365 1027 1399 et
1048 1360 1146 1399 alios
1167 1360 1334 1414 quidem
1358 1361 1509 1399 horum

39 1428 165 1468 penes
179 1414 490 1454 Proconensum
513 1419 554 1453 et
574 1414 750 1468 reliquas
776 1415 940 1465 insulas,
969 1415 1068 1456 alios
1089 1429 1188 1455 vero
1218 1416 1258 1455 in
1290 1416 1509 1470 vertigines

42 1476 84 1510 et
113 1476 253 1510 cetera
288 1469 483 1509 demersit
512 1469 551 1509 in
585 1483 784 1524 aequora.
844 1471 999 1511 residui
1026 1486 1196 1527 quoque
1224 1486 1319 1512 cum
1356 1472 1509 1512 transi-

41 1533 137 1566 rent
171 1529 376 1580 Aegaeum
410 1525 577 1580 pelagus
596 1555 608 1577 ,
645 1527 851 1580 extemplo
883 1527 1125 1581 supervenit
1155 1528 1196 1568 in
1230 1529 1285 1568 eis
1311 1527 1506 1568 terribilis
1519 1543 1557 1577 p.
1576 1531 1649 1566 614

41 1582 272 1636 indignatio
311 1582 395 1622 dei:
427 1582 589 1635 grando
633 1597 811 1636 namque
845 1583 961 1636 ignea
1004 1583 1251 1624 descendens
1281 1599 1408 1638 super
1438 1597 1507 1623 eos

41 1653 167 1694 aquas
183 1638 307 1678 maris
325 1637 499 1679 ebullire
516 1637 627 1689 fecit,
650 1644 692 1678 et
710 1639 803 1692 pice
827 1638 1051 1693 liquefacta
1071 1640 1189 1680 simul
1209 1655 1304 1680 cum
1324 1640 1506 1680 homini-

41 1696 118 1735 hus
138 1709 260 1735 naves
292 1695 334 1734 in
364 1693 623 1748 profundum
657 1694 850 1735 inductae
870 1702 979 1746 sunt,
1010 1696 1155 1737 decem
1180 1697 1274 1736 solis
1305 1711 1349 1736 ex
1382 1696 1437 1736 eis
1466 1702 1508 1735 et

41 1752 137 1805 ipsis
163 1749 429 1805 providentia
461 1751 527 1790 dei
559 1751 774 1791 salvatoris
794 1751 1064 1793 evadentibus
1097 1753 1148 1792 ad
1179 1753 1508 1792 annuntiandum

42 1807 179 1856 nobis,
210 1820 287 1847 nec
317 1820 401 1847 non
436 1812 478 1847 et
496 1807 715 1856 Arabibus,
746 1807 946 1862 magnalia
982 1808 1062 1861 dei,
1093 1809 1269 1864 quaein
1302 1808 1377 1849 illis
1407 1809 1509 1848 effe-

41 1869 108 1902 cta
137 1870 248 1904 sunt.
307 1877 407 1918 quas
437 1863 562 1902 etiam
601 1869 805 1904 nostrates
844 1864 1112 1916 invenientes,
1144 1865 1329 1920 quinque
1360 1865 1508 1904 harum

42 1919 399 1973 comprehendere
426 1926 678 1973 potueruntz
709 1919 811 1961 aliae
839 1935 940 1961 vero
974 1921 1160 1976 quinque
1192 1921 1327 1961 salvae
1354 1921 1393 1961 in
1428 1922 1507 1975 Sy-

41 1976 148 2015 riam
177 1975 326 2016 ductae
351 1981 460 2026 sunt,
488 1975 556 2016 dei
585 1978 907 2033 annuntiaturae
938 1978 1188 2032 potentiam.

154 2058 317 2098 Eodem
356 2072 459 2098 vero
508 2073 616 2099 anno
659 2064 799 2099 terrae
838 2066 956 2100 motu
986 2075 1135 2113 magno
1169 2060 1210 2099 in
1245 2060 1365 2115 Syria
1397 2061 1506 2100 facto

42 2116 202 2155 Humar
233 2130 255 2153 a
287 2114 523 2154 civitatibus
567 2115 711 2154 vinnm
744 2116 951 2167 inhibuit,
987 2122 1028 2157 et
1059 2116 1316 2157 Christianos
1345 2124 1507 2170 aposta-

41 2178 132 2211 tare
161 2170 308 2225 coe'git‚
343 2176 384 2210 et
405 2177 683 2225 apostatantes
714 2172 884 2226 quidem
905 2173 992 2213 sine
1013 2173 1177 2212 tributo
1199 2186 1283 2213 esse
1312 2173 1504 2222 faciebat,

42 2242 126 2267 non
161 2226 461 2267 consentientes
489 2241 591 2267 vero
623 2228 911 2277 interimebat,
956 2243 1003 2268 ac
1032 2243 1110 2283 per
1141 2229 1182 2268 id
1210 2228 1361 2268 multos
1393 2245 1505 2268 mar-

40 2290 151 2339 tyres
181 2289 377 2337 operatus
410 2288 484 2323 est.
544 2285 676 2324 sanxit
708 2286 831 2324 etiam
871 2285 1155 2326 testimonium
1185 2284 1404 2325 Christiani
1434 2285 1505 2324 ad·

41 2353 178 2380 versus
208 2341 462 2379 saracenum
497 2339 666 2379 minime
697 2341 999 2395 recipiendum.
1061 2343 1158 2382 fecit
1186 2347 1320 2381 autem
1349 2342 1506 2393 episto-

44 2396 125 2435 lam
154 2394 431 2449 dogmaticam
475 2395 527 2434 ad
557 2396 740 2436 Leonem
783 2397 1105 2451 imperatorem,
1147 2404 1259 2438 ratus
1290 2398 1439 2451 impius
1467 2396 1505 2436 ei

42 2452 295 2507 persuadere
328 2466 413 2506 quo
445 2466 466 2489 a
497 2450 578 2491 fide
607 2466 679 2491 sua
717 2453 945 2494 recederet.

149 2526 270 2565 Anno
302 2523 471 2578 imperii
500 2523 561 2563 sui
587 2525 714 2564 tertio
749 2531 866 2565 natus
910 2533 970 2566 est
1006 2526 1139 2567 Leoni
1176 2524 1357 2580 principi
1400 2524 1503 2564 filius

42 2580 211 2620 nomine
228 2580 534 2628 Constantinus,
565 2581 637 2635 qui
666 2577 792 2636 magis
823 2581 892 2621 illo
921 2582 1068 2636 impius
1100 2581 1178 2621 fuit
1208 2578 1643 2625 etAntichristip-615

43 2650 311 2689 praecursor.
382 2641 567 2676 ceterum
607 2642 758 2677 octavo
787 2637 980 2678 kalendas
1004 2637 1212 2678 Ianuarias
1238 2636 1371 2676 Maria
1402 2650 1508 2676 uxor

43 2693 195 2732 Leonis
214 2698 416 2733 coronata
440 2697 499 2732 est
520 2691 561 2730 in
585 2692 770 2734 triclinio
790 2695 983 2748 Augusta,
1014 2701 1055 2733 et
1074 2692 1277 2747 processit
1298 2692 1382 2732 sola
1411 2706 1507 2731 cum

44 2749 217 2788 solemni
247 2748 448 2803 obsequio
477 2748 562 2788 sine
581 2749 672 2788 viro
701 2749 753 2789 ad
774 2764 961 2803 magnam
986 2749 1212 2797 ecclesiam,
1241 2753 1284 2787 et
1313 2748 1506 2791 oratione

43 2811 136 2848 ante
163 2805 388 2859 ingressum
420 2803 558 2844 altaris
578 2804 699 2845 effusa
722 2806 886 2845 transiit
906 2805 957 2845 ad
977 2804 1268 2860 baptisterium
1299 2818 1504 2859 magnum,

174 2887 410 2935 Theophanes
434 2889 482 2922 11.
1200 2885 1243 2925 14
