1728 3184
188 170 285 217 550
701 173 757 214 ΙΝ
799 173 834 213 Τ
836 170 1172 214 HEOPHANEM

185 290 247 337 tio
278 303 407 342 supra
438 287 646 329 decimum
681 289 864 328 Leonem
911 286 1089 340 imperio
1129 285 1313 338 potitum
1343 283 1508 338 scripsit
1534 298 1660 337 snpe-

187 346 272 386 rius
300 345 573 398 Theophanes
603 343 655 384 ad
685 342 946 384 Constantini
980 341 1243 397 Copronymi
1274 355 1426 380 annum
1457 341 1662 379 ultimum:

185 397 444 456 Septembris
473 402 623 442 iterum
658 400 723 440 die
759 409 910 440 ocimo
944 401 1028 438 suto
1063 401 1251 439 sunctum
1284 398 1354 437 hic
1379 396 1546 436 statuit:
1581 397 1662 450 igi-

187 465 260 499 tur
298 466 394 512 post
437 458 599 512 imperii
630 453 703 511 ἔτη
742 458 865 497 πέντε
908 455 1023 507 παρὰ
1061 456 1104 503 ’ἐξ
1151 453 1341 507 ἡμέρας,
1383 467 1558 508 eamque
1600 453 1662 493 le·-

186 515 371 555 ctionem
401 516 530 555 codex
549 515 800 553 Barba-inus
833 520 873 553 et
887 513 1081 553 Vaticani
1111 517 1345 551 ostentant:
1376 510 1445 550 sed
1477 517 1519 549 et
1548 511 1663 549 Ana-

185 573 328 612 stasius
361 587 450 612 eam
481 577 639 610 tuetur.
700 579 874 610 mortuus
901 581 982 620 esc,
1025 569 1188 623 inquit,
1222 581 1309 607 cum
1341 575 1549 620 regnasset
1579 580 1657 606 αη-

185 629 248 668 nis
278 630 480 684 quinque,
511 627 650 667 dzelms
694 641 767 667 sex
810 629 1005 682 exceptis.
1079 632 1122 665 at
1159 639 1255 664 cum
1295 623 1551 678 Septembris
1594 622 1662 663 die

185 685 380 724 vicesimo
411 684 540 724 tertio
574 684 798 737 imperium
838 684 981 723 adiisse
1020 697 1067 722 ex
1099 682 1223 735 ipsius
1258 681 1441 720 auctoris
1470 679 1663 720 testimo-

186 742 256 781 nio
289 741 342 782 ad
375 756 529 780 annum
558 739 816 794 Copronymi
848 738 1038 779 ultimum
1070 738 1288 779 evidenter
1318 737 1658 786 demonstretur3

186 798 444 852 Septembris
484 795 665 837 eiusdem
709 796 776 836 die
817 796 994 850 septimo
1039 810 1165 849 supra
1211 794 1417 834 decimum
1451 792 1661 833 excessisse

187 860 363 895 constat.
437 860 606 893 stemma
638 866 771 905 porro
802 866 975 907 magnae
1019 852 1225 903 ecclesiae,
1257 850 1371 906 quod
1406 850 1484 890 sibi
1513 848 1664 889 vendi-

187 926 295 951 casse
336 917 566 958 narratur,
613 909 715 948 illud
758 914 819 948 est
850 909 964 963 quod
995 925 1016 948 a
1058 908 1235 963 coniuge
1266 908 1470 948 donatum
1503 905 1660 960 templo

187 967 428 1022 appendisse
476 965 728 1006 Mauricium
778 980 907 1019 supra
947 965 1119 1021 legimus
1168 964 1221 1005 ad
1276 965 1361 1005 eius
1410 977 1565 1002 annum
1609 962 1659 1003 19

185 1039 279 1080 pag.
315 1022 413 1064 236.

296 1096 391 1145 703,
426 1096 465 1136 S.
537 1096 613 1148 τῆς
645 1091 974 1149 Δωδεκανήσου]
1023 1094 1181 1134 insulae
1212 1092 1410 1149 Cyclades
1439 1091 1661 1132 duodecim

185 1150 487 1206 Δωδεκάνησος
514 1158 632 1192 sunt:
679 1157 720 1192 et
749 1166 844 1191 cum
877 1152 916 1191 in
950 1152 1060 1192 civili
1088 1156 1179 1190 tum
1208 1151 1249 1190 in
1281 1149 1560 1190 ecclesiastico
1592 1164 1662 1188 re..

185 1210 339 1265 gimine
368 1210 630 1263 provinciam
662 1209 950 1248 constituunt:
993 1209 1091 1263 quia
1118 1221 1222 1248 vero
1253 1206 1485 1247 maritimae
1520 1207 1664 1245 Drun-

146 1291 151 1298 ι
185 1268 349 1322 gai-ius,
390 1266 536 1316 (classis
568 1265 767 1304 nimirum
797 1280 843 1305 ex
873 1265 927 1305 eis
962 1266 1164 1305 collectae
1195 1263 1290 1315 dux)
1318 1264 1412 1304 ideo
1443 1262 1561 1302 simul
1593 1277 1665 1302 re-

184 1330 281 1364 ctor
314 1329 518 1363 censetur.
579 1322 824 1375 metropolis
857 1328 899 1362 et
930 1322 1193 1376 episcopatus
1226 1321 1267 1361 in
1301 1319 1460 1361 notitiis
1490 1319 1543 1360 ad
1573 1319 1665 1359 edi..

185 1380 310 1421 tionis
341 1379 494 1434 Regiae
524 1379 734 1419 Codinum
760 1379 923 1419 attextis
955 1384 1201 1419 occurrunt.

301 1465 411 1506 Ibid.
446 1464 508 1504 11.
584 1462 659 1503 καί
695 1462 957 1515 μεταδοῦναι
998 1463 1056 1519 τῷ
1094 1462 1198 1519 λαῷ]
1232 1467 1278 1502 ut
1320 1462 1408 1516 ipso
1438 1460 1666 1503 sacerdotii

186 1521 386 1563 exercitio
415 1520 592 1575 imperio
614 1520 813 1560 nuncium
841 1520 1039 1560 remisisse
1069 1520 1437 1563 convincerentur.

298 1603 393 1654 705,
423 1603 463 1644 3.
522 1596 634 1650 ὅπως
660 1599 738 1656 τὴν
773 1603 995 1658 θυγατέρα
1035 1603 1171 1644 αὐτοῦ
1197 1598 1386 1658 Ἐρυθραὶ
1419 1601 1659 1656 λεγομένην]

186 1662 390 1700 rotrudem
420 1662 685 1701 Francorum
717 1661 856 1715 lingua
887 1668 1099 1711 vocatam,
1131 1660 1182 1701 de
1215 1676 1296 1715 qua
1328 1660 1495 1700 annales
1525 1661 1665 1698 Fran-

188 1731 340 1756 corum
371 1718 580 1771 Anonymi
611 1718 662 1757 ab
696 1718 860 1757 Andrea
874 1718 1092 1758 Duchesnc
1124 1717 1287 1757 collecti
1320 1724 1420 1757 tom.
1442 1716 1466 1755 2
1495 1730 1593 1770 pag.
1612 1716 1665 1755 <22

188 1779 231 1813 et
261 1789 283 1812 a
312 1773 443 1814 Paulo
479 1774 651 1814 Petavio
688 1789 785 1828 pag.
816 1770 901 1814 354
941 1774 1171 1828 Nibelungo
1203 1773 1400 1827 ascripti,
1440 1787 1550 1812 anno
1582 1771 1662 1811 do-

188 1829 291 1869 mini
323 1829 403 1869 781
435 1830 480 1881 (is
508 1830 672 1869 auctori
704 1836 797 1869 toto
829 1831 1046 1884 septennio
1079 1830 1232 1881 delicit,
1264 1825 1428 1883 dequo
1460 1829 1574 1879 alibi)
1606 1829 1662 1867 ita

187 1886 392 1929 scribunt.
448 1889 636 1940 per-rexit
665 1886 806 1926 carlus
838 1900 917 1925 rex
944 1888 1121 1926 Romam
1167 1896 1241 1926 etc.
1270 1896 1309 1926 et
1334 1887 1395 1926 ibi
1419 1885 1664 1940 desponsata

186 1951 245 1982 est
269 1941 447 1982 Rottrud
459 1943 560 1998 filia
587 1944 693 1995 regis
727 1943 982 1982 Constantino
1015 1944 1267 1998 imperatori.
1326 1945 1452 1998 poeta
1485 1941 1663 1982 Saxoni-

189 2013 261 2039 cus
291 2000 531 2054 Anonymus
561 1999 667 2038 tomi
697 1996 878 2039 eiusdem
908 2014 999 2054 pag.
1033 1998 1124 2039 177.

356 2085 521 2112 necnon
549 2071 822 2124 Rhuotrudis,
856 2071 1037 2126 reliquis.
1057 2085 1163 2126 quae
1191 2071 1274 2111 filia
1306 2077 1406 2112 natu

412 2128 548 2168 maior
578 2132 681 2180 erat,
708 2127 824 2168 flevit
858 2129 975 2168 valde
1004 2143 1165 2183 gemens
1199 2128 1376 2168 obitum.

355 2184 465 2225 hanc
495 2191 537 2225 et
567 2186 830 2224 Graecorum
859 2185 1054 2224 luxerunt
1082 2185 1183 2225 ditia
1214 2199 1364 2239 regna,

415 2241 531 2296 quod
563 2255 647 2280 non
670 2240 749 2281 hac
781 2241 854 2281 tali
882 2241 1005 2296 digna
1036 2242 1177 2282 forent
1205 2242 1390 2282 domina.

356 2311 505 2352 sponsa
535 2297 615 2337 fuit
644 2298 907 2338 Constantini
937 2314 1029 2337 nam
1060 2306 1225 2353 sceptra
1258 2298 1440 2353 regentis

412 2353 518 2393 illius
549 2368 714 2408 semper
748 2354 898 2395 nobilis
927 2355 1107 2408 imperii.

354 2410 511 2465 inclyta
542 2410 923 2464 Constantinopolis
966 2411 1016 2450 de
1043 2411 1230 2465 germine
1260 2409 1393 2450 nostri

412 2467 588 2521 optabat.
617 2467 757 2506 Caroli
789 2467 974 2507 nobilior
1002 2467 1110 2508 fieri.

190 2558 239 2591 ut
270 2565 353 2590 non
371 2552 448 2591 nisi
479 2567 573 2592 cum
587 2551 774 2602 Francis,
806 2566 889 2591 non
923 2552 980 2592 ita
1009 2567 1104 2592 cum
1125 2552 1287 2602 exteris,
1316 2549 1525 2591 connubia
1554 2564 1657 2590 con-

190 2607 361 2648 trahere
390 2609 561 2649 Graecis
592 2610 719 2663 impp.
752 2609 908 2660 liceret,
939 2608 1033 2649 vide
1064 2608 1327 2648 disserentem
1344 2607 1661 2646 Constantinum

190 2662 243 2704 de
271 2664 369 2718 imp.
398 2664 626 2706 administr.
673 2679 762 2718 cap.
798 2664 873 2715 12,
920 2680 1052 2720 quare
1083 2665 1199 2719 quod
1242 2667 1401 2704 isaurus
1431 2665 1516 2705 Leo
1549 2665 1660 2703 Con-

189 2720 374 2760 stantino
418 2721 504 2763 filio
551 2721 751 2779 Scytham
802 2733 974 2762 uxorem
1030 2720 1215 2772 dederit,
1259 2721 1451 2763 observat
1509 2725 1660 2760 auctor

191 2790 285 2832 pag.
314 2775 409 2817 343.
