1768 3268
610 211 680 251 Ex
719 207 1019 251 SYNCELLO.
1497 202 1559 249 :39

77 326 145 383 gni
180 324 443 380 Carthaginis
484 324 644 381 Libyae
673 323 899 379 praesulis,
940 322 1191 378 martyrium
1229 320 1410 375 scripsit.
1471 320 1561 375 pri-

79 382 168 424 mus
200 382 416 437 Cypriano
456 380 753 436 dogmatizanti
787 395 866 435 per
895 379 1111 419 lavacrum
1152 378 1377 432 quosdam,
1410 379 1482 433 qui
1514 391 1562 418 ex

71 439 316 483 haeresibus
356 443 691 489 convertuntur,
721 435 1031 493 purificandos,
1065 434 1322 490 Stephanus,
1361 435 1432 490 qui
1464 438 1563 488 post

76 497 253 538 Lucium
295 497 587 536 Romanorum
627 494 871 536 moderatus
917 499 977 534 est
1005 492 1170 544 sedem,
1201 491 1380 539 restitit,
1410 496 1561 545 utpote

79 569 237 594 novum
265 552 467 609 quiddam
513 558 687 607 praeter
731 551 930 593 ecclcsiae
967 548 1314 590 consuetudinem
1363 547 1558 589 introdu-

75 609 200 651 centi.
259 609 328 651 cui
358 609 573 664 Stephano
601 608 828 665 Dionysius
866 607 1047 662 primam
1083 621 1199 647 suam
1228 605 1280 646 de
1308 604 1559 658 baptismate

32 712 35 713 ⁷
77 667 212 708 mittit
241 665 474 722 epistolam,
507 665 549 707 in
582 681 664 721 qua
683 665 796 706 inter
819 664 898 705 alia
919 663 1066 705 scribit
1085 663 1225 704 dicens
1256 662 1430 717 “Syriae
1459 676 1558 702 sane
1571 663 1604 698 P·
1629 652 1697 692 708
1726 655 1767 690 13

76 738 220 765 omnes
250 730 295 765 et
325 723 496 774 Arabia,
527 723 679 779 quibus
707 736 874 776 semper
901 721 1078 772 misistis,
1109 726 1238 775 atque
1254 719 1559 772 Mesopotamia

74 781 236 822 Pontus
257 786 301 822 et
316 779 521 831 Bithynia,
538 786 586 821 ut
606 779 865 821 coniunctim
888 792 1078 827 asseram,
1099 777 1285 818 exultant
1303 790 1445 816 omnes
1463 776 1560 816 uhi-

75 852 160 894 que
186 827 423 879 concordiis
435 843 477 878 et
491 851 638 878 amore
653 836 928 877 fraternitatis
944 835 1224 890 glorificantes
1243 834 1413 875 deun1.’⁷
1433 847 1561 887 prae..

73 901 191 936 terea
203 894 315 936 idem
330 893 736 950 magnusDionysius
760 892 1061 933 Alexandrinus
1091 892 1310 946 episcopus
1336 889 1389 930 de
1418 890 1561 943 bapti-

71 957 202 993 smate
220 951 369 992 scribit
388 958 475 992 tam
495 950 630 992 eidem
642 949 856 1004 Stephano
877 964 1002 1006 quam
1018 950 1135 990 Sixto
1155 947 1344 1003 pontifici
1364 953 1404 987 et
1416 947 1561 986 Philo-

74 1009 184 1049 meni
212 1008 464 1064 presbytero
483 1013 525 1048 et
538 1007 744 1062 Dionysio
762 1021 895 1062 aeque
915 1005 1179 1062 presbytero,
1203 1005 1296 1044 viro
1322 1002 1562 1044 rationabili

77 1071 119 1107 et
150 1065 350 1117 mirabili,
381 1064 455 1121 qui
479 1070 522 1106 et
538 1070 635 1120 post
656 1064 871 1104 modicum
893 1064 1083 1103 Romano
1113 1062 1359 1117 praeficitur
1390 1060 1559 1100 throno.

187 1137 336 1180 Mundi
367 1151 478 1178 anno
509 1136 634 1190 5748,
679 1136 845 1179 divinae
876 1135 1177 1177 incarnationis
1209 1149 1320 1175 anno
1351 1129 1446 1182 948,
1478 1133 1552 1173 Va.
1575 1148 1604 1182 p.
1626 1135 1694 1170 714

75 1195 255 1236 terianus
285 1201 328 1236 e't
357 1194 553 1236 Galienus
583 1195 809 1248 imperant.
882 1191 1118 1247 Stephanus
1158 1192 1294 1231 Sixtus
1324 1197 1364 1231 et
1394 1191 1559 1246 Diony-

74 1254 155 1293 sius
205 1253 444 1294 Romanum
505 1251 774 1306 pontificium
832 1256 998 1305 gerunt.
1068 1248 1221 1290 Paulus
1266 1249 1559 1289 Samosatvnus

74 1309 257 1350 decimus
289 1309 462 1365 quintus
494 1307 740 1349 Antiochiae
778 1307 944 1362 praesul
971 1306 1172 1356 babetur,
1220 1305 1377 1360 quique
1419 1305 1560 1359 pulsus

74 1373 136 1408 est
161 1365 305 1406 divino
340 1365 514 1406 decreto
541 1371 583 1406 et
612 1365 770 1405 iudicio
813 1370 1058 1404 sanctorum
1088 1368 1276 1416 patrum,
1307 1377 1403 1401 cum
1435 1364 1559 1400 Arte-

73 1423 207 1464 monis
236 1423 442 1464 haeresim
468 1429 722 1463 renovasset.
784 1435 928 1461 verum
959 1425 1056 1474 post
1093 1419 1259 1460 Gallum
1291 1426 1333 1459 et
1363 1418 1557 1458 Volusia-
1572 1426 1692 1474 p.715

74 1495 175 1521 num
207 1479 436 1521 secundum
468 1479 672 1535 quosdam
706 1477 955 1519 Aemilianus
986 1476 1112 1516 sumit
1141 1475 1384 1529 imperinm.
1459 1480 1559 1514 tunc

71 1544 116 1579 et
145 1536 328 1593 Scythae
356 1534 499 1578 ru‘rsus
528 1535 720 1576 Histrum
748 1540 1011 1576 transeuntes
1040 1532 1375 1574 Thessalonicam
1407 1531 1558 1572 urbem

74 1593 230 1649 lllyrici
270 1599 557 1635 vastaverunt.
632 1599 733 1634 tunc
778 1596 822 1632 et
856 1590 1125 1631 Athenienses
1179 1588 1559 1630 reaedificaverunt

70 1665 266 1704 murum,
311 1650 386 1706 qui
415 1649 649 1691 destructus
681 1649 821 1689 fuerat
858 1663 881 1688 a
911 1647 1048 1703 Syllae
1086 1646 1367 1700 temporibus.
1451 1645 1559 1700 Scy..

72 1708 169 1748 thae
197 1714 340 1748 autem
367 1722 464 1748 cum
493 1706 639 1765 multis,
664 1705 828 1760 praedis
856 1703 909 1744 ad
934 1704 1112 1759 propria
1140 1707 1395 1745 remearunt.
1454 1708 1559 1741 tunc
1572 1715 1606 1751 p.
1627 1708 1691 1742 717
1723 1707 1745 1742 9

74 1772 116 1806 et
143 1764 293 1806 Heluri
323 1778 419 1805 cum
451 1758 690 1819 quingen'tis
722 1762 896 1803 navibus
930 1776 1009 1816 per
1040 1759 1269 1801 Maeotides
1300 1758 1472 1814 paludes
1507 1757 1558 1798 ad

69 1822 257 1862 Pontum
281 1821 522 1877 navigantes
549 1819 797 1877 Byzantium
826 1825 868 1860 et
899 1817 1195 1874 Chrysopolim
1226 1822 1446 1871 ceperunt.

182 1897 304 1936 Anno
332 1893 477 1935 mundi
495 1892 619 1945 5753,
653 1893 818 1935 divinae
844 1892 1146 1933 incarnationis
1174 1905 1285 1930 anno
1305 1887 1401 1940 253,
1432 1888 1555 1928 Clau·
1569 1906 1604 1941 p.
1627 1897 1695 1931 720

72 1951 163 1992 dius
193 1952 386 2007 imperat.
446 1952 592 1992 Heluri
615 1952 739 1991 etiam
759 1965 903 1991 rursus
932 1950 1007 1989 sub
1027 1949 1104 1988 isto
1125 1947 1348 1987 infeliciter
1370 1959 1555 2000 operan-

72 2015 156 2049 tur.
212 2015 309 2063 post
337 2008 558 2050 Claudium
589 2007 818 2058 Quintilius
842 2006 1028 2048 obtinuit
1056 2020 1133 2060 per
1164 2005 1250 2046 dies
1269 2003 1335 2055 17,
1366 2009 1408 2044 et
1436 2016 1555 2042 mor-

74 2072 168 2107 tuus
199 2071 275 2106 est.

183 2137 331 2180 Mundi
361 2150 470 2179 anno
502 2132 626 2190 5764,
667 2137 831 2178 divinae
859 2136 1156 2177 incarnationis
1196 2149 1308 2175 anno
1339 2131 1434 2180 964,
1469 2133 1555 2171 Au-
1572 2149 1605 2183 p.
1626 2137 1692 2171 721

72 2195 250 2236 relianus
281 2196 488 2250 imperat,
514 2195 590 2235 sub
632 2210 718 2250 quo
754 2195 872 2235 aiunt
911 2194 1213 2234 philostratum
1243 2189 1553 2231 Atheniensium

69 2253 459 2307 historiographum
501 2257 543 2292 et
570 2252 806 2307 Longinum
843 2252 1019 2306 pollere.
1079 2250 1167 2306 qui,
1195 2248 1389 2289 videlicet
1419 2250 1553 2286 Aure-
1569 2265 1603 2300 p.
1628 2256 1696 2291 722
1727 2253 1768 2287 12

70 2309 217 2360 liunus,
249 2324 345 2350 cum
385 2309 725 2364 persecutionem
755 2308 954 2348 adversus
994 2307 1252 2347 Christianos
1283 2318 1457 2344 movere
1489 2303 1555 2341 ni-

70 2372 247 2417 teretur,
283 2366 425 2407 divino
466 2365 639 2406 fulmine
668 2365 940 2420 prohibetur,
970 2363 1205 2419 fraudeque
1233 2377 1405 2402 suorum
1438 2359 1555 2399 occi-

69 2438 133 2463 sus
164 2429 224 2464 est
252 2423 294 2463 in
314 2421 638 2477 Caenophrurio
670 2423 808 2476 posito
838 2423 947 2462 inter
965 2421 1213 2477 Byzantium
1244 2424 1286 2460 et
1301 2417 1553 2458 [lex-aeliam.

73 2486 165 2535 post
203 2494 329 2536 quem
374 2481 556 2533 imperat
585 2480 780 2527 Tacitus3
823 2492 909 2534 quo
941 2484 1165 2533 perempto
1195 2478 1376 2531 imperat
1404 2473 1553 2514 Philo-

69 2537 241 2588 rianus3
275 2553 361 2592 quo
395 2536 618 2576 interfecto
638 2535 834 2590 ‘imperat
855 2536 1034 2576 Probus.

180 2610 327 2650 Mundi
360 2625 470 2650 anno
499 2608 633 2664 5770,
663 2609 828 2650 divinae
860 2607 1162 2648 incarnationis
1194 2619 1304 2646 anno
1335 2603 1430 2654 270,
1463 2609 1601 2656 ter-p.
1621 2613 1688 2648 723

70 2667 131 2706 tio
163 2682 274 2707 atino
304 2668 449 2707 Probo
496 2666 731 2722 imperante
770 2666 987 2707 Anatolius
1032 2664 1293 2706 Laodicenus
1334 2661 1553 2715 episcopus

70 2723 372 2778 philosophicis
402 2723 546 2763 studiis
581 2723 758 2764 decorus
789 2724 1044 2778 agnoscitur.
1123 2725 1279 2776 quarto
1309 2733 1410 2759 vero
1442 2732 1553 2757 anno

72 2781 156 2819 eius
189 2795 439 2877 vesanorum
473 2781 818 2823 Manichaeorum
859 2780 1031 2822 exitialis
1062 2777 1246 2834 perditio
1278 2777 1386 2817 vitae
1415 2776 1554 2817 bomi-

72 2851 174 2877 num
203 2843 262 2879 est
293 2838 321 2878 il
340 2843 418 2879 utu,
470 2849 474 2852 ’
