1728 3184
717 202 919 244 NOTAE.
1450 200 1547 247 327

192 317 368 371 33,17.
442 319 516 360 καὶ
549 317 727 372 μονίταν
766 315 825 367 ὥς
861 320 1055 373 βασιλίδι
1095 315 1340 388 ἐπένειμεν]
1370 323 1551 366 Eusebio

83 380 201 475 1¹:913
224 375 419 472 ngiaeeed.
465 376 548 417 iam
578 376 711 419 relato
743 382 869 428 teste,
911 384 955 418 et.
986 378 1170 419 Baronio
1209 380 1261 420 ad
1285 395 1442 422 annum
1468 378 1553 424 325

194 502 304 546 nid.
341 501 406 543 18.
464 502 574 557 αὕτη
608 502 656 545 δὲ
702 499 908 544 ὀπτασίαν
933 499 1114 558 ἑώρακε]
1145 506 1295 547 xisioui
1327 509 1392 549 vel
1427 523 1556 550 reve-

80 556 230 599 lationi
257 558 495 601 huiusmodi
524 565 746 601 attestatur
777 560 1020 601 Ambrosius
1051 568 1158 604 orat.
1188 563 1239 603 de
1267 564 1386 605 obitu
1414 564 1554 606 Theo-

82 615 199 656 dosii.
227 615 426 657 Paulinus
453 617 573 671 epist.
603 616 655 656 ad
687 617 889 657 Severum
920 617 1013 658 de
1002 633 1083 658 mv.
1117 619 1161 659 S.
1194 621 1353 673 crucis,
1381 623 1553 664 Rufinus

82 671 158 712 lib.
193 672 343 712 leccl.
377 672 470 713 hist.
502 687 591 726 cap.
624 672 648 713 7
680 679 722 713 et
752 673 946 713 Socrates
976 673 1047 716 lib.
1082 674 1225 740 lcap.
1262 675 1326 716 13.
1385 677 1554 718 aliiHe-

80 728 199 770 lenae
226 729 365 769 studio
397 734 439 770 et
471 729 605 770 labori
636 717 771 769 crucis
812 729 1096 771 inventionem
1127 732 1348 787 assignant.

190 800 302 841 Ibid.
335 799 402 841 20.
459 797 484 854 ἦ
516 799 564 841 δὲ
592 797 662 841 τὸν
690 801 824 842 παῖδα
858 802 1178 843 Κωνσῐαντῖνον
1220 799 1417 860 ᾐτήσατο]
1451 806 1550 860 qui-

79 856 173 896 dam
205 857 403 897 Helenam
442 873 464 897 a
495 857 581 897 filio
610 858 770 898 missam
810 859 1022 899 referunt:
1061 847 1293 901 Alexander
1321 861 1548 926 monachus

78 912 192 966 apud
233 914 477 954 Gretserum
512 920 612 954 tom.
649 914 673 953 2
714 914 765 956 de
792 929 942 965 cruce,
985 916 1035 955 ab
1074 917 1335 970 imperatore
1370 917 1546 967 missam,

78 967 295 1025 ipsamque
334 970 446 1010 mitti
486 972 764 1038 expostulasse
809 977 967 1012 narrat.
1031 972 1116 1012 eius
1147 974 1274 1014 verba
1301 980 1410 1027 sunt,
1435 990 1548 1042 quae

80 1025 148 1065 hic
176 1026 345 1091 scripta.
403 1024 647 1066 ἀπέστειλεν
690 1024 712 1065 ὅ
737 1026 940 1078 βασιλεὺς
967 1025 1045 1080 τὴν
1075 1024 1233 1069 ἑαυτοῦ
1258 1031 1420 1096 μητέρα
1435 1028 1549 1071 Ἑλέ-

77 1095 153 1147 νην
180 1077 256 1135 τὴν
285 1081 525 1132 α’ξιένιαινον
563 1097 632 1123 και
666 1084 849 1137 θεοφιλῆ
883 1083 944 1130 εἰς
969 1081 1243 1136 Ἱεροσόλιμα
1272 1084 1381 1136 μετὰ
1408 1101 1547 1138 γραμ-

76 1135 235 1202 μα’των,
264 1138 340 1178 καί
363 1136 598 1203 χρημάτων
629 1137 842 1193 ἀφθονία,
873 1135 979 1191 πρὸς
1012 1138 1086 1179 τὸν
1114 1139 1345 1195 IlIaxcipcov
1368 1140 1548 1192 Ἱεροσο-

77 1189 237 1260 λυμων,
265 1193 338 1234 ἐπὶ
354 1190 604 1262 α’ναζητήσει
634 1195 715 1234 τοῦ
743 1195 951 1244 ζωοποιοῦ
976 1195 1114 1247 ξὺλ,υυ
1138 1198 1211 1237 καί
1237 1197 1440 1253 οικοδομῇ
1467 1199 1549 1239 τῶν

77 1247 208 1300 ἁγίων
229 1246 392 1300 τόπων,
426 1248 558 1314 αὐτῆς
599 1266 830 1304 αιτησαιιει
835 1266 881 1316 ης
920 1251 994 1304 τῆς
1033 1253 1284 1321 βασι3.’”ιδος,
1303 1251 1548 1318 φασκριῖσης

77 1301 285 1346 ὀπτασίαν
311 1306 434 1346 θείαν
441 1301 717 1374 ἑωρακέναι,
755 1303 1013 1347 κε3εύουσαν
1052 1309 1161 1364 αὐτῇ
1197 1308 1250 1349 τὰ
1272 1306 1547 1363 Ἱεροσό3υμα

76 1363 343 1413 καταλαβεῖν,
376 1358 451 1402 καί
475 1359 575 1410 τούς
599 1361 744 1416 ἁγίους
760 1358 910 1412 τόπους
941 1362 1001 1412 εἰς
1032 1366 1123 1419 φῶς
1150 1365 1320 1420 ἀγαγεῖν
1349 1365 1546 1419 χωσθέν-

74 1431 152 1466 τας
178 1414 262 1458 ὑπὸ
293 1417 379 1459 τῶν
408 1414 588 1470 α’νόμων.

185 1485 256 1541 34,
286 1489 327 1530 4.
392 1490 438 1531 ἐν
463 1490 519 1546 τῷ
566 1488 647 1542 πρὸ
689 1491 765 1531 τοῦ
803 1488 929 1532 Ἰλιόυ
968 1492 1116 1549 πεὸίω]
1161 1493 1212 1533 ad
1246 1493 1365 1534 llium
1398 1495 1546 1536 urbem

72 1545 374 1587 aedificandam
413 1548 731 1588 Constantinum
768 1549 991 1601 suscepisse
1038 1550 1185 1590 sc1ibit
1215 1551 1406 1590 Zozimus
1435 1552 1545 1591 libio

71 1603 282 1644 secundo:
317 1617 363 1643 ex
392 1602 531 1643 divina
564 1604 819 1645 revelatione
859 1605 939 1644 alio
969 1613 1150 1646 mentem
1182 1607 1438 1648 nanstulisse
1468 1609 1548 1648 So-

72 1674 268 1700 zomenus
298 1659 409 1701 libro
435 1660 619 1701 secundo
651 1662 788 1715 capite
821 1660 857 1701 2.

182 1733 295 1785 Ibid,
330 1733 393 1773 11.
450 1731 543 1774 τότε
573 1730 624 1786 δή
655 1730 730 1773 τὸν
756 1730 861 1774 ναόν
890 1732 965 1787 τῆς
998 1731 1174 1787 ἁγίάας
1142 1735 1322 1790 Σοφιάς]
1355 1735 1406 1776 de
1436 1736 1549 1776 duo-

69 1788 147 1830 hus
185 1790 480 1830 tantummodo
528 1790 691 1844 templis
736 1791 925 1831 meminit
955 1792 1150 1832 Socrates
1185 1791 1257 1830 lib.
1299 1795 1317 1832 1
1356 1807 1446 1847 cap.
1483 1793 1546 1843 12,

71 1860 221 1900 nempe
253 1846 305 1887 de
332 1846 502 1887 ecclesia
545 1846 864 1912 apostolorum,
907 1854 950 1888 et
978 1849 1110 1888 altera
1136 1849 1257 1888 Pacis
1288 1849 1412 1900 dicta,
1440 1864 1548 1903 quae

71 1907 116 1943 et
144 1902 226 1943 alio
267 1903 435 1944 nomine
463 1903 673 1958 Sapientia
716 1904 928 1944 nominata
969 1905 1206 1958 reperitur,
1235 1905 1382 1944 scribit
1410 1906 1547 1945 Baro-

72 1959 163 1998 nius
189 1957 239 1998 ad
269 1974 424 2000 annum
458 1959 611 2000 Christi
642 1958 723 2000 330
756 1975 868 2000 num.
904 1959 967 2000 19.
997 1968 1041 2001 at
1069 1961 1245 2001 duarum
1277 1963 1546 2002 ecclesiarum

71 2015 170 2056 licet
197 2015 436 2056 meminerit
461 2018 672 2067 Socratae,
704 2016 776 2056 ubi
806 2017 1094 2057 exstruendam
1123 2033 1146 2057 a
1176 2018 1451 2059 Constantino
1483 2018 1547 2057 sui

73 2071 252 2113 nominis
281 2072 431 2113 urbem
474 2073 628 2114 refert.
656 2072 867 2126 decipitur
893 2073 1026 2114 nihilo
1057 2074 1188 2114 secius
1218 2074 1304 2129 ipse
1336 2073 1547 2114 annalium

69 2135 248 2179 auctor,
278 2128 351 2182 qui
383 2129 498 2170 Pacis
530 2135 572 2170 et
604 2130 844 2183 Sapientiae
874 2146 998 2170 unam
1029 2145 1113 2171 esse
1142 2131 1305 2182 asserit,
1339 2146 1439 2186 quas
1468 2131 1544 2169 sub

72 2185 243 2225 diversis
271 2183 401 2224 titulis
431 2185 609 2226 diversas
648 2200 820 2255 quoque
860 2186 1069 2227 affirmire
1099 2201 1261 2227 necesse
1289 2202 1335 2228 ex
1367 2187 1545 2239 01·ιὸἰηί-

69 2242 147 2281 bus
170 2241 248 2282 CP.
304 2237 525 2309 ἀνήγειρεν
554 2242 601 2282 δὲ
629 2256 705 2293 την
735 2244 860 2307 αγιάν
891 2241 1088 2296 Εἰρήνην,
1117 2257 1187 2282 και
1216 2239 1292 2295 την
1321 2237 1445 2305 ἇγίαν
1435 2219 1544 2281 ³50-

70 2297 207 2352 «plau,
238 2296 313 2336 καί
352 2295 425 2337 τὸν
455 2293 574 2349 α’γιον
613 2295 918 2350 Ἀγαθόνικον,
948 2314 1019 2338 και
1049 2299 1123 2339 τὸν
1150 2294 1270 2349 ἅγιον
1296 2294 1490 2339 Ἀκάκιον
1520 2294 1544 2335 o‘

68 2354 204 2421 μέγας
233 2353 568 2400 Κωνσταντῖνος.
602 2359 643 2394 et
672 2355 803 2394 infrza
831 2351 903 2394 τὸν
924 2355 970 2395 δὲ
997 2350 1117 2406 ἅγιον
1147 2351 1342 2406 Maium,
1373 2353 1446 2392 καί
1473 2352 1546 2393 τὸν

69 2404 193 2476 ἅγιον
223 2409 384 2462 Μηνᾶν
410 2424 533 2461 ευρεν
563 2404 626 2449 ὅτι
655 2403 764 2460 ἦσαν
793 2424 886 2450 vuol
916 2407 1115 2454 εἰδώλων.
1175 2417 1217 2450 et
1247 2409 1439 2449 inferius:
1472 2405 1546 2448 τὸν

72 2464 121 2505 δὲ
145 2460 266 2518 ἅγιον
306 2464 488 2505 Mamor
526 2464 777 2518 ὑπάρχοντα
825 2461 933 2506 αλλα
978 2463 1055 2506 δύο
1081 2464 1193 2520 μήκη
1234 2464 1336 2516 παρ’
1367 2460 1390 2502 ὅ
1418 2464 1545 2517 ἐστιν,

71 2520 246 2571 ἐξέκοψε
283 2517 331 2561 τὸ
375 2521 569 2590 δίμοιρον
605 2524 735 2574 μέρος
762 2523 840 2563 τοῦ
865 2522 974 2562 ναοῦ
1013 2520 1035 2561 ὁ
1064 2524 1196 2572 μέγας
1227 2522 1546 2566 Κωνσταντῖνος

70 2575 146 2617 καί
176 2573 201 2631 ἦ
230 2575 376 2646 μήτηρ
403 2576 567 2625 αὐτοῦ,
595 2578 668 2618 καί
694 2576 886 2631 ἀνήγειρε
913 2575 957 2619 τὸ
987 2576 1306 2642 θυσιαστήριον.
1338 2572 1446 2615 διότι
1474 2590 1545 2615 και

70 2631 262 2699 ἀνῃρέθη
292 2630 315 2672 ὅ
343 2630 465 2686 ἅγιος
496 2630 675 2681 Μώκιος
713 2634 860 2675 ἐκεῖσε.
918 2631 1067 2674 τούτου
1097 2630 1225 2684 χάριν
1251 2630 1446 2684 α’νήγειρε
1475 2630 1548 2671 καί

72 2685 141 2729 τὸν
169 2686 271 2729 ναὸν
297 2703 355 2737 ως
382 2687 492 2729 ἰδιον
531 2688 677 2742 αὐτοῦ,
716 2691 791 2730 καί
818 2688 866 2730 τὸ
898 2705 1024 2739 σωμα
1062 2689 1193 2728 αὐτοῦ
1216 2687 1352 2727 ἐκεῖσε
1378 2685 1545 2741 ἔφερεν.

71 2746 309 2802 aedficavit
331 2755 523 2786 sanctam
553 2747 717 2797 Pacem,
742 2756 780 2786 et
796 2755 990 2788 sanctam
1009 2747 1269 2800 Sapzentiam,
1298 2753 1338 2783 et
1359 2753 1546 2783 sanctum

73 2802 381 2856 Agathom'cum,
412 2812 451 2843 ec
478 2811 672 2844 sanctum
692 2803 897 2844 Acacium
921 2816 1095 2856 magnus
1115 2800 1419 2842 Constantinus.
1445 2814 1545 2840 san-
