1768 3268
262 212 354 258 170
457 213 735 263 ΑΝΑὸΤΑΞΠ
777 212 1038 256 IllSTORlA
1078 209 1491 254 ECCLESIASTICA

259 330 309 369 ab
341 328 578 384 episcopatu
609 328 784 379 deiecto,
816 334 1080 369 consecratus
1111 334 1168 367 est
1199 325 1346 365 Paulus
1365 325 1716 379 Constantinopo-

258 387 404 427 titanus
433 386 674 440 episcopus,
707 386 778 441 qui
808 387 1030 440 presbyter
1061 386 1194 424 fuerat
1223 388 1263 421 et
1297 395 1550 422 oeconomus
1580 383 1717 423 eccle-

255 442 348 493 siae,
377 442 532 498 quique
563 443 698 482 tenuit
729 442 1008 497 episcopatum
1037 441 1151 480 annis
1181 439 1242 478 19.
1556 474 1567 483 ,

365 515 512 555 Mundi
542 530 650 555 anno
677 513 799 566 6133,
832 515 994 555 divinae
1025 510 1317 553 incarnationis
1347 525 1456 550 anno
1485 508 1582 562 633,
1610 525 1719 551 anno

256 585 357 611 vero
388 571 554 626 imperii
584 572 646 611 sui
669 573 866 611 Constans
891 571 1044 625 primo,
1074 584 1168 610 cum
1200 567 1392 608 videlicet
1415 580 1594 621 regnare
1620 582 1720 607 coe-

255 628 391 682 pisset,
424 627 589 669 dicebat
623 628 675 668 ad
706 628 926 684 synclitum
959 626 1115 681 “patris
1143 624 1222 665 mei
1243 623 1516 676 Constantini,
1551 624 1624 678 qui
1654 639 1719 664 me

255 684 398 737 genuit
427 685 583 739 quique
611 684 652 723 in
672 684 756 723 vita
786 682 952 738 proprii
971 679 1180 737 genitoris,
1209 681 1274 720 avi
1304 679 1502 720 videlicet
1532 680 1612 721 mei
1633 680 1720 720 He-

257 740 386 790 raclii,
416 740 632 781 sufficienti
662 755 756 781 eum
783 755 832 781 eo
863 746 1054 793 tempore
1083 737 1319 791 imperavit,
1350 742 1447 791 post
1475 735 1589 777 hunc
1616 750 1719 776 vero

256 796 378 835 etiam
399 797 514 836 nimis
540 796 672 847 brevi,
702 796 975 837 suavissimam
1003 809 1115 849 spem
1129 793 1336 834 Martinae
1359 807 1566 833 novercae
1597 792 1721 846 ipsius

257 851 407 892 invidia
438 853 658 893 concidens
689 856 773 893 vita
802 852 997 907 privavit,
1029 858 1071 892 et
1107 851 1188 890 hoc
1214 856 1398 905 propter
1427 850 1722 899 Heraclonam,

119 926 155 960 p.
171 910 242 948 524
257 909 327 963 qui
348 924 394 949 ex
424 924 469 949 ea
501 915 541 949 et
555 909 747 949 Heraclio
778 908 936 949 nefarie
965 909 1094 948 factus
1117 914 1230 954 erat;
1268 921 1392 961 quam
1422 907 1597 946 maxime
1627 920 1722 945 cum

255 971 352 1005 nato
379 971 561 1006 vestrum
594 979 688 1005 cum
722 965 800 1005 deo
821 964 1033 1005 decretum
1064 965 1154 1004 iure
1180 964 1231 1003 ab
1263 962 1441 1017 imperio
1473 963 1640 1017 repulit,
1671 977 1723 1002 nc

254 1021 415 1062 videret
456 1027 541 1061 tam
581 1036 756 1076 nequam
785 1023 1070 1062 Romanorum
1115 1020 1364 1074 imperium,
1398 1019 1518 1060 valde
1544 1018 1722 1073 provida

254 1091 348 1116 cum
379 1083 480 1118 esset
506 1077 748 1131 amplissima
767 1083 900 1118 vestra
926 1083 966 1118 ct
998 1078 1167 1117 honesta
1190 1076 1510 1130 magnificentia.
1543 1080 1725 1129 propter

254 1133 368 1188 quod
397 1148 499 1188 rogo
529 1148 602 1174 vos
641 1134 796 1174 habere
836 1134 1091 1174 consiliarios
1131 1140 1172 1174 et
1211 1133 1370 1188 peritos
1419 1147 1465 1173 ex
1511 1132 1723 1172 communi

252 1189 512 1230 subditorum
555 1190 795 1245 obsequio.''
871 1197 911 1232 et
940 1189 1001 1230 his
1029 1189 1149 1230 dictis
1182 1189 1337 1230 dimisit
1368 1195 1568 1240 senatum,
1599 1187 1718 1229 donis

254 1245 472 1302 dapsilibus
503 1245 615 1287 hunc
645 1246 871 1287 honorans.

364 1321 482 1360 Anno
513 1319 678 1374 imperii
711 1319 946 1360 Constantis
990 1318 1172 1360 secundo
1212 1319 1353 1374 coepit
1389 1319 1548 1358 Humar
1577 1317 1723 1359 aedifi-

253 1390 347 1417 care
380 1376 577 1431 templum
605 1376 645 1415 in
667 1376 946 1425 Hierusalem;
980 1383 1022 1419 et
1051 1392 1135 1418 non
1155 1376 1304 1427 stabat,
1331 1375 1402 1416 sed
1433 1376 1583 1415 ruebat
1611 1382 1724 1415 stru·

256 1439 388 1473 ctura.
447 1432 670 1474 sciscitanti
705 1439 842 1473 autem
888 1433 926 1473 ei
968 1447 1145 1483 causam,
1177 1433 1318 1474 dixere
1349 1431 1491 1472 Iudaei
1525 1431 1623 1486 quia
1652 1431 1727 1471 nisi

253 1503 376 1542 crux,
418 1504 524 1544 quae
564 1495 624 1530 est
664 1503 790 1544 supra
832 1491 1036 1544 templum
1072 1491 1226 1531 montis
1272 1489 1503 1540 olivarum,
1532 1487 1720 1538 tollatur,

251 1545 362 1584 hand
403 1545 527 1586 stabit
566 1551 790 1586 structura.
847 1553 889 1587 et
916 1553 1099 1601 propter
1129 1547 1240 1597 hanc
1284 1560 1447 1586 causam
1476 1545 1634 1585 sublata
1665 1549 1725 1584 est

253 1617 353 1641 crux
386 1601 525 1652 illinc,
568 1608 609 1643 et
648 1602 702 1642 ita
734 1603 920 1643 constitit
964 1605 1050 1644 illic
1094 1603 1343 1645 aedificium.
1403 1608 1586 1658 propter
1616 1601 1725 1640 hanc

253 1659 374 1754 etliarn
420 1673 582 1699 causam
621 1659 768 1700 multas
819 1674 961 1701 cruces
1009 1661 1295 1717 deposuerunt
1340 1658 1383 1701 hi
1433 1660 1506 1715 qui
1546 1657 1726 1699 oderant

255 1714 477 1755 Ciristum.

364 1789 481 1828 Anno
513 1787 676 1841 imperii
706 1789 941 1830 Constantis
984 1789 1110 1831 tertio
1141 1788 1386 1830 seditionem
1417 1788 1611 1831 excitavit
1638 1788 1726 1828 Va-

252 1843 497 1884 lentinianus
529 1845 739 1898 patricius,
771 1847 1023 1901 mittensque
1058 1847 1293 1901 imperator
1318 1846 1431 1887 hunc
1466 1844 1650 1895 occidit,
1683 1850 1725 1884 et

250 1901 457 1954 populum
487 1901 538 1940 ad
569 1901 631 1940 sui
659 1903 822 1942 reduxit
839 1903 1178 1944 benivolentiam.
1235 1902 1468 1959 eodemque
1498 1916 1608 1942 anno
1638 1901 1725 1942 Pe-

253 1963 342 1998 trus
371 1957 639 1998 Alexandriae
663 1957 843 1999 habetur
872 1960 1056 2004 antistes,

123 2025 244 2075 p·525
367 2029 485 2069 Anno
514 2030 677 2084 imperii
710 2033 945 2073 Constantis
986 2040 1141 2088 quarto
1175 2031 1325 2074 fraude
1357 2031 1516 2072 occisus
1545 2036 1606 2071 est
1633 2031 1726 2071 Hu-

257 2100 348 2125 mar
378 2086 680 2126 Saracenorum
719 2088 798 2129 dux
833 2105 856 2130 a
897 2089 1080 2144 quodam
1125 2090 1251 2130 Persa
1279 2088 1504 2143 magarita:
1546 2088 1728 2142 denique

257 2142 471 2182 inventum
499 2157 594 2182 cum
619 2144 828 2196 adoraret,
859 2147 1040 2200 pupugit
1059 2162 1152 2186 eum
1181 2146 1221 2185 in
1249 2151 1398 2186 ventre
1418 2145 1558 2201 gladio
1588 2144 1727 2194 infixo,

258 2204 300 2238 et
327 2199 384 2238 sic
412 2198 553 2239 vivere
584 2199 714 2251 desiit,
748 2217 841 2241 cum
859 2203 1005 2243 amiras
1037 2203 1177 2243 fuisset
1206 2203 1321 2243 annis
1355 2202 1419 2242 12.
1438 2210 1481 2242 et
1508 2208 1603 2257 post
1635 2215 1730 2241 eum

257 2254 455 2295 statuitur
488 2255 696 2295 Huthman
729 2256 847 2298 huius
885 2265 1097 2313 cognatus,
1126 2259 1233 2300 filius
1262 2259 1459 2313 Tuphan.

370 2329 489 2367 Anno
521 2328 687 2381 imperii
713 2331 942 2371 Constantis
974 2332 1122 2388 quinto
1146 2333 1359 2373 Hutlnnan
1391 2331 1576 2370 Arabum
1608 2330 1727 2383 prin·

259 2398 353 2435 ceps
388 2384 589 2434 habetur,
629 2390 670 2424 et
707 2386 955 2428 simultatem
990 2388 1216 2429 concinnat
1257 2388 1485 2443 Gregorius
1527 2387 1730 2442 patricius

259 2440 420 2480 Africae
452 2455 532 2480 una
563 2455 658 2480 cum
688 2442 811 2482 Afris.

368 2515 488 2553 Anno
521 2513 684 2568 imperii
718 2517 949 2557 Constantis
989 2524 1101 2558 sexto
1139 2520 1269 2560 factus
1311 2526 1370 2560 est
1409 2519 1449 2558 in
1481 2525 1596 2558 terra
1627 2530 1730 2555 ven-

262 2575 322 2608 tus
352 2569 595 2622 vehemens,
629 2572 699 2625 qui
742 2572 870 2612 multa
900 2575 1085 2626 germina.
1117 2577 1264 2616 evulsit
1294 2576 1552 2630 arboresque
1583 2573 1728 2627 ingen-

261 2631 318 2665 tes
351 2626 545 2720 ratliicitus
582 2627 819 2682 extirpavit,
848 2635 973 2684 atque
996 2632 1146 2671 multos
1169 2635 1508 2673 columnatorum
1539 2628 1734 2683 deposuit

260 2695 407 2722 monac
426 2697 574 2723 iorum.

371 2754 532 2794 Eodem
570 2770 673 2795 vero
701 2771 811 2795 anno
844 2758 1036 2799 Saraceni
1072 2761 1279 2802 hostiliter
1311 2761 1493 2801 Africam
1523 2758 1730 2803 adierunt,

262 2816 305 2851 et
329 2810 529 2852 conflictu
567 2812 722 2867 agitato
765 2814 958 2856 adversus
999 2822 1222 2872 tyrannum
1257 2818 1515 2873 Gregorium
1552 2815 1664 2855 hunc
1689 2814 1730 2853 in
