1768 3268
538 207 608 248 Ex
650 204 995 247 THEOPHANE.
1413 205 1434 246 1
1444 202 1508 248 83

157 321 278 360 Anno
306 318 470 373 imperii
501 320 759 362 Constantini
782 318 832 360 16
862 319 967 359 facta
997 327 1056 361 est
1088 321 1208 360 fames
1237 326 1363 374 atque
1393 333 1512 359 mor.

48 374 183 416 talitas
211 389 356 430 magna
385 376 426 415 in
454 376 591 432 Syria,
619 383 867 431 gentemque
899 376 1134 416 Abimelech
1165 377 1361 417 obtinuit.
1394 391 1514 416 cum-

49 446 131 487 que
157 431 388 472 Mardaitae
412 433 598 486 partibus
628 433 917 472 incumberent
933 432 1092 482 Libani,
1122 438 1164 472 et
1189 433 1418 486 pestilentia
1449 438 1516 472 te-

49 495 168 528 neret
197 492 240 528 et
268 488 420 537 fames,
453 488 560 529 idem
583 488 817 529 Abimelcch
849 503 1008 542 pacem,
1040 503 1147 544 quae
1175 503 1198 528 a
1226 489 1391 529 Mauhia
1424 489 1515 529 fue-

49 550 117 585 rat
176 544 357 594 uaesita,
394 545 568 599 petivit,
594 545 723 585 missis
753 544 805 584 ad
842 545 1138 599 imperatorem
1168 544 1320 598 legatis,
1350 546 1519 585 eadem-

50 615 132 655 que
215 600 240 640 5
271 601 382 640 milia
415 602 704 641 numismatum
738 602 829 640 auri
869 601 1074 655 praebere
1102 601 1325 655 pollicitus,
1359 609 1401 641 et
1430 601 1519 640 illos

48 654 131 697 365
157 671 313 708 servos,
342 657 521 712 parique
549 657 676 698 modo
710 657 868 698 nobiles
896 658 1076 698 totidem
1105 671 1251 712 equos.

163 730 282 769 Anno
314 729 478 783 imperii
509 729 570 769 sui
606 729 653 769 17
685 729 892 785 requievit
931 729 1024 783 pius
1054 729 1286 784 imperator
1318 728 1522 767 Constan-

51 785 173 836 tinus,
204 800 298 825 cum
323 784 561 839 imperasset
590 786 705 825 annis
732 785 794 836 17,
827 792 869 826 et
899 785 1122 840 imperavit
1142 785 1387 825 lastinianus
1418 784 1523 823 filius

51 841 155 881 eius.
226 847 268 881 et
309 841 518 882 sciendum
565 843 664 897 quia
702 843 858 882 frustra
905 840 1034 882 delire
1064 847 1097 893 *)
1130 842 1325 897 garriunt
1354 841 1524 895 quidam

52 897 246 948 dicentes,
273 904 370 951 post
415 904 620 952 quattuor
649 913 779 939 annos
815 900 941 938 factas
981 898 1102 938 fuisse
1132 913 1198 938 sex
1227 897 1374 953 synodi
1405 896 1522 949 capi-

53 954 221 1003 tulares,
245 968 352 1008 quae
381 953 616 996 diffamatae
647 961 756 1005 sunt,
784 955 969 995 formas:
1001 955 1107 995 sicut
1135 955 1303 995 enimin
1335 954 1525 992 omnibus

52 1025 147 1050 cum
180 1011 277 1049 falsa
316 1011 563 1064 praedicent
604 1017 870 1065 arguuntur,
899 1011 956 1050 ita
986 1017 1028 1051 et
1069 1025 1116 1051 ex
1142 1011 1203 1050 his
1248 1010 1527 1050 ostenduntur

52 1065 154 1106 nihil
183 1066 325 1107 dicere
355 1067 531 1108 veritate
556 1067 784 1108 suffultum.
842 1081 942 1108 vera
969 1067 1127 1122 quippe
1159 1066 1358 1107 chronica
1391 1080 1527 1104 anno-

53 1122 158 1163 tatio
188 1129 372 1163 sanctam
397 1123 671 1164 universalem
691 1129 844 1164 sextam
868 1124 1084 1179 synodum,
1117 1138 1224 1178 quae
1253 1130 1402 1163 contra
1431 1135 1527 1161 mo-

54 1178 273 1218 nothelitas
302 1179 510 1220 celebrata
558 1185 618 1220 est
649 1179 699 1220 12
729 1194 838 1220 anno
875 1180 1039 1233 imperii
1070 1179 1328 1219 Constantini
1363 1177 1526 1232 nepotis
1539 1191 1576 1227 p.
1595 1179 1666 1217 553

54 1234 252 1283 Heraclii,
286 1235 526 1277 convenisse
547 1237 677 1276 refert
705 1248 815 1276 anno
832 1250 855 1276 a
878 1236 1122 1276 conditione
1138 1238 1195 1287 **>
1225 1234 1371 1275 mundi
1399 1232 1526 1286 6170;

55 1296 98 1332 et
127 1291 224 1346 quia
265 1297 362 1346 post
402 1291 487 1332 hoc
527 1292 716 1348 regnavit
755 1291 868 1333 idem
907 1291 1198 1333 Constantinus
1232 1292 1345 1331 annis
1375 1291 1413 1341 5,
1440 1305 1526 1344 quo

54 1352 226 1387 mortuo
268 1348 556 1388 monarchiam
599 1347 736 1389 tenuit
765 1347 1010 1389 lastinianus
1047 1349 1152 1388 filius
1198 1349 1282 1388 eius
1313 1347 1427 1387 annis
1464 1344 1527 1386 10.

55 1403 219 1444 abiecto
248 1410 467 1457 praeterea
496 1405 724 1444 Iustiniano
771 1405 991 1458 imperavit
1023 1404 1219 1445 Leontius
1265 1405 1378 1443 annis
1406 1402 1458 1453 3,
1487 1408 1530 1442 et

56 1465 155 1514 post
178 1459 401 1500 Leontium
430 1460 643 1511 Tiberius,
676 1460 748 1516 qui
777 1466 819 1501 et
846 1461 1108 1514 Apsimarus,
1138 1461 1252 1500 annis
1281 1459 1320 1510 7,
1352 1466 1393 1499 ct
1428 1473 1528 1498 rur-

54 1526 120 1557 sus
152 1516 419 1566 Iustinianus‚
465 1517 538 1572 qni
569 1517 709 1570 pulsus
741 1517 894 1568 fuerat,
922 1518 1035 1556 annis
1069 1531 1148 1567 sex,
1179 1523 1227 1556 ut
1256 1515 1433 1555 inveniri
1465 1515 1529 1554 sa-

55 1571 135 1612 cile
161 1578 222 1613 est
252 1586 298 1612 ex
328 1572 424 1627 ipsis
456 1572 574 1613 editis
591 1573 749 1623 formis,
772 1587 879 1627 quae
908 1573 1089 1613 secundo
1119 1586 1228 1612 anno
1247 1572 1418 1612 extremi
1449 1572 1529 1610 im-

54 1626 165 1683 perii
192 1627 374 1669 eiusdem
402 1629 733 1683 Rinocopemeni
777 1629 991 1669 lustiniani‘
1029 1630 1237 1683 expositae
1267 1630 1386 1668 fuisse
1420 1627 1528 1667 rese-

57 1692 234 1732 runtur3
269 1700 379 1740 quae·
398 1686 553 1726 scilicet
575 1687 614 1724 in
639 1686 766 1726 tertia
795 1701 964 1726 suarum
990 1687 1126 1725 forma
1152 1686 1213 1724 his
1235 1693 1276 1725 et
1292 1683 1530 1723 huiusmodi

57 1740 310 1781 dictionibus
355 1741 511 1782 habent
557 1742 860 1795 “conspicimus
901 1757 969 1782 eos
1000 1742 1073 1797 qui
1115 1756 1158 1782 se
1186 1741 1344 1781 duabus
1377 1740 1530 1794 nuptiis

57 1797 336 1847 inseruerunt,
367 1803 408 1837 et
437 1813 566 1853 usque
595 1798 646 1838 ad
680 1799 886 1838 decimum
915 1805 1110 1839 octavum
1131 1798 1324 1838 kalendas
1344 1798 1531 1837 Februa-

57 1854 138 1894 rias
169 1855 421 1908 praeteritae
469 1860 645 1910 quartae
691 1854 942 1905 indictionis,
974 1870 1082 1909 quae
1109 1855 1188 1894 fuit
1217 1870 1324 1894 anno
1360 1870 1379 1892 a
1411 1867 1530 1893 crea-

59 1911 175 1950 tione
202 1910 347 1950 mundi*
367 1909 489 1961 6199,
521 1912 756 1952 servierunt
782 1917 957 1965 peccato
988 1918 1029 1950 et
1061 1926 1135 1951 nec
1166 1912 1406 1964 resipiscere
1427 1923 1530 1963 pro-

58 1974 304 2019 posuerunt,
325 1967 573 2021 depositioni
593 1968 818 2008 canonicae
833 1967 1174 2009 submittendos.''
1205 1968 1346 2022 itaque
1371 1981 1423 2006 cx
1446 1967 1528 2018 ipsa
1543 1966 1658 2014 p-554

59 2022 293 2063 Chronicae
323 2024 595 2064 annotatione
617 2030 811 2078 patenter
833 2030 1007 2078 apparet
1028 2024 1141 2077 quod
1166 2023 1329 2064 collecti
1350 2038 1371 2062 a
1393 2028 1531 2061 sancta

61 2078 284 2118 universali
313 2085 422 2119 sexta
450 2081 610 2136 synodo
643 2095 771 2134 usque
795 2081 846 2120 ad
878 2080 1006 2121 editas
1030 2081 1184 2120 formas
1214 2080 1309 2119 anni
1343 2078 1394 2119 27
1424 2083 1529 2127 sunt,

62 2134 302 2188 patriarcha
341 2136 759 2190 Constantinopoleos
809 2137 852 2176 in
904 2143 1046 2177 sancta
1099 2136 1319 2176 universali
1371 2133 1529 2190 synodo

58 2197 170 2231 sexta
189 2192 372 2246 Georgio
394 2199 564 2247 reperto
587 2209 740 2232 annum
766 2199 911 2248 agente
938 2193 1244 2246 patriarchatus
1264 2193 1324 2232 sui
1350 2191 1529 2239 tertium,

61 2253 103 2286 et
135 2254 231 2301 post
258 2248 462 2302 synodum
491 2250 732 2302 patriarcha
764 2257 957 2290 manente
989 2249 1103 2288 annis
1136 2249 1222 2288 aliis
1255 2249 1402 2287 tribus.
1438 2252 1532 2300 post

58 2302 171 2343 hunc
201 2319 301 2344 vero
334 2305 1083 2356 anniiuere'rhe0d0r13‚etjPaufi
1111 2305 1221 2355 7,εή
1253 2303 1530 2353 CasshficilQ,

59 2365 102 2399 et
130 2361 229 2415 Cyri
261 2361 356 2399 anni
389 2361 440 2408 23
483 2362 538 2401 ita
574 2369 619 2401 ut
648 2363 898 2417 colhgantur
929 2363 1055 2402 ethun
1085 2377 1131 2402 ex
1162 2361 1256 2415 ipsss
1285 2358 1530 2414 paniarchss

61 2416 158 2455 anni
191 2415 256 2467 27,
288 2418 339 2456 ab
382 2417 502 2457 ediffis
543 2419 856 2459 auteniibrnfis
897 2433 1028 2474 usque
1062 2419 1114 2458 ad
1149 2423 1341 2472 quarUnn
1378 2429 1531 2453 annun1

59 2472 285 2526 Philippici
311 2474 406 2512 anni
445 2474 500 2525 53
542 2474 773 2529 eodemque
802 2475 941 2529 primo
973 2490 1082 2514 anno
1115 2474 1278 2527 imperii
1306 2470 1529 2524 Philippici

61 2529 217 2570 factum
241 2529 293 2569 sit
325 2530 511 2569 insanum
542 2531 764 2571 concilium
793 2538 942 2572 contra
973 2539 1156 2571 sanctam
1188 2536 1228 2569 et
1260 2529 1532 2568 universalem

108 2688 141 2734 ¹³)
164 2687 298 2735 delire]
325 2689 501 2724 Fabrotus
527 2702 592 2736 pro
611 2702 653 2724 eo
682 2691 779 2737 quod
809 2697 886 2725 erat
909 2690 1067 2725 laedere.

85 2758 136 2804 ¹³)
157 2758 385 2840 ἓοιιιίὶῑίοῑιε]
423 2762 568 2807 Gregor.
613 2759 699 2795 Tur.
741 2760 824 2796 hist.
854 2762 894 2794 1:
922 2772 942 2793 a
975 2760 1078 2807 primi
1113 2758 1268 2793 hominis
1306 2754 1528 2791 conditione.

187 2819 265 2841 Ana.
