1768 3268
540 200 613 243 Ex
649 198 998 243 THEOPHANE.
1446 197 1520 246 81<

37 327 293 370 quamquam
325 314 504 356 Arsanus
540 321 671 368 esset,
700 314 863 372 synodo
904 314 1117 356 celebrata
1153 314 1277 356 locali
1318 314 1511 371 Symma-

37 372 163 413 chum
194 369 366 426 quidem
392 371 639 427 episcopum
676 374 839 414 Romae
867 371 1078 423 firmavit,
1106 372 1381 413 Laurentium
1407 385 1511 414 vero

38 428 81 468 in
110 428 320 469 Nucerina
347 427 519 470 civitate
546 429 690 470 locare
722 428 942 484 praecepit
976 428 1237 483 episcopum,
1266 429 1340 484 qui
1374 436 1512 470 tamen

38 484 178 537 nullo¹>
197 490 324 539 pacto
353 485 568 541 quiescens
603 486 676 526 sed
713 485 936 526 seditiones
972 499 1240 526 commovens
1267 500 1292 524 a
1320 484 1514 541 Symma-

37 541 120 583 cho
148 539 377 596 deponitur
399 549 443 584 et
470 543 512 584 in
535 542 703 584 exilium
725 543 925 593 mittitur,
951 547 994 582 et
1027 541 1084 582 ita
1112 541 1297 582 simultas
1326 543 1512 583 cessavit.

36 598 188 640 eodem
217 613 329 639 anno
368 599 601 640 Anastasius
637 599 822 641 removit
859 598 954 640 auri
993 598 1243 654 argentique
1278 600 1445 639 metalla
1472 604 1516 639 et

38 655 301 753 νοηειὲὶοηω,
334 656 686 713 principatusque
728 671 825 698 cum
857 654 1020 698 venales
1049 662 1204 708 essent,
1247 656 1376 711 gratis
1406 670 1515 711 pro-

40 726 137 753 mov
195 719 253 754 at.

130 790 356 847 'Sequenti
395 805 502 832 vero
531 804 640 831 anno
678 806 776 832 cum
803 791 1039 832 Romanum
1069 774 1365 845 pontificatum
1392 790 1517 847 Sym-

38 846 221 898 machus,
245 847 300 888 im
334 847 470 888 eriam
502 854 642 889 autem
662 849 895 889 Anastasius
914 854 1094 903 regeret,
1127 849 1437 888 Saracenorum
1456 847 1519 886 in-

38 918 184 944 cursus
212 905 255 945 in
270 861 524 945 PEoenicem
547 911 591 945 et
620 905 787 961 Syriam
814 919 958 945 rursus
983 904 1152 945 effectus
1170 910 1243 954 est,
1273 910 1372 959 post
1400 919 1520 944 mor-

38 966 124 1001 tem
151 961 580 1016 AgariVadicharino
613 963 748 1002 fratre
776 961 901 1016 ipsius
933 961 1064 1002 instar
1082 961 1275 1010 turbinis,
1309 967 1352 1001 et
1380 961 1519 1001 adhuc

38 1016 239 1067 velocius,
272 1017 538 1059 discurrente
565 1033 645 1073 per
673 1020 776 1059 loca.
807 1018 890 1059 hoc
921 1018 1047 1058 etiam
1073 1033 1199 1069 anno,
1231 1018 1275 1058 id
1306 1025 1367 1059 est
1395 1018 1519 1074 Sym..

36 1073 173 1115 machi
200 1087 338 1130 papae
370 1076 510 1130 primo
538 1082 582 1117 et
609 1075 778 1130 imperii
807 1075 1008 1116 Anastasii
1040 1075 1282 1125 undecimo,
1313 1075 1519 1130 vulgares

36 1145 118 1186 per
145 1130 358 1187 Illyricum
388 1137 431 1173 et
443 1132 654 1172 Thracem
677 1132 934 1182 discurrunt,
963 1131 1210 1187 priusquam
1240 1146 1520 1187 agnosceren-

38 1194 124 1228 tur.
182 1188 295 1243 apud
322 1189 637 1230 Neocaesariam
667 1188 821 1229 deinde
847 1203 943 1229 cum
973 1190 1166 1229 futurum
1186 1195 1291 1230 esset
1322 1195 1370 1228 ut
1396 1189 1519 1229 fieret

39 1250 180 1285 terrae
209 1251 361 1295 motus,
393 1245 508 1286 miles
537 1246 619 1286 iter
647 1245 801 1286 {aciens
822 1245 926 1285 duos
946 1245 1097 1286 milites
1116 1256 1247 1300 super
1276 1259 1368 1286 eam
1397 1245 1519 1295 vidit,

39 1306 82 1341 et
110 1301 238 1342 alium
264 1301 440 1342 militem
467 1308 564 1358 post
583 1308 750 1356 tergum
769 1302 1022 1342 clamantem
1037 1305 1313 1343 “conservate
1343 1302 1519 1342 domum

39 1358 82 1397 in
118 1372 201 1414 qua
228 1357 470 1413 sepulcrum
501 1358 698 1414 Gregorii
745 1360 844 1399 estl’
909 1372 1007 1399 cum
1037 1363 1179 1400 autem
1211 1365 1352 1399 terrae
1379 1364 1519 1399 motus

39 1414 172 1456 factus
208 1414 373 1469 fuisset,
413 1415 595 1469 plurima
637 1429 734 1471 pars
763 1415 941 1456 civitatis
971 1415 1152 1467 corruit,
1185 1421 1357 1470 excepta
1388 1414 1518 1456 domo

40 1471 240 1526 Gregorii
266 1470 568 1527 thaumaturgi.

149 1549 298 1591 Mundi
344 1565 455 1592 anno
500 1549 635 1603 5999,
678 1549 845 1592 divinae
893 1549 1197 1591 incarnationis
1236 1564 1349 1591 anno
1403 1547 1514 1601 499,

37 1606 273 1648 Anastasius
305 1607 447 1664 quiete
474 1608 636 1663 potitus
666 1623 689 1647 a
711 1607 893 1663 praeliiS,
906 1607 1203 1648 Macedonium
1230 1606 1520 1661 patriarcham

37 1668 230 1704 avertere
256 1663 309 1705 ab
339 1664 578 1706 orthodoxa
615 1664 696 1706 fide
733 1665 959 1720 satagebat.
1016 1664 1138 1704 multi
1180 1671 1320 1704 autem
1351 1664 1519 1718 episco-

69 1735 194 1761 orum
221 1721 434 1762 Anastasio
474 1721 655 1777 gratiam
693 1727 949 1776 praestantes
982 1720 1311 1762 Chalcedonensi
1356 1721 1518 1762 resiste-

35 1734 138 1818 fiant
178 1777 386 1832 concilio,
442 1793 628 1835 quorum
676 1779 839 1833 primus
887 1783 981 1820 erat
1018 1778 1205 1819 Eleusius
1258 1776 1513 1818 Sasimensis.

36 1833 246 1888 quendam
284 1841 426 1875 autem
453 1835 745 1876 Manichaeum
776 1835 931 1891 Syrum
971 1834 1094 1875 simul
1135 1840 1177 1875 et
1202 1834 1372 1874 Persam
1403 1837 1517 1874 Ana-

34 1891 178 1931 stasius
207 1889 381 1932 adduxit
409 1907 433 1933 a
465 1893 618 1948 Cyzico
649 1893 691 1932 in
719 1891 872 1932 habitu
909 1891 1161 1947 presbyteri,
1195 1890 1269 1947 qui
1302 1889 1436 1931 aliena
1464 1891 1517 1931 ab

34 1946 231 1988 ecclesiae
256 1949 407 1989 sanctis
437 1949 682 2004 imaginibus
710 1949 898 1989 scribere
943 1948 1222 2003 praesumpsit
1254 1954 1296 1988 et
1326 1947 1516 1988 fabulosa

34 2003 79 2043 in
106 2003 265 2058 palatio
292 2005 670 2057 Helenianensium‚
699 2012 803 2046 voto
831 2004 1099 2059 imperatoris
1128 2003 1379 2045 Manichaeis
1407 2018 1516 2044 con..

33 2059 292 2116 gratulantis.
350 2062 463 2103 unde
507 2068 550 2103 et
578 2062 729 2103 seditio
778 2062 929 2117 populi
957 2062 1065 2102 facta
1096 2067 1158 2103 est
1184 2076 1351 2116 magna.
1411 2066 1516 2100 tunc

33 2123 77 2157 et
107 2118 371 2172 praefectum
403 2119 637 2159 Anastasius
682 2119 724 2159 in
770 2118 956 2159 collectis
989 2124 1032 2159 et
1068 2117 1230 2159 letaniis
1261 2117 1516 2172 excogitavit

31 2173 250 2230 subsequi:
282 2173 459 2216 timebat
489 2176 602 2216 enim
646 2174 986 2216 orthodoxorum
1015 2173 1254 2226 seditiones,
1283 2180 1326 2214 et
1355 2175 1513 2214 factum

32 2235 95 2270 est
125 2230 166 2270 in
206 2231 567 2274 consuetudinem.
638 2231 844 2273 xenaiam
878 2245 983 2272 vero
1017 2231 1149 2272 Manis
1187 2236 1513 2272 consentaneum

33 2285 152 2328 duxit
182 2288 413 2328 Anastasius
429 2288 839 2343 Constantinopolim
860 2295 1063 2344 tanquam
1093 2293 1346 2329 sectatorem
1374 2301 1511 2336 suum,

23 2357 158 2398 ⁴quem
189 2344 461 2386 Macedonius
493 2360 631 2402 neque
674 2345 971 2386 communione
999 2359 1139 2400 neque
1169 2345 1302 2385 verbo
1338 2343 1511 2397 dignum

33 2398 148 2440 clero
178 2401 393 2441 monachis
422 2407 466 2442 et
486 2403 649 2457 populo
668 2401 928 2442 conturbato
954 2401 1169 2442 iudicavit.
1199 2401 1312 2441 unde
1342 2406 1383 2440 et
1414 2413 1510 2438 eum

30 2456 264 2497 Anastasius
290 2457 473 2499 latenter
502 2459 553 2498 ab
581 2458 687 2498 urbe
714 2458 871 2499 eduxit.
929 2457 1201 2498 macedonius
1233 2470 1334 2497 vero
1365 2454 1510 2494 Acho-

32 2509 133 2553 lium
162 2514 388 2569 quendam,
420 2514 493 2570 qui
523 2520 731 2555 exemerat
748 2513 942 2555 adversus
973 2528 1016 2554 se
1036 2514 1300 2555 machaeram
1331 2525 1378 2552 ex
1406 2511 1509 2551 sub-

31 2568 223 2611 missione
268 2571 538 2611 inimicorum
566 2585 763 2622 suorum,
803 2585 884 2625 per
914 2569 1098 2625 singulos
1135 2584 1291 2612 menses
1322 2581 1509 2608 annonas

31 2627 250 2682 praecepit
269 2628 475 2682 accipere,
505 2642 632 2682 super
658 2626 976 2668 mansuetudine
995 2627 1269 2668 collaudatus.
1328 2624 1411 2665 hoc
1428 2639 1507 2666 au-

32 2685 118 2723 tem
147 2689 189 2724 et
217 2684 258 2723 in
290 2685 425 2739 egenis
454 2683 661 2740 sacrilegis
691 2685 789 2740 egit.

1534 1041 1570 1074 p.
1589 1027 1657 1063 222
1682 1028 1705 1060 3

1536 1571 1572 1607 p.
1587 1559 1659 1594 230

142 2757 287 2797 Mundi
317 2771 428 2798 anno
446 2755 571 2806 6001,
604 2756 771 2798 divinae
802 2755 1103 2798 incarnationis
1126 2768 1236 2794 anno
1267 2751 1365 2804 501,
1393 2755 1506 2793 Ana·
1517 2762 1637 2810 p,23·2
1661 2764 1685 2798 2

31 2813 173 2855 stasius
202 2815 437 2868 imperator
466 2813 713 2855 Flavianum
744 2813 1054 2856 Antiochenum
1087 2810 1333 2865 episcopum
1364 2810 1507 2864 coegit

171 2896 409 2944 Theophanes
443 2899 487 2933 11.
1242 2892 1265 2927 6
