1768 3268
262 215 326 265 44
480 223 763 266 ANASTASH
808 221 1069 265 HlSTORIA
1106 217 1521 264 ECCLESIASTICA

261 342 316 382 do
347 346 387 380 et
418 338 698 395 opprimendo
730 346 857 395 atque
887 337 1146 379 Christianos
1170 335 1400 377 occidendo
1432 333 1605 375 minime
1637 334 1738 388 qni-

261 397 435 438 escebat.
496 396 591 436 huic
620 411 699 451 per
727 395 888 436 litteras
921 394 1215 435 Constantinus
1245 392 1388 432 iubens
1413 393 1467 431 ab
1497 388 1738 430 huiusmodi

262 452 424 493 vesania
459 452 751 503 recedendum,
782 466 1045 507 nequaquam
1072 449 1341 504 compescuit.
1413 447 1509 487 hinc
1539 447 1665 487 etiam
1696 452 1740 488 et

261 509 417 550 Basilea
447 509 690 564 episcopum
719 508 928 559 Amasiae,
959 515 1001 549 et
1042 513 1089 547 ut
1119 505 1288 563 quidam
1320 504 1450 555 aiunt,
1483 504 1609 544 etiam
1640 518 1738 544 san-

261 573 350 607 ctos
380 566 659 623 quadraginta
699 573 908 622 martyres
940 571 981 606 et
1012 564 1112 605 alios
1143 563 1296 604 multos
1324 561 1436 602 finiri
1468 575 1547 616 per
1575 559 1737 616 suppli-

209 635 211 638 ⁴
262 623 327 664 cia
356 622 469 666 fecit.

375 696 499 736 Sexto
542 693 703 736 decimo
738 709 849 735 anno
892 694 1057 749 imperii
1089 691 1353 734 Constantini
1385 690 1506 731 Arius
1538 691 1590 731 ab
1622 691 1739 731 insa..

263 752 331 792 nia
362 752 679 808 cognominatus
709 752 820 806 apud
843 750 1128 792 Alexandriam
1161 749 1365 790 haeresim
1383 763 1499 789 suam
1530 748 1569 788 in
1602 748 1738 788 cccle-

160 807 318 853 p-24sia
345 809 623 849 manifestavit
653 813 694 849 et
719 808 891 849 schisma
922 813 1120 862 operatus
1141 812 1213 857 est,
1248 811 1508 859 cooperante
1536 805 1613 845 sibi
1644 821 1738 845 ma-

263 863 376 920 ligno
409 864 673 916 adversario,
705 865 777 920 qui
805 880 890 906 non
931 866 1014 906 fert
1042 863 1185 905 videre
1215 877 1363 917 pacem
1401 861 1612 902 ecclesiae.
1672 863 1737 901 fa-

264 929 352 963 etus
384 930 442 963 est
471 928 610 963 autem
643 927 686 962 et
717 927 858 962 terrae
898 929 1036 963 motus
1070 919 1340 962 Alexandriae
1371 918 1647 974 gravissimus,
1679 919 1738 959 ita

265 985 310 1019 ut
339 978 539 1020 caderent
570 978 716 1019 domus
747 978 904 1019 multae
932 993 982 1019 ae
1012 978 1192 1034 populus
1223 976 1427 1032 plurimus
1454 975 1663 1016 interiret.

371 1052 557 1107 Septimo
589 1052 750 1092 decimo
781 1052 945 1107 imperii
974 1052 1036 1093 sui
1065 1066 1174 1092 anno
1201 1050 1496 1091 Constantinus
1515 1055 1737 1104 comperta

267 1110 354 1151 Arii
384 1108 666 1150 commotione
694 1107 814 1150 valde
842 1109 1067 1150 tribulatus
1094 1108 1263 1163 scripsit
1290 1107 1528 1147 Alexandro
1563 1113 1606 1147 ct
1633 1106 1737 1146 Ario

265 1181 527 1207 communem
561 1165 790 1220 epistolam,
824 1165 1042 1206 consilium
1070 1164 1168 1204 dans
1198 1178 1376 1220 nequam
1408 1163 1738 1204 commotionem

263 1222 446 1264 solvendi
482 1229 524 1263 et
560 1222 612 1262 ad
649 1237 796 1277 pacem
832 1229 1021 1263 mutuam
1057 1221 1272 1263 redeundi.
1357 1221 1470 1262 misit
1514 1226 1653 1262 autem
1696 1226 1739 1261 et

264 1280 407 1319 Osium
450 1279 694 1334 episcopum
735 1278 961 1320 Cordubae
997 1277 1289 1319 Alexandriam
1331 1284 1481 1318 contra
1519 1277 1668 1318 Arium
1694 1283 1736 1318 et

261 1336 312 1376 ad
343 1336 576 1386 Orientem,
608 1341 880 1376 correcturus
912 1335 1148 1377 Orientales
1183 1335 1336 1390 pascha
1364 1335 1482 1390 peius
1513 1349 1641 1390 quam
1667 1335 1739 1374 Iu-

261 1392 351 1433 daei
386 1407 431 1433 ex
462 1393 631 1448 antiqua
662 1392 961 1434 consuetudine
984 1393 1254 1433 celebrantes.
1287 1406 1478 1433 reversus
1504 1397 1565 1432 est
1596 1398 1739 1432 autem

261 1448 311 1489 ad
342 1454 569 1503 utrumque
599 1449 799 1490 inefficax.
872 1449 957 1490 hoc
987 1451 1113 1491 etiam
1154 1465 1264 1490 anno
1293 1448 1589 1490 Constantinus
1625 1449 1738 1490 Con-

260 1511 436 1547 stantem
465 1506 596 1547 filium
625 1520 745 1547 suum
775 1507 990 1548 Caesarem
1020 1506 1121 1548 fecit
1150 1512 1192 1548 et
1222 1506 1333 1557 misit
1363 1507 1404 1546 in
1433 1505 1603 1546 Gallias.

373 1591 538 1631 Octavo
566 1590 727 1632 decimo
753 1606 848 1634 sane
879 1592 1046 1648 imperii
1076 1591 1137 1633 sui
1158 1607 1284 1643 anno,
1318 1597 1366 1632 ut
1385 1589 1556 1646 quidam
1575 1588 1738 1642 dicunt,

262 1647 555 1688 Constantinus
585 1662 679 1688 cum
709 1649 857 1704 Crispo
890 1650 977 1690 filio
1009 1664 1086 1690 suo
1114 1651 1274 1690 Romae
1307 1664 1330 1689 a
1360 1649 1560 1688 Silvestre
1593 1646 1738 1702 bapti-

262 1711 376 1745 zatus
405 1711 478 1747 est.
536 1710 751 1760 quotquot
777 1706 888 1747 enim
918 1707 959 1747 in
989 1706 1145 1748 seniori
1174 1707 1306 1747 Roma
1335 1705 1570 1746 consistunt
1600 1719 1733 1759 usqne

262 1760 416 1812 hodie,
444 1761 737 1815 baptisterium
772 1761 928 1804 habent
959 1763 999 1804 in
1032 1763 1340 1814 testimonium,
1372 1762 1574 1819 quoniam
1602 1775 1626 1801 a
1656 1761 1737 1801 Sil-

155 1819 250 1863 p.25
265 1822 402 1857 vestro
421 1818 577 1859 Romae
602 1818 835 1873 baptizatus
866 1826 927 1861 est
954 1827 1053 1875 post
1073 1826 1355 1876 tyrannorum
1384 1817 1738 1875 peremptionem.
1759 1842 1763 1845 -

265 1873 499 1914 Orientales
531 1880 667 1915 autem
698 1877 809 1930 apud
826 1877 1111 1918 Nicomediam
1141 1877 1260 1918 aiunt
1290 1892 1386 1918 eum
1415 1877 1529 1917 cirea
1555 1881 1739 1915 mortem

266 1930 317 1970 ab
344 1931 524 1970 Eusebio
553 1932 853 1973 Nicomediensi
881 1935 1038 1975 Ariano
1067 1935 1349 1990 baptizatum,
1380 1934 1452 1974 ubi
1488 1940 1531 1974 et
1559 1931 1740 1985 contigit

266 2002 362 2028 eum
391 1987 618 2030 dormisse:
667 1989 885 2031 differebat
929 1991 1062 2043 enim,
1095 1991 1306 2048 inquiunt,
1334 1991 1614 2045 baptismum,
1646 2003 1740 2042 spe-

266 2058 364 2084 rans
393 2043 434 2083 in
469 2044 645 2084 Iordane
683 2044 853 2087 ssumine
895 2048 1116 2103 baptizari.
1187 2048 1289 2088 mihi
1322 2053 1462 2088 autem
1490 2047 1629 2087 verius
1660 2060 1739 2100 ap-

265 2106 390 2164 paret
419 2101 534 2155 quod
562 2103 719 2142 Romae
751 2119 773 2143 a
801 2104 1003 2145 Silvestro
1021 2105 1150 2146 suerit
1168 2105 1416 2159 baptizatus,
1444 2109 1487 2145 et
1514 2102 1633 2159 quod
1659 2116 1740 2142 no-

265 2163 446 2198 minatae
488 2157 836 2212 constitutiones,
868 2176 975 2216 quae
1017 2163 1069 2202 ad
1110 2162 1387 2203 Melchiadem
1426 2162 1652 2210 feruntur,
1686 2159 1740 2199 ab

260 2212 428 2257 Arianis
457 2213 577 2254 fictae
608 2214 702 2263 sint,
733 2217 804 2271 qui
833 2217 1012 2272 gloriam‘
1041 2219 1136 2259 hinc
1166 2219 1243 2260 sibi
1275 2219 1474 2260 festinant
1501 2217 1740 2272 acquirere,

265 2269 329 2309 vel
361 2270 484 2310 etiam
513 2270 738 2324 piissimum
767 2274 1002 2328 principem
1029 2277 1234 2327 lacerare,
1266 2276 1366 2316 dum
1394 2275 1554 2316 scilicet
1581 2289 1628 2314 ex
1658 2272 1742 2312 hoc

268 2325 415 2368 volunt
444 2341 538 2366 enm
569 2341 653 2367 non
678 2328 935 2382 baptizatum
962 2333 1194 2384 ostendere,
1222 2332 1338 2389 quod
1357 2338 1417 2374 est
1446 2329 1741 2372 irrationabile

269 2389 396 2446 atquc
429 2382 696 2424 falsissimum.
755 2386 786 2425 si
818 2388 927 2427 enim
961 2403 1044 2429 non
1079 2397 1172 2430 erat
1203 2390 1245 2430 in
1266 2390 1445 2430 Nicaena
1474 2387 1637 2444 synodo
1665 2387 1742 2427 ba-

269 2445 459 2492 ptuzatus,
490 2454 590 2494 ergo
623 2455 698 2480 nec
741 2440 978 2484 divinorum
1007 2447 1289 2501 participator
1321 2446 1635 2503 mysteriorum,
1665 2457 1743 2483 nec

270 2495 420 2535 orabat
433 2511 540 2560 ‘cum
569 2497 718 2537 sanctis
747 2501 949 2552 patribus,
972 2503 1087 2556 quod
1117 2505 1411 2558 nequissimum
1441 2509 1502 2543 est
1529 2507 1572 2541 et
1601 2499 1744 2540 dicere

269 2558 309 2591 et
339 2559 504 2616 sentire.
564 2553 734 2609 quidam
765 2570 866 2595 vero
891 2559 1145 2599 Arianorum
1180 2567 1307 2616 atque
1330 2573 1593 2615 paganorum
1624 2557 1743 2613 quasi

270 2622 414 2672 spurio
443 2624 592 2664 magno
622 2609 847 2652 detrahunt
867 2614 1154 2666 Constantino,
1188 2632 1428 2672 quanquam
1460 2621 1502 2656 et
1521 2615 1596 2669 ipsi
1626 2629 1744 2654 men-

272 2669 445 2729 tiantur.
503 2667 744 2721 genealogia
775 2669 884 2708 enim
913 2670 996 2710 eius
1026 2674 1140 2727 regia
1171 2680 1275 2725 erat,
1311 2682 1352 2714 et
1381 2680 1605 2728 antequam
1636 2670 1744 2709 Dio-

273 2719 469 2785 cletmnus
504 2730 618 2763 esset.
679 2724 943 2767 Constantius
975 2729 1083 2768 enim
1105 2738 1228 2782 pater
1252 2732 1337 2772 eius
1365 2744 1493 2785 nepos
1510 2729 1589 2768 fuit
1616 2728 1744 2766 Clau-

168 2775 329 2822 p·26d11
360 2780 638 2841 imperat01'i5‚
671 2787 712 2821 et
745 2795 791 2821 ex
807 2782 961 2822 Helena
983 2785 1121 2837 priori
1157 2802 1284 2828 uxore
1315 2803 1387 2827 sua
1418 2785 1741 2825 Constantinum

270 2833 417 2879 haben
444 2849 649 2890 magnum.
721 2844 907 2880 ceterum
936 2839 1080 2882 habuit
1116 2849 1154 2884 et
1186 2844 1289 2885 {ilios
1324 2859 1370 2885 ex
1401 2842 1630 2884 Theodora
1659 2840 1744 2880 filia
