<?xml version="1.0" encoding="UTF-8"?>
<!DOCTYPE html PUBLIC "-//W3C//DTD XHTML 1.0 Transitional//EN"
    "http://www.w3.org/TR/xhtml1/DTD/xhtml1-transitional.dtd">
<html xmlns="http://www.w3.org/1999/xhtml" xml:lang="en" lang="en">
 <head>
  <title>
</title>
<meta http-equiv="Content-Type" content="text/html;charset=utf-8" />
  <meta name='ocr-system' content='tesseract 3.04.00' />
  <meta name='ocr-capabilities' content='ocr_page ocr_carea ocr_par ocr_line ocrx_word'/>
</head>
<body>
  <div class='ocr_page' id='page_1' title='image "./corpusscriptorum47niebuoft_0525.png"; bbox 0 0 1728 3184; ppageno 0'>
   <div class='ocr_carea' id='block_1_1' title="bbox 674 186 1499 234">
    <p class='ocr_par' dir='ltr' id='par_1_1' title="bbox 674 186 1499 234">
     <span class='ocr_line' id='line_1_1' title="bbox 674 186 1499 234; baseline 0.008 -7"><span class='ocrx_word' id='word_1_1' title='bbox 674 186 872 230; x_wconf 74' lang='lat' dir='ltr'><strong>NOTAE.</strong></span> <span class='ocrx_word' id='word_1_2' title='bbox 1405 190 1499 234; x_wconf 84' lang='lat'><strong>515</strong></span> 
     </span>
    </p>
   </div>
   <div class='ocr_carea' id='block_1_2' title="bbox 42 296 1501 394">
    <p class='ocr_par' dir='ltr' id='par_1_2' title="bbox 42 296 1501 394">
     <span class='ocr_line' id='line_1_2' title="bbox 43 296 1501 360; baseline 0.008 -24"><span class='ocrx_word' id='word_1_3' title='bbox 43 303 156 348; x_wconf 72' lang='lat' dir='ltr'><strong>cate,</strong></span> <span class='ocrx_word' id='word_1_4' title='bbox 183 296 357 340; x_wconf 71' lang='lat' dir='ltr'><strong>Co&#39;smae</strong></span> <span class='ocrx_word' id='word_1_5' title='bbox 377 303 422 340; x_wconf 87' lang='lat' dir='ltr'><strong>et</strong></span> <span class='ocrx_word' id='word_1_6' title='bbox 453 299 642 340; x_wconf 78' lang='lat' dir='ltr'><strong>Daminni</strong></span> <span class='ocrx_word' id='word_1_7' title='bbox 674 299 911 342; x_wconf 77' lang='lat' dir='ltr'><strong>inchoatam</strong></span> <span class='ocrx_word' id='word_1_8' title='bbox 941 302 1081 344; x_wconf 86' lang='lat' dir='ltr'><strong>aedem</strong></span> <span class='ocrx_word' id='word_1_9' title='bbox 1113 305 1290 360; x_wconf 75' lang='lat' dir='ltr'>origines</span> <span class='ocrx_word' id='word_1_10' title='bbox 1325 305 1406 346; x_wconf 82' lang='lat' dir='ltr'><strong>GP.</strong></span> <span class='ocrx_word' id='word_1_11' title='bbox 1434 312 1501 347; x_wconf 82' lang='lat' dir='ltr'><strong>te-</strong></span> 
     </span>
     <span class='ocr_line' id='line_1_3' title="bbox 42 358 226 394; baseline 0.011 -2"><span class='ocrx_word' id='word_1_12' title='bbox 42 358 226 394; x_wconf 80' lang='lat' dir='ltr'><strong>stantur.</strong></span> 
     </span>
    </p>
   </div>
   <div class='ocr_carea' id='block_1_3' title="bbox 39 423 1497 593">
    <p class='ocr_par' dir='ltr' id='par_1_3' title="bbox 39 423 1497 593">
     <span class='ocr_line' id='line_1_4' title="bbox 152 423 1495 483; baseline 0.007 -18"><span class='ocrx_word' id='word_1_13' title='bbox 152 423 249 476; x_wconf 85' lang='grc'><strong>583,</strong></span> <span class='ocrx_word' id='word_1_14' title='bbox 280 424 344 466; x_wconf 89' lang='grc'><strong>17.</strong></span> <span class='ocrx_word' id='word_1_15' title='bbox 400 427 460 482; x_wconf 76' lang='grc' dir='ltr'><strong>τῷ</strong></span> <span class='ocrx_word' id='word_1_16' title='bbox 485 426 762 483; x_wconf 73' lang='grc' dir='ltr'><strong><em>παραμηρίῳ]</em></strong></span> <span class='ocrx_word' id='word_1_17' title='bbox 796 428 902 468; x_wconf 80' lang='lat' dir='ltr'><strong>ensis</strong></span> <span class='ocrx_word' id='word_1_18' title='bbox 927 430 1097 474; x_wconf 71' lang='lat' dir='ltr'><strong>brevior,</strong></span> <span class='ocrx_word' id='word_1_19' title='bbox 1155 431 1248 471; x_wconf 78' lang='lat' dir='ltr'><strong>ioco</strong></span> <span class='ocrx_word' id='word_1_20' title='bbox 1281 433 1422 476; x_wconf 89' lang='lat' dir='ltr'><strong>Const.</strong></span> <span class='ocrx_word' id='word_1_21' title='bbox 1452 433 1495 474; x_wconf 85' lang='lat'><strong>6.</strong></span> 
     </span>
     <span class='ocr_line' id='line_1_5' title="bbox 40 476 1497 535; baseline 0.009 -16"><span class='ocrx_word' id='word_1_22' title='bbox 40 479 312 534; x_wconf 80' lang='grc' dir='ltr'><strong><em>παραμήρια,</em></strong></span> <span class='ocrx_word' id='word_1_23' title='bbox 338 476 434 534; x_wconf 79' lang='grc' dir='ltr'><strong><em>ἤτοι</em></strong></span> <span class='ocrx_word' id='word_1_24' title='bbox 463 484 683 535; x_wconf 77' lang='grc' dir='ltr'><strong><em>μαχαίρας</em></strong></span> <span class='ocrx_word' id='word_1_25' title='bbox 720 483 1007 534; x_wconf 82' lang='grc' dir='ltr'><strong>διεζωσμένοι.</strong></span> <span class='ocrx_word' id='word_1_26' title='bbox 1074 488 1318 529; x_wconf 78' lang='lat' dir='ltr'>lastinianus</span> <span class='ocrx_word' id='word_1_27' title='bbox 1348 490 1497 532; x_wconf 78' lang='lat' dir='ltr'><strong>novell.</strong></span> 
     </span>
     <span class='ocr_line' id='line_1_6' title="bbox 39 534 1058 593; baseline 0.004 -18"><span class='ocrx_word' id='word_1_28' title='bbox 39 535 108 576; x_wconf 75' lang='lat'><strong>85.</strong></span> <span class='ocrx_word' id='word_1_29' title='bbox 138 537 253 592; x_wconf 78' lang='grc' dir='ltr'><strong><em>ξίφη,</em></strong></span> <span class='ocrx_word' id='word_1_30' title='bbox 278 534 388 592; x_wconf 75' lang='grc' dir='ltr'><strong><em>ἅπερ</em></strong></span> <span class='ocrx_word' id='word_1_31' title='bbox 415 541 557 579; x_wconf 78' lang='grc' dir='ltr'><strong><em>καλεῖν</em></strong></span> <span class='ocrx_word' id='word_1_32' title='bbox 583 536 765 579; x_wconf 71' lang='grc' dir='ltr'><strong><em>εἰώθασι</em></strong></span> <span class='ocrx_word' id='word_1_33' title='bbox 792 536 1058 593; x_wconf 75' lang='grc' dir='ltr'><strong><em>παραμήρια.</em></strong></span> 
     </span>
    </p>
   </div>
   <div class='ocr_carea' id='block_1_4' title="bbox 30 604 1498 1356">
    <p class='ocr_par' dir='ltr' id='par_1_4' title="bbox 39 604 1496 718">
     <span class='ocr_line' id='line_1_7' title="bbox 110 604 1496 666; baseline 0.008 -18"><span class='ocrx_word' id='word_1_34' title='bbox 110 619 114 621; x_wconf 68' lang='grc'>“</span> <span class='ocrx_word' id='word_1_35' title='bbox 151 606 251 657; x_wconf 84' lang='grc'>584,</span> <span class='ocrx_word' id='word_1_36' title='bbox 270 604 312 649; x_wconf 84' lang='grc'><strong>4.</strong></span> <span class='ocrx_word' id='word_1_37' title='bbox 368 606 666 666; x_wconf 82' lang='grc' dir='ltr'><strong>προορατικός]</strong></span> <span class='ocrx_word' id='word_1_38' title='bbox 697 626 778 651; x_wconf 93' lang='lat' dir='ltr'><strong>non</strong></span> <span class='ocrx_word' id='word_1_39' title='bbox 805 610 1068 666; x_wconf 83' lang='lat' dir='ltr'>prophetiae,</span> <span class='ocrx_word' id='word_1_40' title='bbox 1097 613 1166 654; x_wconf 91' lang='lat' dir='ltr'><strong>sed</strong></span> <span class='ocrx_word' id='word_1_41' title='bbox 1194 620 1400 658; x_wconf 83' lang='lat' dir='ltr'>astrorum</span> <span class='ocrx_word' id='word_1_42' title='bbox 1429 618 1496 659; x_wconf 89' lang='lat' dir='ltr'><strong>lu-</strong></span> 
     </span>
     <span class='ocr_line' id='line_1_8' title="bbox 39 663 1064 718; baseline 0.005 -15"><span class='ocrx_word' id='word_1_43' title='bbox 39 663 183 704; x_wconf 83' lang='lat' dir='ltr'><strong>mine:</strong></span> <span class='ocrx_word' id='word_1_44' title='bbox 214 663 328 718; x_wconf 75' lang='lat' dir='ltr'><strong>unde</strong></span> <span class='ocrx_word' id='word_1_45' title='bbox 361 665 551 707; x_wconf 89' lang='lat' dir='ltr'><strong>Cedreno</strong></span> <span class='ocrx_word' id='word_1_46' title='bbox 583 664 838 718; x_wconf 71' lang='grc' dir='ltr'><em>ἀστρονόμος</em></span> <span class='ocrx_word' id='word_1_47' title='bbox 871 676 1064 708; x_wconf 87' lang='lat' dir='ltr'><strong>vocatur.</strong></span> 
     </span>
    </p>

    <p class='ocr_par' dir='ltr' id='par_1_5' title="bbox 30 726 1498 1356">
     <span class='ocr_line' id='line_1_9' title="bbox 98 726 1498 800; baseline 0.006 -23"><span class='ocrx_word' id='word_1_48' title='bbox 98 726 102 733; x_wconf 48' lang='grc'><em>’</em></span> <span class='ocrx_word' id='word_1_49' title='bbox 146 736 243 790; x_wconf 78' lang='grc'><strong>585,</strong></span> <span class='ocrx_word' id='word_1_50' title='bbox 273 738 313 778; x_wconf 76' lang='lat'><strong>2.</strong></span> <span class='ocrx_word' id='word_1_51' title='bbox 378 739 452 779; x_wconf 82' lang='grc' dir='ltr'><strong><em>καί</em></strong></span> <span class='ocrx_word' id='word_1_52' title='bbox 475 739 535 795; x_wconf 73' lang='grc' dir='ltr'><strong>τῷ</strong></span> <span class='ocrx_word' id='word_1_53' title='bbox 578 738 693 795; x_wconf 70' lang='grc' dir='ltr'><strong>αὐτῷ</strong></span> <span class='ocrx_word' id='word_1_54' title='bbox 717 738 859 798; x_wconf 78' lang='grc' dir='ltr'><strong><em>χρόνῳ</em></strong></span> <span class='ocrx_word' id='word_1_55' title='bbox 887 738 1135 796; x_wconf 76' lang='grc' dir='ltr'><strong><em>ἐτυφλώθη]</em></strong></span> <span class='ocrx_word' id='word_1_56' title='bbox 1166 758 1275 784; x_wconf 87' lang='lat' dir='ltr'><strong>anno</strong></span> <span class='ocrx_word' id='word_1_57' title='bbox 1304 747 1498 800; x_wconf 83' lang='lat' dir='ltr'><strong>tyranni-</strong></span> 
     </span>
     <span class='ocr_line' id='line_1_10' title="bbox 35 791 1496 856; baseline 0.006 -23"><span class='ocrx_word' id='word_1_58' title='bbox 35 791 98 834; x_wconf 85' lang='lat' dir='ltr'><strong>dis</strong></span> <span class='ocrx_word' id='word_1_59' title='bbox 127 800 322 849; x_wconf 73' lang='lat' dir='ltr'><strong>arreptae</strong></span> <span class='ocrx_word' id='word_1_60' title='bbox 362 795 542 835; x_wconf 84' lang='lat' dir='ltr'><strong>secundo</strong></span> <span class='ocrx_word' id='word_1_61' title='bbox 574 797 710 836; x_wconf 81' lang='lat' dir='ltr'><strong>lumen</strong></span> <span class='ocrx_word' id='word_1_62' title='bbox 758 801 978 837; x_wconf 79' lang='lat' dir='ltr'><strong>oculorum</strong></span> <span class='ocrx_word' id='word_1_63' title='bbox 1021 799 1235 840; x_wconf 84' lang='lat' dir='ltr'><strong>effossione</strong></span> <span class='ocrx_word' id='word_1_64' title='bbox 1259 801 1496 856; x_wconf 89' lang='lat' dir='ltr'><strong>Philippico</strong></span> 
     </span>
     <span class='ocr_line' id='line_1_11' title="bbox 35 849 1497 910; baseline 0.006 -20"><span class='ocrx_word' id='word_1_65' title='bbox 35 849 276 905; x_wconf 77' lang='lat' dir='ltr'><strong>ademptum</strong></span> <span class='ocrx_word' id='word_1_66' title='bbox 298 855 372 902; x_wconf 82' lang='lat' dir='ltr'><strong>est,</strong></span> <span class='ocrx_word' id='word_1_67' title='bbox 402 866 450 892; x_wconf 84' lang='lat' dir='ltr'><strong>ex</strong></span> <span class='ocrx_word' id='word_1_68' title='bbox 464 851 730 907; x_wconf 81' lang='lat' dir='ltr'>Theophanis</span> <span class='ocrx_word' id='word_1_69' title='bbox 751 854 887 894; x_wconf 87' lang='lat' dir='ltr'><strong>verbis</strong></span> <span class='ocrx_word' id='word_1_70' title='bbox 910 855 1081 894; x_wconf 86' lang='lat' dir='ltr'><strong>iuferius</strong></span> <span class='ocrx_word' id='word_1_71' title='bbox 1110 855 1290 910; x_wconf 85' lang='lat' dir='ltr'><strong>legendis</strong></span> <span class='ocrx_word' id='word_1_72' title='bbox 1306 872 1320 898; x_wconf 71' lang='grc' dir='ltr'><strong><em>ε</em></strong></span> <span class='ocrx_word' id='word_1_73' title='bbox 1349 859 1497 898; x_wconf 86' lang='lat' dir='ltr'><strong>eodem</strong></span> 
     </span>
     <span class='ocr_line' id='line_1_12' title="bbox 35 905 1497 966; baseline 0.006 -21"><span class='ocrx_word' id='word_1_74' title='bbox 35 905 177 962; x_wconf 82' lang='lat' dir='ltr'><strong>itaque</strong></span> <span class='ocrx_word' id='word_1_75' title='bbox 204 920 316 948; x_wconf 82' lang='lat' dir='ltr'><strong>anno</strong></span> <span class='ocrx_word' id='word_1_76' title='bbox 346 908 550 962; x_wconf 87' lang='lat' dir='ltr'><strong>synodum</strong></span> <span class='ocrx_word' id='word_1_77' title='bbox 580 915 731 948; x_wconf 82' lang='lat' dir='ltr'><strong>sextam</strong></span> <span class='ocrx_word' id='word_1_78' title='bbox 759 910 1019 963; x_wconf 72' lang='lat' dir='ltr'>proscripsit.</span> <span class='ocrx_word' id='word_1_79' title='bbox 1078 927 1211 966; x_wconf 90' lang='lat' dir='ltr'><strong>quare</strong></span> <span class='ocrx_word' id='word_1_80' title='bbox 1240 913 1398 954; x_wconf 84' lang='lat' dir='ltr'><strong>Petavii</strong></span> <span class='ocrx_word' id='word_1_81' title='bbox 1432 914 1497 954; x_wconf 83' lang='lat' dir='ltr'><strong>la..</strong></span> 
     </span>
     <span class='ocr_line' id='line_1_13' title="bbox 33 963 1496 1025; baseline 0.003 -24"><span class='ocrx_word' id='word_1_82' title='bbox 33 973 152 1016; x_wconf 75' lang='lat' dir='ltr'><strong>psum</strong></span> <span class='ocrx_word' id='word_1_83' title='bbox 180 963 317 1003; x_wconf 84' lang='lat' dir='ltr'><strong>miror</strong></span> <span class='ocrx_word' id='word_1_84' title='bbox 343 963 385 1003; x_wconf 89' lang='lat' dir='ltr'><strong>in</strong></span> <span class='ocrx_word' id='word_1_85' title='bbox 414 964 696 1019; x_wconf 84' lang='lat' dir='ltr'><strong>Nicephorum</strong></span> <span class='ocrx_word' id='word_1_86' title='bbox 736 966 966 1006; x_wconf 82' lang='lat' dir='ltr'>scribentis.</span> <span class='ocrx_word' id='word_1_87' title='bbox 1022 982 1133 1008; x_wconf 69' lang='lat' dir='ltr'><strong>antio</strong></span> <span class='ocrx_word' id='word_1_88' title='bbox 1167 969 1305 1022; x_wconf 89' lang='lat' dir='ltr'><strong>primo</strong></span> <span class='ocrx_word' id='word_1_89' title='bbox 1330 970 1496 1025; x_wconf 83' lang='lat' dir='ltr'><strong>Philip-</strong></span> 
     </span>
     <span class='ocr_line' id='line_1_14' title="bbox 31 1017 1494 1080; baseline 0.005 -22"><span class='ocrx_word' id='word_1_90' title='bbox 31 1017 118 1073; x_wconf 83' lang='lat' dir='ltr'><strong>pici</strong></span> <span class='ocrx_word' id='word_1_91' title='bbox 143 1019 343 1059; x_wconf 85' lang='lat' dir='ltr'><strong>Bardanis</strong></span> <span class='ocrx_word' id='word_1_92' title='bbox 383 1019 748 1077; x_wconf 83' lang='lat' dir='ltr'>pseudosynodum</span> <span class='ocrx_word' id='word_1_93' title='bbox 795 1029 979 1062; x_wconf 83' lang='lat' dir='ltr'><strong>coactam</strong></span> <span class='ocrx_word' id='word_1_94' title='bbox 1015 1024 1163 1063; x_wconf 83' lang='lat' dir='ltr'>scribit</span> <span class='ocrx_word' id='word_1_95' title='bbox 1194 1025 1494 1080; x_wconf 83' lang='lat' dir='ltr'><strong>Theophanes,</strong></span> 
     </span>
     <span class='ocr_line' id='line_1_15' title="bbox 34 1076 1496 1137; baseline 0.007 -24"><span class='ocrx_word' id='word_1_96' title='bbox 34 1086 118 1114; x_wconf 88' lang='lat' dir='ltr'><strong>non</strong></span> <span class='ocrx_word' id='word_1_97' title='bbox 149 1089 259 1116; x_wconf 87' lang='lat' dir='ltr'><strong>anuo</strong></span> <span class='ocrx_word' id='word_1_98' title='bbox 304 1076 514 1127; x_wconf 80' lang='lat' dir='ltr'><strong>secunde,</strong></span> <span class='ocrx_word' id='word_1_99' title='bbox 552 1085 600 1118; x_wconf 85' lang='lat' dir='ltr'><strong>ut</strong></span> <span class='ocrx_word' id='word_1_100' title='bbox 639 1078 763 1131; x_wconf 83' lang='lat' dir='ltr'><strong>vulgo</strong></span> <span class='ocrx_word' id='word_1_101' title='bbox 790 1078 989 1132; x_wconf 80' lang='lat' dir='ltr'><strong>theologi.</strong></span> <span class='ocrx_word' id='word_1_102' title='bbox 1064 1080 1116 1119; x_wconf 90' lang='lat' dir='ltr'><strong>ad</strong></span> <span class='ocrx_word' id='word_1_103' title='bbox 1143 1094 1298 1121; x_wconf 90' lang='lat' dir='ltr'><strong>aunum</strong></span> <span class='ocrx_word' id='word_1_104' title='bbox 1324 1082 1496 1137; x_wconf 88' lang='lat' dir='ltr'><strong>quidem</strong></span> 
     </span>
     <span class='ocr_line' id='line_1_16' title="bbox 31 1129 1495 1192; baseline 0.006 -22"><span class='ocrx_word' id='word_1_105' title='bbox 31 1129 257 1186; x_wconf 76' lang='lat' dir='ltr'>Philippici</span> <span class='ocrx_word' id='word_1_106' title='bbox 275 1132 461 1186; x_wconf 86' lang='lat' dir='ltr'><strong>primum</strong></span> <span class='ocrx_word' id='word_1_107' title='bbox 488 1133 693 1188; x_wconf 85' lang='lat' dir='ltr'><strong>synodum</strong></span> <span class='ocrx_word' id='word_1_108' title='bbox 717 1136 834 1174; x_wconf 81' lang='lat' dir='ltr'><strong>istam</strong></span> <span class='ocrx_word' id='word_1_109' title='bbox 855 1142 1061 1175; x_wconf 86' lang='lat' dir='ltr'><strong>memorat</strong></span> <span class='ocrx_word' id='word_1_110' title='bbox 1084 1135 1359 1191; x_wconf 78' lang='lat' dir='ltr'><strong>Theophanes</strong></span> <span class='ocrx_word' id='word_1_111' title='bbox 1379 1153 1393 1192; x_wconf 83' lang='lat'>3</span> <span class='ocrx_word' id='word_1_112' title='bbox 1422 1152 1495 1179; x_wconf 81' lang='lat' dir='ltr'><strong>ve—</strong></span> 
     </span>
     <span class='ocr_line' id='line_1_17' title="bbox 31 1189 1494 1244; baseline 0.005 -18"><span class='ocrx_word' id='word_1_113' title='bbox 31 1200 127 1227; x_wconf 85' lang='lat' dir='ltr'><strong>rum</strong></span> <span class='ocrx_word' id='word_1_114' title='bbox 157 1193 205 1226; x_wconf 79' lang='lat' dir='ltr'><strong>ut</strong></span> <span class='ocrx_word' id='word_1_115' title='bbox 232 1189 534 1230; x_wconf 83' lang='lat' dir='ltr'><strong>occaecatiouis</strong></span> <span class='ocrx_word' id='word_1_116' title='bbox 568 1191 749 1244; x_wconf 84' lang='lat' dir='ltr'><strong>tempori</strong></span> <span class='ocrx_word' id='word_1_117' title='bbox 779 1205 869 1231; x_wconf 88' lang='lat' dir='ltr'><strong>eam</strong></span> <span class='ocrx_word' id='word_1_118' title='bbox 899 1191 966 1231; x_wconf 88' lang='lat' dir='ltr'><strong>hic</strong></span> <span class='ocrx_word' id='word_1_119' title='bbox 993 1192 1222 1243; x_wconf 86' lang='lat' dir='ltr'><strong>consociat,</strong></span> <span class='ocrx_word' id='word_1_120' title='bbox 1253 1194 1310 1234; x_wconf 84' lang='lat' dir='ltr'><strong>ita</strong></span> <span class='ocrx_word' id='word_1_121' title='bbox 1341 1195 1382 1234; x_wconf 89' lang='lat' dir='ltr'><strong>in</strong></span> <span class='ocrx_word' id='word_1_122' title='bbox 1416 1209 1494 1234; x_wconf 86' lang='lat' dir='ltr'><strong>an-</strong></span> 
     </span>
     <span class='ocr_line' id='line_1_18' title="bbox 31 1243 1494 1304; baseline 0.006 -22"><span class='ocrx_word' id='word_1_123' title='bbox 31 1256 129 1283; x_wconf 90' lang='lat' dir='ltr'><strong>num</strong></span> <span class='ocrx_word' id='word_1_124' title='bbox 159 1243 274 1284; x_wconf 79' lang='lat' dir='ltr'><strong>ilium</strong></span> <span class='ocrx_word' id='word_1_125' title='bbox 289 1244 472 1298; x_wconf 89' lang='lat' dir='ltr'><strong>primum</strong></span> <span class='ocrx_word' id='word_1_126' title='bbox 502 1246 675 1286; x_wconf 90' lang='lat' dir='ltr'><strong>eandem</strong></span> <span class='ocrx_word' id='word_1_127' title='bbox 693 1247 877 1287; x_wconf 82' lang='lat' dir='ltr'><strong>habitam</strong></span> <span class='ocrx_word' id='word_1_128' title='bbox 899 1262 1100 1304; x_wconf 79' lang='lat' dir='ltr'><strong>nusquam</strong></span> <span class='ocrx_word' id='word_1_129' title='bbox 1126 1255 1342 1291; x_wconf 81' lang='lat' dir='ltr'><strong>asseverat.</strong></span> <span class='ocrx_word' id='word_1_130' title='bbox 1372 1265 1494 1291; x_wconf 89' lang='lat' dir='ltr'><strong>com-</strong></span> 
     </span>
     <span class='ocr_line' id='line_1_19' title="bbox 30 1299 903 1356; baseline 0.003 -16"><span class='ocrx_word' id='word_1_131' title='bbox 30 1299 217 1354; x_wconf 75' lang='lat' dir='ltr'><strong>paranda</strong></span> <span class='ocrx_word' id='word_1_132' title='bbox 247 1299 309 1340; x_wconf 88' lang='lat' dir='ltr'><strong>his</strong></span> <span class='ocrx_word' id='word_1_133' title='bbox 338 1301 566 1356; x_wconf 80' lang='lat' dir='ltr'><strong>Nicephori</strong></span> <span class='ocrx_word' id='word_1_134' title='bbox 597 1303 680 1343; x_wconf 91' lang='lat' dir='ltr'><strong>CP.</strong></span> <span class='ocrx_word' id='word_1_135' title='bbox 712 1303 903 1344; x_wconf 85' lang='lat' dir='ltr'><strong>historia.</strong></span> 
     </span>
    </p>
   </div>
   <div class='ocr_carea' id='block_1_5' title="bbox 29 1345 1491 1675">
    <p class='ocr_par' dir='ltr' id='par_1_6' title="bbox 32 1345 1490 1485">
     <span class='ocr_line' id='line_1_20' title="bbox 141 1345 1490 1428; baseline 0.004 -15"><span class='ocrx_word' id='word_1_136' title='bbox 141 1372 250 1414; x_wconf 80' lang='lat' dir='ltr'><strong>Ibid.</strong></span> <span class='ocrx_word' id='word_1_137' title='bbox 283 1372 347 1413; x_wconf 89' lang='grc'><strong>11.</strong></span> <span class='ocrx_word' id='word_1_138' title='bbox 406 1370 610 1425; x_wconf 85' lang='grc' dir='ltr'><strong><em>αἱρετικὸς</em></strong></span> <span class='ocrx_word' id='word_1_139' title='bbox 635 1375 710 1416; x_wconf 84' lang='grc' dir='ltr'>καί</span> <span class='ocrx_word' id='word_1_140' title='bbox 730 1372 897 1428; x_wconf 84' lang='grc' dir='ltr'><strong><em>μοιχός]</em></strong></span> <span class='ocrx_word' id='word_1_141' title='bbox 938 1375 1060 1418; x_wconf 80' lang='lat' dir='ltr'><strong>fidem</strong></span> <span class='ocrx_word' id='word_1_142' title='bbox 1089 1345 1246 1418; x_wconf 67' lang='lat' dir='ltr'><strong>haeresi</strong></span> <span class='ocrx_word' id='word_1_143' title='bbox 1276 1377 1490 1420; x_wconf 82' lang='lat' dir='ltr'><strong>adultera-</strong></span> 
     </span>
     <span class='ocr_line' id='line_1_21' title="bbox 32 1428 683 1485; baseline 0.005 -17"><span class='ocrx_word' id='word_1_144' title='bbox 32 1428 115 1470; x_wconf 87' lang='lat' dir='ltr'><strong>vit:</strong></span> <span class='ocrx_word' id='word_1_145' title='bbox 145 1435 188 1470; x_wconf 82' lang='lat' dir='ltr'><strong>et</strong></span> <span class='ocrx_word' id='word_1_146' title='bbox 211 1429 423 1485; x_wconf 83' lang='lat' dir='ltr'><strong>tyrannidi</strong></span> <span class='ocrx_word' id='word_1_147' title='bbox 456 1431 683 1471; x_wconf 88' lang='lat' dir='ltr'><strong>incubavit.</strong></span> 
     </span>
    </p>

    <p class='ocr_par' dir='ltr' id='par_1_7' title="bbox 29 1497 1491 1675">
     <span class='ocr_line' id='line_1_22' title="bbox 140 1497 1490 1559; baseline 0.004 -17"><span class='ocrx_word' id='word_1_148' title='bbox 140 1499 237 1552; x_wconf 83' lang='grc'><strong>586,</strong></span> <span class='ocrx_word' id='word_1_149' title='bbox 259 1501 298 1543; x_wconf 75' lang='lat'><strong>2.</strong></span> <span class='ocrx_word' id='word_1_150' title='bbox 356 1502 434 1542; x_wconf 69' lang='grc' dir='ltr'><strong>οὐκ</strong></span> <span class='ocrx_word' id='word_1_151' title='bbox 451 1497 647 1558; x_wconf 71' lang='grc' dir='ltr'><strong><em>ᾐσχύνθη</em></strong></span> <span class='ocrx_word' id='word_1_152' title='bbox 675 1504 868 1555; x_wconf 74' lang='grc' dir='ltr'><strong>ἐκμανῶς</strong></span> <span class='ocrx_word' id='word_1_153' title='bbox 890 1505 1130 1559; x_wconf 76' lang='grc' dir='ltr'><strong>κινηθῆναι]</strong></span> <span class='ocrx_word' id='word_1_154' title='bbox 1161 1520 1329 1546; x_wconf 88' lang='lat' dir='ltr'><strong>manum</strong></span> <span class='ocrx_word' id='word_1_155' title='bbox 1354 1513 1490 1547; x_wconf 82' lang='lat' dir='ltr'><strong>sextae</strong></span> 
     </span>
     <span class='ocr_line' id='line_1_23' title="bbox 29 1557 1491 1617; baseline 0.004 -20"><span class='ocrx_word' id='word_1_156' title='bbox 29 1557 190 1612; x_wconf 80' lang='lat' dir='ltr'><strong>synodo</strong></span> <span class='ocrx_word' id='word_1_157' title='bbox 209 1557 458 1600; x_wconf 81' lang='lat' dir='ltr'><strong>evertendae</strong></span> <span class='ocrx_word' id='word_1_158' title='bbox 478 1561 677 1611; x_wconf 87' lang='lat' dir='ltr'><strong>admovit,</strong></span> <span class='ocrx_word' id='word_1_159' title='bbox 697 1561 826 1602; x_wconf 82' lang='lat' dir='ltr'><strong>scelus</strong></span> <span class='ocrx_word' id='word_1_160' title='bbox 858 1569 997 1603; x_wconf 86' lang='lat' dir='ltr'><strong>autem</strong></span> <span class='ocrx_word' id='word_1_161' title='bbox 1016 1576 1123 1602; x_wconf 84' lang='lat' dir='ltr'><strong>anno</strong></span> <span class='ocrx_word' id='word_1_162' title='bbox 1144 1568 1342 1617; x_wconf 88' lang='lat' dir='ltr'><strong>sequente</strong></span> <span class='ocrx_word' id='word_1_163' title='bbox 1361 1576 1491 1617; x_wconf 88' lang='lat' dir='ltr'><strong>opere</strong></span> 
     </span>
     <span class='ocr_line' id='line_1_24' title="bbox 29 1613 390 1675; baseline 0 -21"><span class='ocrx_word' id='word_1_164' title='bbox 29 1613 285 1675; x_wconf 85' lang='lat' dir='ltr'><strong>completum</strong></span> <span class='ocrx_word' id='word_1_165' title='bbox 316 1621 390 1656; x_wconf 89' lang='lat' dir='ltr'><strong>est.</strong></span> 
     </span>
    </p>
   </div>
   <div class='ocr_carea' id='block_1_6' title="bbox 13 1690 1490 2497">
    <p class='ocr_par' dir='ltr' id='par_1_8' title="bbox 29 1690 1490 1796">
     <span class='ocr_line' id='line_1_25' title="bbox 139 1690 1490 1751; baseline 0.001 -18"><span class='ocrx_word' id='word_1_166' title='bbox 139 1693 248 1734; x_wconf 80' lang='lat' dir='ltr'><strong>Ibid.</strong></span> <span class='ocrx_word' id='word_1_167' title='bbox 280 1692 320 1734; x_wconf 84' lang='lat'><strong>5.</strong></span> <span class='ocrx_word' id='word_1_168' title='bbox 377 1690 571 1734; x_wconf 72' lang='grc' dir='ltr'><strong>καθελών</strong></span> <span class='ocrx_word' id='word_1_169' title='bbox 616 1694 779 1747; x_wconf 83' lang='grc' dir='ltr'><strong><em>Κῦρον]</em></strong></span> <span class='ocrx_word' id='word_1_170' title='bbox 813 1695 1096 1751; x_wconf 82' lang='lat' dir='ltr'><strong>abrogationis</strong></span> <span class='ocrx_word' id='word_1_171' title='bbox 1124 1702 1385 1750; x_wconf 78' lang='lat' dir='ltr'><strong>praetextum</strong></span> <span class='ocrx_word' id='word_1_172' title='bbox 1413 1695 1490 1735; x_wconf 82' lang='lat' dir='ltr'><strong>ad-</strong></span> 
     </span>
     <span class='ocr_line' id='line_1_26' title="bbox 29 1746 1390 1796; baseline 0.002 -7"><span class='ocrx_word' id='word_1_173' title='bbox 29 1746 149 1790; x_wconf 86' lang='lat' dir='ltr'><strong>ducit</strong></span> <span class='ocrx_word' id='word_1_174' title='bbox 176 1750 380 1791; x_wconf 75' lang='lat' dir='ltr'><strong>Batonius</strong></span> <span class='ocrx_word' id='word_1_175' title='bbox 410 1765 445 1790; x_wconf 91' lang='lat' dir='ltr'><strong>a.</strong></span> <span class='ocrx_word' id='word_1_176' title='bbox 475 1750 519 1790; x_wconf 90' lang='lat' dir='ltr'><strong>C.</strong></span> <span class='ocrx_word' id='word_1_177' title='bbox 550 1749 632 1791; x_wconf 74' lang='lat'><strong>712</strong></span> <span class='ocrx_word' id='word_1_178' title='bbox 663 1766 774 1791; x_wconf 88' lang='lat' dir='ltr'><strong>num.</strong></span> <span class='ocrx_word' id='word_1_179' title='bbox 810 1752 847 1791; x_wconf 76' lang='lat'><strong>2.</strong></span> <span class='ocrx_word' id='word_1_180' title='bbox 1387 1791 1390 1796; x_wconf 82' lang='grc'>,</span> 
     </span>
    </p>

    <p class='ocr_par' dir='ltr' id='par_1_9' title="bbox 13 1818 1488 2497">
     <span class='ocr_line' id='line_1_27' title="bbox 137 1818 1487 1880; baseline 0.002 -19"><span class='ocrx_word' id='word_1_181' title='bbox 137 1821 246 1863; x_wconf 76' lang='lat' dir='ltr'><strong>Ibid.</strong></span> <span class='ocrx_word' id='word_1_182' title='bbox 277 1820 320 1863; x_wconf 88' lang='grc'><strong>6.</strong></span> <span class='ocrx_word' id='word_1_183' title='bbox 378 1822 424 1863; x_wconf 79' lang='grc' dir='ltr'><strong>ἐν</strong></span> <span class='ocrx_word' id='word_1_184' title='bbox 451 1822 510 1878; x_wconf 73' lang='grc' dir='ltr'><strong>τῷ</strong></span> <span class='ocrx_word' id='word_1_185' title='bbox 537 1821 611 1875; x_wconf 84' lang='grc' dir='ltr'><strong>τῆς</strong></span> <span class='ocrx_word' id='word_1_186' title='bbox 641 1818 802 1876; x_wconf 78' lang='grc' dir='ltr'><strong><em>Χώρας</em></strong></span> <span class='ocrx_word' id='word_1_187' title='bbox 827 1823 1108 1880; x_wconf 78' lang='grc' dir='ltr'><strong><em>μοναστηρίῳ]</em></strong></span> <span class='ocrx_word' id='word_1_188' title='bbox 1137 1824 1242 1878; x_wconf 77' lang='lat' dir='ltr'><strong>orig.</strong></span> <span class='ocrx_word' id='word_1_189' title='bbox 1275 1824 1353 1864; x_wconf 69' lang='grc' dir='ltr'><strong>(ΖΡ.</strong></span> <span class='ocrx_word' id='word_1_190' title='bbox 1382 1823 1407 1874; x_wconf 81' lang='grc' dir='ltr'><em>ἦ</em></span> <span class='ocrx_word' id='word_1_191' title='bbox 1441 1824 1487 1865; x_wconf 79' lang='grc' dir='ltr'><strong>δὲ</strong></span> 
     </span>
     <span class='ocr_line' id='line_1_28' title="bbox 25 1873 1488 1933; baseline 0 -14"><span class='ocrx_word' id='word_1_192' title='bbox 25 1873 132 1932; x_wconf 72' lang='grc' dir='ltr'><strong><em>μονή</em></strong></span> <span class='ocrx_word' id='word_1_193' title='bbox 162 1876 189 1930; x_wconf 84' lang='grc' dir='ltr'><strong><em>ἦ</em></strong></span> <span class='ocrx_word' id='word_1_194' title='bbox 219 1877 385 1931; x_wconf 78' lang='grc' dir='ltr'><strong><em>Χῶρα,</em></strong></span> <span class='ocrx_word' id='word_1_195' title='bbox 418 1879 582 1929; x_wconf 80' lang='grc' dir='ltr'><strong><em>πρῶτον</em></strong></span> <span class='ocrx_word' id='word_1_196' title='bbox 619 1878 698 1929; x_wconf 84' lang='grc' dir='ltr'><strong>μὲν</strong></span> <span class='ocrx_word' id='word_1_197' title='bbox 734 1876 952 1932; x_wconf 69' lang='grc' dir='ltr'><strong><em>εὕκτήριον</em></strong></span> <span class='ocrx_word' id='word_1_198' title='bbox 991 1875 1058 1933; x_wconf 75' lang='grc' dir='ltr'><strong>ἢν.</strong></span> <span class='ocrx_word' id='word_1_199' title='bbox 1137 1876 1346 1932; x_wconf 80' lang='grc' dir='ltr'><strong><em>Κρύππος</em></strong></span> <span class='ocrx_word' id='word_1_200' title='bbox 1388 1880 1434 1920; x_wconf 79' lang='grc' dir='ltr'><strong>δὲ</strong></span> <span class='ocrx_word' id='word_1_201' title='bbox 1463 1878 1488 1919; x_wconf 79' lang='grc' dir='ltr'>ὅ</span> 
     </span>
     <span class='ocr_line' id='line_1_29' title="bbox 24 1931 1488 1990; baseline 0.001 -15"><span class='ocrx_word' id='word_1_202' title='bbox 24 1931 232 1985; x_wconf 79' lang='grc' dir='ltr'><strong><em>ἔπαρχος,</em></strong></span> <span class='ocrx_word' id='word_1_203' title='bbox 261 1933 335 1974; x_wconf 85' lang='grc' dir='ltr'>καί</span> <span class='ocrx_word' id='word_1_204' title='bbox 350 1933 391 1974; x_wconf 89' lang='grc' dir='ltr'><em>Γ</em></span> <span class='ocrx_word' id='word_1_205' title='bbox 388 1932 487 1988; x_wconf 87' lang='grc' dir='ltr'><strong><em>αρὸς</em></strong></span> <span class='ocrx_word' id='word_1_206' title='bbox 505 1933 585 1974; x_wconf 79' lang='grc' dir='ltr'><strong>τοῦ</strong></span> <span class='ocrx_word' id='word_1_207' title='bbox 604 1934 894 1984; x_wconf 77' lang='grc' dir='ltr'><strong><em>Καππάδοκος</em></strong></span> <span class='ocrx_word' id='word_1_208' title='bbox 915 1935 1047 1976; x_wconf 82' lang='grc' dir='ltr'><em>Φωκᾶ</em></span> <span class='ocrx_word' id='word_1_209' title='bbox 1064 1934 1350 1990; x_wconf 77' lang='grc' dir='ltr'><strong><em>περιορισθεὶς</em></strong></span> <span class='ocrx_word' id='word_1_210' title='bbox 1377 1936 1488 1976; x_wconf 76' lang='grc' dir='ltr'><em>ἐκεῖ·</em></span> 
     </span>
     <span class='ocr_line' id='line_1_30' title="bbox 25 1987 1487 2046; baseline 0 -15"><span class='ocrx_word' id='word_1_211' title='bbox 25 2003 76 2031; x_wconf 79' lang='grc' dir='ltr'><strong>σε</strong></span> <span class='ocrx_word' id='word_1_212' title='bbox 104 1987 240 2031; x_wconf 80' lang='grc' dir='ltr'><strong><em>ἔκτισε</em></strong></span> <span class='ocrx_word' id='word_1_213' title='bbox 270 1988 430 2042; x_wconf 71' lang='grc' dir='ltr'><strong><em>ταύτην</em></strong></span> <span class='ocrx_word' id='word_1_214' title='bbox 462 1990 522 2040; x_wconf 81' lang='grc' dir='ltr'><strong>εἰς</strong></span> <span class='ocrx_word' id='word_1_215' title='bbox 551 1987 714 2046; x_wconf 79' lang='grc' dir='ltr'><strong>κάλλος,</strong></span> <span class='ocrx_word' id='word_1_216' title='bbox 756 1990 830 2032; x_wconf 82' lang='grc' dir='ltr'><strong><em>καί</em></strong></span> <span class='ocrx_word' id='word_1_217' title='bbox 856 1992 915 2039; x_wconf 80' lang='grc' dir='ltr'><strong>εἰς</strong></span> <span class='ocrx_word' id='word_1_218' title='bbox 943 1992 1136 2045; x_wconf 76' lang='grc' dir='ltr'><strong><em>μέγεθος,</em></strong></span> <span class='ocrx_word' id='word_1_219' title='bbox 1164 1989 1487 2045; x_wconf 81' lang='grc' dir='ltr'><strong><em>α’ποχαρισάμε-</em></strong></span> 
     </span>
     <span class='ocr_line' id='line_1_31' title="bbox 25 2043 1485 2102; baseline 0.001 -15"><span class='ocrx_word' id='word_1_220' title='bbox 25 2058 99 2094; x_wconf 75' lang='grc' dir='ltr'><strong>νος</strong></span> <span class='ocrx_word' id='word_1_221' title='bbox 128 2045 264 2086; x_wconf 78' lang='grc' dir='ltr'><em>ἐκεῖσε</em></span> <span class='ocrx_word' id='word_1_222' title='bbox 294 2043 487 2098; x_wconf 79' lang='grc' dir='ltr'><strong>κτήματα</strong></span> <span class='ocrx_word' id='word_1_223' title='bbox 515 2045 661 2087; x_wconf 78' lang='grc' dir='ltr'><strong>πολλά.</strong></span> <span class='ocrx_word' id='word_1_224' title='bbox 700 2046 911 2102; x_wconf 78' lang='grc' dir='ltr'><strong>ἐπεκλήθη</strong></span> <span class='ocrx_word' id='word_1_225' title='bbox 939 2048 987 2088; x_wconf 80' lang='grc' dir='ltr'><strong>δὲ</strong></span> <span class='ocrx_word' id='word_1_226' title='bbox 1017 2049 1172 2099; x_wconf 79' lang='grc' dir='ltr'><strong><em>Χῶρα,</em></strong></span> <span class='ocrx_word' id='word_1_227' title='bbox 1208 2043 1271 2088; x_wconf 77' lang='grc' dir='ltr'><strong>ὅτι</strong></span> <span class='ocrx_word' id='word_1_228' title='bbox 1303 2049 1375 2089; x_wconf 74' lang='grc' dir='ltr'><strong>ἐπὶ</strong></span> <span class='ocrx_word' id='word_1_229' title='bbox 1401 2050 1485 2102; x_wconf 63' lang='grc' dir='ltr'><strong>ταξν</strong></span> 
     </span>
     <span class='ocr_line' id='line_1_32' title="bbox 24 2094 1484 2157; baseline 0.001 -16"><span class='ocrx_word' id='word_1_230' title='bbox 24 2099 275 2152; x_wconf 72' lang='grc' dir='ltr'><strong><em>Βυζαντίων</em></strong></span> <span class='ocrx_word' id='word_1_231' title='bbox 298 2103 459 2154; x_wconf 82' lang='grc' dir='ltr'><strong><em>χωρίον</em></strong></span> <span class='ocrx_word' id='word_1_232' title='bbox 485 2094 534 2157; x_wconf 81' lang='grc' dir='ltr'><strong>ἦν</strong></span> <span class='ocrx_word' id='word_1_233' title='bbox 549 2102 698 2156; x_wconf 75' lang='grc' dir='ltr'><em>ἐκεῖσε,</em></span> <span class='ocrx_word' id='word_1_234' title='bbox 723 2101 815 2144; x_wconf 75' lang='grc' dir='ltr'><strong>ἐπεὶ</strong></span> <span class='ocrx_word' id='word_1_235' title='bbox 838 2105 911 2143; x_wconf 78' lang='grc' dir='ltr'><strong>καί</strong></span> <span class='ocrx_word' id='word_1_236' title='bbox 936 2100 989 2144; x_wconf 80' lang='grc' dir='ltr'><strong>τοὶ</strong></span> <span class='ocrx_word' id='word_1_237' title='bbox 1020 2104 1220 2145; x_wconf 83' lang='grc' dir='ltr'><strong><em>στουδίου</em></strong></span> <span class='ocrx_word' id='word_1_238' title='bbox 1246 2103 1407 2155; x_wconf 84' lang='grc' dir='ltr'><strong><em>χωρίον</em></strong></span> <span class='ocrx_word' id='word_1_239' title='bbox 1435 2104 1484 2155; x_wconf 76' lang='grc' dir='ltr'><strong>ἢν</strong></span> 
     </span>
     <span class='ocr_line' id='line_1_33' title="bbox 23 2153 1482 2215; baseline 0.001 -17"><span class='ocrx_word' id='word_1_240' title='bbox 23 2153 185 2207; x_wconf 73' lang='grc' dir='ltr'><strong><em>ἔξωθεν</em></strong></span> <span class='ocrx_word' id='word_1_241' title='bbox 209 2157 285 2210; x_wconf 80' lang='grc' dir='ltr'><strong>τῆς</strong></span> <span class='ocrx_word' id='word_1_242' title='bbox 314 2156 470 2212; x_wconf 76' lang='grc' dir='ltr'><strong>Βύζης.</strong></span> <span class='ocrx_word' id='word_1_243' title='bbox 528 2162 808 2200; x_wconf 82' lang='lat' dir='ltr'><strong>monasterium</strong></span> <span class='ocrx_word' id='word_1_244' title='bbox 830 2162 962 2200; x_wconf 76' lang='lat' dir='ltr'><strong>Chora</strong></span> <span class='ocrx_word' id='word_1_245' title='bbox 990 2163 1207 2201; x_wconf 79' lang='lat' dir='ltr'><strong>oratorium</strong></span> <span class='ocrx_word' id='word_1_246' title='bbox 1229 2162 1348 2215; x_wconf 80' lang='lat' dir='ltr'><strong>prius</strong></span> <span class='ocrx_word' id='word_1_247' title='bbox 1375 2162 1482 2199; x_wconf 71' lang='lat' dir='ltr'><strong>exti-</strong></span> 
     </span>
     <span class='ocr_line' id='line_1_34' title="bbox 24 2214 1483 2271; baseline 0.001 -18"><span class='ocrx_word' id='word_1_248' title='bbox 24 2215 96 2254; x_wconf 77' lang='lat' dir='ltr'><strong>tit.-</strong></span> <span class='ocrx_word' id='word_1_249' title='bbox 129 2214 317 2270; x_wconf 66' lang='lat' dir='ltr'><strong>Cryppus</strong></span> <span class='ocrx_word' id='word_1_250' title='bbox 358 2229 455 2254; x_wconf 81' lang='lat' dir='ltr'><strong>vem</strong></span> <span class='ocrx_word' id='word_1_251' title='bbox 475 2217 713 2270; x_wconf 71' lang='lat' dir='ltr'><strong>praefectus</strong></span> <span class='ocrx_word' id='word_1_252' title='bbox 728 2246 741 2269; x_wconf 89' lang='lat'><strong>,</strong></span> <span class='ocrx_word' id='word_1_253' title='bbox 778 2226 817 2256; x_wconf 83' lang='lat' dir='ltr'><strong>et</strong></span> <span class='ocrx_word' id='word_1_254' title='bbox 854 2218 990 2256; x_wconf 68' lang='lat' dir='ltr'><strong>Garus</strong></span> <span class='ocrx_word' id='word_1_255' title='bbox 1029 2217 1195 2258; x_wconf 83' lang='lat' dir='ltr'><strong>Phocae</strong></span> <span class='ocrx_word' id='word_1_256' title='bbox 1223 2217 1483 2271; x_wconf 82' lang='lat' dir='ltr'><strong>Cappadocis</strong></span> 
     </span>
     <span class='ocr_line' id='line_1_35' title="bbox 13 2270 1481 2328; baseline 0 -18"><span class='ocrx_word' id='word_1_257' title='bbox 13 2270 131 2326; x_wconf 80' lang='lat' dir='ltr'><strong>filius</strong></span> <span class='ocrx_word' id='word_1_258' title='bbox 157 2271 252 2310; x_wconf 82' lang='lat' dir='ltr'><strong>illuc</strong></span> <span class='ocrx_word' id='word_1_259' title='bbox 293 2271 493 2325; x_wconf 80' lang='lat' dir='ltr'><strong>relegatus·</strong></span> <span class='ocrx_word' id='word_1_260' title='bbox 510 2272 697 2323; x_wconf 76' lang='lat' dir='ltr'><strong>plur-ibus</strong></span> <span class='ocrx_word' id='word_1_261' title='bbox 732 2274 1035 2328; x_wconf 75' lang='lat' dir='ltr'><strong>possesn&#39;onibus</strong></span> <span class='ocrx_word' id='word_1_262' title='bbox 1066 2273 1232 2313; x_wconf 82' lang='lat' dir='ltr'><strong>donatis</strong></span> <span class='ocrx_word' id='word_1_263' title='bbox 1245 2301 1257 2322; x_wconf 90' lang='lat'>‚</span> <span class='ocrx_word' id='word_1_264' title='bbox 1295 2273 1338 2311; x_wconf 84' lang='lat' dir='ltr'><strong>in</strong></span> <span class='ocrx_word' id='word_1_265' title='bbox 1374 2286 1481 2320; x_wconf 85' lang='lat' dir='ltr'><strong>eam,</strong></span> 
     </span>
     <span class='ocr_line' id='line_1_36' title="bbox 23 2326 1481 2383; baseline 0 -17"><span class='ocrx_word' id='word_1_266' title='bbox 23 2341 107 2382; x_wconf 81' lang='lat' dir='ltr'><strong>qua</strong></span> <span class='ocrx_word' id='word_1_267' title='bbox 133 2328 287 2377; x_wconf 59' lang='lat' dir='ltr'><strong>visitur,</strong></span> <span class='ocrx_word' id='word_1_268' title='bbox 299 2328 491 2380; x_wconf 72' lang='lat' dir='ltr'><strong>sormam</strong></span> <span class='ocrx_word' id='word_1_269' title='bbox 515 2337 553 2367; x_wconf 80' lang='lat' dir='ltr'><strong>et</strong></span> <span class='ocrx_word' id='word_1_270' title='bbox 577 2329 883 2383; x_wconf 81' lang='lat' dir='ltr'><strong>amplitudinem</strong></span> <span class='ocrx_word' id='word_1_271' title='bbox 909 2331 1069 2370; x_wconf 74' lang='lat' dir='ltr'><strong>extulit.</strong></span> <span class='ocrx_word' id='word_1_272' title='bbox 1129 2326 1264 2377; x_wconf 62' lang='lat' dir='ltr'><strong>Xffipa</strong></span> <span class='ocrx_word' id='word_1_273' title='bbox 1291 2342 1389 2367; x_wconf 79' lang='lat' dir='ltr'><strong>vero</strong></span> <span class='ocrx_word' id='word_1_274' title='bbox 1409 2341 1481 2366; x_wconf 84' lang='lat' dir='ltr'><strong>no-</strong></span> 
     </span>
     <span class='ocr_line' id='line_1_37' title="bbox 22 2382 1481 2440; baseline -0.001 -17"><span class='ocrx_word' id='word_1_275' title='bbox 22 2397 114 2423; x_wconf 82' lang='lat' dir='ltr'><strong>men</strong></span> <span class='ocrx_word' id='word_1_276' title='bbox 152 2384 293 2423; x_wconf 77' lang='lat' dir='ltr'><strong>habuit</strong></span> <span class='ocrx_word' id='word_1_277' title='bbox 331 2384 443 2439; x_wconf 85' lang='lat' dir='ltr'><strong>quod</strong></span> <span class='ocrx_word' id='word_1_278' title='bbox 477 2384 538 2424; x_wconf 83' lang='lat' dir='ltr'><strong>ibi</strong></span> <span class='ocrx_word' id='word_1_279' title='bbox 561 2385 682 2435; x_wconf 65' lang='lat' dir='ltr'><strong>fbf-ec</strong></span> <span class='ocrx_word' id='word_1_280' title='bbox 720 2382 879 2437; x_wconf 85' lang='grc' dir='ltr'><strong><em>χωρίον</em></strong></span> <span class='ocrx_word' id='word_1_281' title='bbox 915 2400 1038 2439; x_wconf 80' lang='lat' dir='ltr'><strong>ager.-</strong></span> <span class='ocrx_word' id='word_1_282' title='bbox 1086 2385 1407 2440; x_wconf 83' lang='lat' dir='ltr'><strong>quandoquidem</strong></span> <span class='ocrx_word' id='word_1_283' title='bbox 1443 2391 1481 2422; x_wconf 80' lang='lat' dir='ltr'><strong>ec</strong></span> 
     </span>
     <span class='ocr_line' id='line_1_38' title="bbox 21 2439 1284 2497; baseline -0.001 -19"><span class='ocrx_word' id='word_1_284' title='bbox 21 2439 238 2480; x_wconf 75' lang='lat' dir='ltr'><strong>smdiensis</strong></span> <span class='ocrx_word' id='word_1_285' title='bbox 265 2442 504 2480; x_wconf 72' lang='lat' dir='ltr'><strong>monasterii</strong></span> <span class='ocrx_word' id='word_1_286' title='bbox 531 2441 644 2481; x_wconf 82' lang='lat' dir='ltr'><strong>locus</strong></span> <span class='ocrx_word' id='word_1_287' title='bbox 674 2454 773 2494; x_wconf 81' lang='lat' dir='ltr'><strong>ager</strong></span> <span class='ocrx_word' id='word_1_288' title='bbox 803 2456 957 2497; x_wconf 76' lang='lat' dir='ltr'><strong>qnoque</strong></span> <span class='ocrx_word' id='word_1_289' title='bbox 981 2443 1171 2497; x_wconf 81' lang='lat' dir='ltr'><strong>primitus</strong></span> <span class='ocrx_word' id='word_1_290' title='bbox 1178 2441 1284 2490; x_wconf 78' lang='lat' dir='ltr'><strong>suit.</strong></span> 
     </span>
    </p>
   </div>
   <div class='ocr_carea' id='block_1_7' title="bbox 21 2509 1481 2848">
    <p class='ocr_par' dir='ltr' id='par_1_10' title="bbox 21 2509 1481 2848">
     <span class='ocr_line' id='line_1_39' title="bbox 133 2509 1480 2575; baseline -0.001 -23"><span class='ocrx_word' id='word_1_291' title='bbox 133 2510 239 2554; x_wconf 81' lang='lat' dir='ltr'><strong>Ibid.</strong></span> <span class='ocrx_word' id='word_1_292' title='bbox 271 2512 310 2553; x_wconf 90' lang='lat'><strong>7.</strong></span> <span class='ocrx_word' id='word_1_293' title='bbox 368 2509 586 2564; x_wconf 84' lang='grc' dir='ltr'><strong><em>Γερμανόν</em></strong></span> <span class='ocrx_word' id='word_1_294' title='bbox 619 2527 661 2553; x_wconf 82' lang='grc' dir='ltr'><strong>τε</strong></span> <span class='ocrx_word' id='word_1_295' title='bbox 697 2510 769 2554; x_wconf 73' lang='grc' dir='ltr'><strong>τὸν</strong></span> <span class='ocrx_word' id='word_1_296' title='bbox 807 2511 915 2565; x_wconf 79' lang='grc' dir='ltr'><em>μετά</em></span> <span class='ocrx_word' id='word_1_297' title='bbox 947 2513 1100 2567; x_wconf 76' lang='grc' dir='ltr'><strong><em>ταῦτα]</em></strong></span> <span class='ocrx_word' id='word_1_298' title='bbox 1144 2511 1342 2566; x_wconf 85' lang='lat' dir='ltr'><strong>oppositis</strong></span> <span class='ocrx_word' id='word_1_299' title='bbox 1369 2509 1480 2575; x_wconf 38' lang='grc' dir='ltr'><strong>’Περὶ</strong></span> 
     </span>
     <span class='ocr_line' id='line_1_40' title="bbox 22 2566 1479 2624; baseline -0.002 -16"><span class='ocrx_word' id='word_1_300' title='bbox 22 2566 64 2608; x_wconf 86' lang='lat' dir='ltr'><strong>in</strong></span> <span class='ocrx_word' id='word_1_301' title='bbox 97 2568 311 2610; x_wconf 84' lang='lat' dir='ltr'><strong>adversum</strong></span> <span class='ocrx_word' id='word_1_302' title='bbox 341 2569 606 2624; x_wconf 85' lang='lat' dir='ltr'><strong>Theophanis</strong></span> <span class='ocrx_word' id='word_1_303' title='bbox 637 2575 678 2610; x_wconf 86' lang='lat' dir='ltr'><strong>et</strong></span> <span class='ocrx_word' id='word_1_304' title='bbox 705 2571 934 2624; x_wconf 84' lang='lat' dir='ltr'><strong>Nicephori</strong></span> <span class='ocrx_word' id='word_1_305' title='bbox 962 2569 1204 2610; x_wconf 80' lang='lat' dir='ltr'><strong>testimoniis</strong></span> <span class='ocrx_word' id='word_1_306' title='bbox 1236 2568 1479 2607; x_wconf 77' lang='lat' dir='ltr'><strong>ecclesiasti..</strong></span> 
     </span>
     <span class='ocr_line' id='line_1_41' title="bbox 21 2624 1481 2667; baseline -0.002 -3"><span class='ocrx_word' id='word_1_307' title='bbox 21 2638 95 2665; x_wconf 85' lang='lat' dir='ltr'><strong>cae</strong></span> <span class='ocrx_word' id='word_1_308' title='bbox 122 2625 323 2666; x_wconf 84' lang='lat' dir='ltr'><strong>libertatis</strong></span> <span class='ocrx_word' id='word_1_309' title='bbox 363 2625 549 2666; x_wconf 87' lang='lat' dir='ltr'><strong>desertae</strong></span> <span class='ocrx_word' id='word_1_310' title='bbox 578 2631 741 2666; x_wconf 84' lang='lat' dir='ltr'><strong>sanctos</strong></span> <span class='ocrx_word' id='word_1_311' title='bbox 783 2627 894 2667; x_wconf 81' lang='lat' dir='ltr'><strong>viros</strong></span> <span class='ocrx_word' id='word_1_312' title='bbox 925 2630 1178 2667; x_wconf 88' lang='lat' dir='ltr'><strong>Germanum</strong></span> <span class='ocrx_word' id='word_1_313' title='bbox 1205 2624 1283 2665; x_wconf 92' lang='lat' dir='ltr'><strong>CP.</strong></span> <span class='ocrx_word' id='word_1_314' title='bbox 1313 2629 1357 2663; x_wconf 90' lang='lat' dir='ltr'><strong>et</strong></span> <span class='ocrx_word' id='word_1_315' title='bbox 1389 2624 1481 2662; x_wconf 81' lang='lat' dir='ltr'><strong>An-</strong></span> 
     </span>
     <span class='ocr_line' id='line_1_42' title="bbox 22 2678 1480 2743; baseline -0.002 -23"><span class='ocrx_word' id='word_1_316' title='bbox 22 2679 165 2722; x_wconf 88' lang='lat' dir='ltr'><strong>dream</strong></span> <span class='ocrx_word' id='word_1_317' title='bbox 193 2681 431 2724; x_wconf 84' lang='lat' dir='ltr'><strong>Cretensem</strong></span> <span class='ocrx_word' id='word_1_318' title='bbox 449 2682 757 2736; x_wconf 82' lang='lat' dir='ltr'><strong>damnantibus,</strong></span> <span class='ocrx_word' id='word_1_319' title='bbox 787 2683 838 2723; x_wconf 91' lang='lat' dir='ltr'><strong>ab</strong></span> <span class='ocrx_word' id='word_1_320' title='bbox 867 2682 979 2722; x_wconf 89' lang='lat' dir='ltr'><strong>omni</strong></span> <span class='ocrx_word' id='word_1_321' title='bbox 1010 2680 1192 2722; x_wconf 87' lang='lat' dir='ltr'><strong>criminis</strong></span> <span class='ocrx_word' id='word_1_322' title='bbox 1222 2678 1373 2720; x_wconf 87' lang='lat' dir='ltr'><strong>nedum</strong></span> <span class='ocrx_word' id='word_1_323' title='bbox 1399 2693 1480 2743; x_wconf 74' lang='lat' dir='ltr'><strong>no-</strong></span> 
     </span>
     <span class='ocr_line' id='line_1_43' title="bbox 22 2735 1479 2798; baseline -0.002 -22"><span class='ocrx_word' id='word_1_324' title='bbox 22 2740 80 2786; x_wconf 73' lang='lat' dir='ltr'><strong>tu,</strong></span> <span class='ocrx_word' id='word_1_325' title='bbox 111 2752 256 2780; x_wconf 81' lang='lat' dir='ltr'><strong>verum</strong></span> <span class='ocrx_word' id='word_1_326' title='bbox 301 2739 425 2779; x_wconf 86' lang='lat' dir='ltr'><strong>etiam</strong></span> <span class='ocrx_word' id='word_1_327' title='bbox 469 2739 705 2793; x_wconf 88' lang='lat' dir='ltr'><strong>suspicione</strong></span> <span class='ocrx_word' id='word_1_328' title='bbox 749 2745 958 2780; x_wconf 83' lang='lat' dir='ltr'><strong>remotum</strong></span> <span class='ocrx_word' id='word_1_329' title='bbox 999 2740 1253 2778; x_wconf 86' lang='lat' dir='ltr'><strong>Germanum</strong></span> <span class='ocrx_word' id='word_1_330' title='bbox 1287 2735 1479 2798; x_wconf 64' lang='lat' dir='ltr'><strong>Petamus</strong></span> 
     </span>
     <span class='ocr_line' id='line_1_44' title="bbox 22 2793 1475 2848; baseline -0.003 -15"><span class='ocrx_word' id='word_1_331' title='bbox 22 2793 248 2848; x_wconf 75' lang='lat' dir='ltr'><strong>Nicephori</strong></span> <span class='ocrx_word' id='word_1_332' title='bbox 277 2801 583 2836; x_wconf 84' lang='lat' dir='ltr'><strong>commentator</strong></span> <span class='ocrx_word' id='word_1_333' title='bbox 612 2796 845 2837; x_wconf 84' lang='lat' dir='ltr'><strong>contendit.</strong></span> <span class='ocrx_word' id='word_1_334' title='bbox 875 2801 917 2835; x_wconf 86' lang='lat' dir='ltr'><strong>at</strong></span> <span class='ocrx_word' id='word_1_335' title='bbox 938 2809 1030 2835; x_wconf 91' lang='lat' dir='ltr'><strong>cum</strong></span> <span class='ocrx_word' id='word_1_336' title='bbox 1060 2793 1340 2834; x_wconf 85' lang='lat' dir='ltr'><strong>innocentiam</strong></span> <span class='ocrx_word' id='word_1_337' title='bbox 1373 2796 1475 2831; x_wconf 68' lang='lat' dir='ltr'><strong>(ann</strong></span> 
     </span>
    </p>
   </div>
  </div>
 </body>
</html>
