1728 3184
685 192 886 234 NOTAE.
1416 185 1512 236 317

47 325 138 367 cap.
169 310 223 352 62
257 318 301 353 et
330 325 378 352 ex
409 311 588 352 Socrate
615 311 685 353 lib.
719 313 739 353 1
772 325 862 365 cap.
893 307 923 351 4
953 311 1218 367 deprompta,
1250 314 1323 370 qui
1355 314 1515 369 pariter

48 368 290 409 Cordubam
318 366 604 423 Κουδρούβην
631 369 903 424 pronunciat.

156 452 223 504 24,
261 452 323 494 10.
397 450 471 493 καί
497 451 541 494 ἐν
574 453 625 510 τῇ
652 450 840 509 οἷνατολῇ
870 448 1227 506 διορθωσόμενος]
1261 461 1303 495 at
1330 455 1361 494 si
1393 454 1515 495 resti-

44 511 126 551 tuit
152 516 196 551 et
220 511 458 564 composuit
490 510 530 550 in
559 511 736 552 Oriente
783 509 1022 551 celebrandi
1066 510 1271 564 paschatis
1313 510 1515 560 ordinem,

47 581 126 607 cur
152 567 371 607 confestim
395 559 607 619 ἇπρακτος
640 567 807 608 rediisse
843 566 990 606 Hosius
1021 565 1304 607 describitur?
1361 582 1516 607 corru-

44 631 142 677 ptus
169 637 267 664 sane
299 622 366 663 hie
394 622 532 674 locus,
574 624 689 664 cuius
718 625 809 664 vice
835 622 1053 678 legendum
1085 622 1290 663 existimo:
1321 618 1515 676 ἐληλύθει

45 679 94 720 δὲ
113 674 254 727 Ὃσιος
281 678 326 720 ἐν
351 677 400 734 τῇ
428 673 610 734 ἇνατολῇ
637 678 974 731 διορθωσόμενος
1002 675 1100 727 τοὺς
1118 675 1404 726 α’νατολικοιῖς.
1448 695 1518 718 ve·

44 745 163 776 nerat
189 750 284 776 sane
313 736 462 776 Hosius
499 738 542 776 ιἰι
578 737 793 776 Orientem
819 745 1068 777 correcturus·
1092 736 1274 786 incolas,
1300 745 1339 775 et
1365 734 1426 775 ad
1450 750 1518 775 or-

43 792 181 832 dinem
224 802 488 832 revocaturus
523 802 597 833 etc.
637 793 821 848 quamvis
860 792 946 834 sola
986 806 1066 832 vox
1102 789 1445 846 διορθωσάμενος
1476 791 1517 830 in

49 843 388 901 διορθωσόμενος
419 853 576 888 mutata
599 849 738 890 locum
770 864 937 890 omnem
967 857 1152 902 reparet,
1183 854 1225 888 et
1255 848 1518 902 expositioni,

77 919 174 943 uam
208 903 261 944 ad
298 909 459 945 textum
502 905 700 956 adhibui,
748 907 886 946 locum
930 905 1107 946 dederit.
1177 904 1279 945 baec
1306 919 1442 959 porro
1472 919 1519 945 cx

44 919 264 1001 gozomeni
307 961 382 1002 lib.
416 960 436 1001 l
467 976 559 1016 cap.
598 963 649 1003 15
691 970 916 1018 excerpta:
963 967 1171 1002 memorat
1214 962 1358 1002 eadem
1387 962 1520 1002 Euse-

48 1016 142 1057 bius
169 1016 242 1057 lib.
274 1015 301 1057 3
333 1017 384 1058 de
409 1018 495 1058 vita
524 1020 665 1061 Const.
698 1034 793 1073 cap.
820 1020 845 1059 5
877 1018 1138 1059 Constantini
1175 1018 1386 1058 laudatum
1416 1018 1521 1058 faci-

44 1087 121 1113 nus
149 1073 351 1115 Silvestre
385 1089 521 1130 papae
554 1076 708 1118 tribuit
736 1076 940 1117 Baronius
986 1074 1037 1115 ad
1068 1090 1223 1115 annum
1255 1075 1409 1116 Christi
1437 1073 1521 1115 324

50 1145 167 1170 num.
200 1129 293 1171 160.

161 1214 270 1257 Ibid.
303 1212 366 1255 13.
427 1212 636 1256 Κώνσταν
659 1210 734 1256 τὸν
764 1211 860 1256 υἱὸν
890 1207 1026 1256 αὖτοῦ
1054 1217 1390 1269 Κωνσταντῖνος]
1440 1216 1519 1257 Ce..

50 1271 203 1311 drenus
234 1276 452 1311 auctorem
487 1278 686 1324 sequutus
724 1271 775 1312 ad
815 1287 967 1313 annum
1011 1273 1274 1314 Constantini
1313 1272 1519 1313 decimum

51 1327 271 1382 septimum
301 1327 458 1368 scribit.
532 1323 792 1369 Κώνσταντα
835 1327 910 1368 τὸν
938 1325 1033 1370 viiiv
1063 1326 1200 1370 αὐτοῦ
1228 1327 1520 1382 προβαλλόμε-

46 1398 117 1432 νος
147 1384 355 1437 Καίσαρα
397 1382 457 1431 εἰς
495 1382 683 1432 Γαλλίας
711 1385 967 1425 ἀπέστειλεν.
1041 1385 1187 1426 vitiose
1218 1393 1421 1440 uterque3
1457 1385 1519 1426 vel

45 1439 313 1494 Theophanis
341 1440 476 1481 nostri
506 1440 730 1492 librarius,
763 1442 996 1483 Constantii
1022 1442 1125 1493 vice,
1155 1443 1391 1483 Constantis
1418 1457 1519 1497 sup-

49 1499 188 1550 posuit
214 1511 378 1537 nomen.
453 1511 563 1536 anno
607 1498 765 1552 quippe
799 1498 944 1539 aetatis
975 1499 1217 1551 tricesimo,
1253 1499 1325 1555 qui
1355 1498 1519 1553 imperii

48 1553 197 1594 tertius
230 1552 429 1604 decimus,
461 1554 664 1594 Constans
698 1570 721 1594 a
749 1556 990 1609 Magnentio
1021 1557 1181 1597 occisus
1202 1586 1215 1608 ,
1245 1555 1377 1609 patris
1410 1556 1522 1597 deci-

48 1625 118 1650 mo
149 1610 327 1665 septimo
367 1610 519 1650 Caesar
560 1610 720 1662 creari,
765 1611 842 1651 nisi
874 1612 986 1652 forte
1010 1612 1172 1663 bimus,
1214 1611 1325 1652 hand
1368 1612 1521 1666 potuit.

49 1680 181 1707 annos
214 1681 315 1707 vero
345 1667 520 1721 triginta
549 1673 713 1718 natum,
747 1668 912 1723 imperii
942 1667 1104 1709 decimo
1134 1669 1328 1723 septimo,
1360 1685 1381 1709 a
1416 1670 1523 1709 Cae..

48 1723 148 1763 saris
178 1730 348 1777 arrepta
380 1723 582 1778 dignitate
611 1724 807 1780 intellige,
846 1725 1104 1766 trucidatum
1132 1726 1264 1766 refert
1290 1726 1520 1780 Eutropius

48 1781 118 1820 lib.
142 1778 210 1832 10,
231 1780 347 1820 cuius
374 1780 503 1820 verba
533 1781 718 1822 auctoris
749 1795 941 1822 errorem
972 1783 1130 1832 fovent,
1161 1783 1231 1823 uhi
1247 1783 1395 1823 Licinii
1427 1797 1521 1823 cae-

51 1837 104 1876 de
133 1842 304 1877 narrata
332 1837 519 1891 legimuS.
578 1852 624 1878 eo
650 1847 824 1894 tempore
863 1853 925 1879 res
955 1840 1143 1879 Romana
1173 1839 1245 1879 sub
1275 1853 1353 1880 uno
1385 1839 1524 1894 Augu-

46 1902 107 1933 sto
135 1902 176 1932 et
198 1894 323 1933 tribus
354 1893 606 1934 Caesaribus
646 1894 780 1949 (quod
815 1910 1020 1951 nunquam
1050 1896 1176 1952 alias)
1203 1896 1326 1947 suit:
1355 1910 1444 1936 cum
1470 1897 1523 1935 li-

49 1949 136 1989 beri
159 1948 411 1990 Constantini
441 1951 625 2002 Galliae,
659 1952 829 2003 Orienti,
850 1952 1077 2009 Italiaeque
1097 1962 1341 2008 praeessent.
1377 1967 1523 1993 verum

48 2005 100 2045 de
128 2006 390 2060 temporibus
402 2005 613 2047 Liciniana
640 2008 756 2048 clade
786 2010 1093 2061 posterioribus
1123 2009 1234 2050 ratio
1265 2015 1520 2063 temporum,

49 2069 91 2102 et
122 2062 281 2103 Aurelii
304 2062 489 2104 Victoris
518 2065 746 2104 auctoritas
772 2065 946 2106 suadent
973 2065 1077 2106 haec
1098 2065 1387 2121 intelligenda:
1416 2081 1525 2119 pau-

48 2119 91 2158 lo
124 2126 221 2172 post
249 2119 358 2160 enim
382 2119 435 2160 de
452 2120 686 2161 Constantis
715 2121 892 2162 interitu
924 2123 1054 2163 verba
1081 2124 1259 2163 faciens:
1288 2123 1390 2164 obiit
1414 2137 1519 2162 anno

44 2176 215 2230 imperii
231 2176 289 2227 (id
306 2181 367 2215 est
381 2176 606 2218 Caesareae
629 2178 840 2232 dignitatis
859 2180 1047 2230 collatae)
1068 2179 1223 2220 decimo
1251 2180 1437 2236 septimo,
1467 2179 1524 2218 ait

46 2231 279 2287 Eutropius
308 2231 431 2282 idem,
461 2234 611 2274 aetatis
640 2236 872 2289 trigesimo:
904 2242 999 2277 ante
1014 2236 1144 2291 patris
1173 2236 1314 2291 itaque
1343 2241 1522 2275 mortem

47 2289 164 2328 annis
207 2289 532 2345 quatuordecim
574 2305 669 2330 cum
699 2291 786 2331 aliis
825 2293 977 2333 Caesar
1021 2307 1107 2333 non
1140 2293 1270 2332 valuit
1298 2291 1518 2345 designari.

47 2345 237 2386 Aurelius
266 2351 405 2386 autem
429 2346 583 2386 Victor
602 2347 751 2388 Licinii
786 2355 925 2390 morte
954 2351 1099 2398 relata,
1128 2363 1175 2390 eo
1204 2348 1336 2398 modo,
1367 2348 1522 2397 subdit,

46 2416 148 2456 resp.
179 2403 296 2443 wzius
334 2403 504 2443 arbitrio
541 2405 630 2456 regi
652 2405 799 2459 coepit,
841 2406 977 2446 liberis
1009 2406 1234 2447 Caesarum
1263 2405 1429 2445 nomina
1456 2403 1523 2444 di-

49 2471 172 2498 versa
203 2460 519 2508 retentantibus;
561 2474 734 2516 namque
775 2476 824 2501 ea
862 2471 1094 2519 tempestate
1120 2463 1218 2514 imp.
1250 2470 1384 2502 nostro
1415 2459 1523 2501 Con-

48 2516 195 2554 stantio
220 2515 332 2567 (vide
359 2515 649 2556 Constantium
672 2518 907 2559 Constantis
940 2520 1035 2559 loco
1064 2517 1342 2566 scribendum)
1371 2518 1524 2571 insigne

49 2569 243 2611 Caesaris
273 2571 429 2612 datum.
458 2579 500 2612 et
533 2572 716 2624 inferius,
747 2575 947 2616 confectis
977 2576 1171 2617 adversus
1196 2575 1404 2613 Sarmatas
1430 2572 1524 2613 bel-

49 2624 110 2665 lis:
141 2627 310 2678 interea,
338 2629 488 2683 inquit,
518 2629 757 2680 Gothorum,
783 2629 1160 2687 Sarmatarumque
1187 2639 1344 2670 stratae
1369 2639 1522 2684 gentes,

48 2681 232 2739 r‘iliusque
252 2695 482 2726 cunctorum
514 2686 665 2733 minor,
696 2686 893 2728 Constans
925 2690 1095 2739 nomine,
1128 2686 1279 2726 Caesar
1293 2684 1383 2741 fit:
1417 2701 1524 2741 quae

49 2740 238 2781 narratio
258 2742 481 2796 praesenti,
505 2757 630 2797 quam
648 2743 958 2796 elucubratum,
975 2750 1072 2784 toto
1089 2742 1290 2783 decennio
1310 2743 1522 2796 posterior

52 2802 125 2836 est.
181 2798 462 2839 conferendus
491 2813 586 2839 cum
627 2799 711 2840 istis
738 2800 939 2842 Eusebius
969 2801 1022 2841 de
1046 2801 1130 2840 vita
1163 2799 1357 2840 constan.
1388 2798 1463 2840 lib.
1490 2794 1519 2840 4
