1728 3184
197 160 292 207 716

217 271 219 274 ’
241 277 394 315 curator,
423 284 464 308 ae
497 268 603 309 tutor
624 274 823 311 Theodosii
848 277 893 311 ab

240 319 393 356 Arcadio
407 322 592 357 institutus
611 322 706 359 ibss5.
732 325 771 358 in
785 324 893 360 Chri-

240 369 376 403 stianos
427 372 667 416 propensior,
719 384 891 407 nnccenso

239 417 332 461 ignis
361 419 517 464 templo
534 426 741 465 persecutor
767 423 805 455 in
830 432 892 455 eos

240 464 433 499 inardescit
459 465 537 508 128,
565 466 595 502 5.

191 511 399 594 Ιεεῐιὲζέηἰεε
460 515 554 548 alter
596 515 780 551 Persarum
830 526 892 550 rex

243 561 259 594 1
311 586 321 602 ,
348 561 370 596 6

193 608 426 642 lseihimusae
459 610 588 644 tertius
638 608 683 643 ad
730 608 889 644 Arabum

240 657 430 701 imperium
460 656 622 691 delectus
649 657 730 698 656,
744 656 779 690 4.
815 656 890 690 Ab-

240 704 346 738 delae
377 705 464 739 dolo
491 717 534 739 eo
562 706 725 739 exclusus
751 705 833 745 672,
853 704 888 740 6.

191 751 351 786 Isidorus
384 752 573 800 presbyter
604 752 810 788 Theodosio
843 752 890 786 ad

240 801 488 847 episcop-itum
510 813 531 835 a
555 800 764 848 Theophilo
790 812 890 835 com·

237 849 427 883 mendatus
459 849 537 891 117,
565 849 600 884 8.

191 897 362 931 Isocasins
402 903 572 943 quaestor
603 895 817 930 Antiochiae
849 901 890 931 ut

238 945 383 990 gentilis
409 945 551 979 delatus
584 944 666 985 178,
691 942 726 980 6·

191 993 289 1026 isoes
312 994 483 1039 patricius
518 993 656 1040 Opsicii
681 1003 800 1027 comes
827 1003 890 1027 oc-

238 1041 331 1074 cisus
357 1039 523 1083 616,12.

189 1088 313 1123 ludaei
349 1088 583 1130 Constantis,
624 1093 661 1130 et
687 1087 888 1122 Constantii

237 1136 379 1181 legibus
405 1137 523 1171 vexati
547 1135 606 1178 54,
632 1136 665 1170 7.
715 1137 889 1171 Saborem

236 1184 275 1218 in
290 1184 432 1229 Perside
449 1186 488 1218 in
507 1183 731 1219 Christianos
759 1186 888 1218 accen-

236 1231 330 1267 dunt
353 1231 410 1273 36,
438 1232 491 1268 10.
519 1232 556 1266 in
581 1232 781 1267 Palaestina
806 1233 890 1279 plu-

234 1280 343 1314 rimos
372 1285 448 1314 tum
469 1280 636 1322 Graecos,
662 1286 739 1315 tum
765 1280 889 1314 Sama-

237 1328 322 1362 ritas
349 1328 520 1362 occidunt
546 1327 605 1370 61,
629 1325 664 1362 4.
716 1341 736 1363 a
761 1328 890 1374 templi

236 1375 302 1409 snb
322 1368 462 1412 Iuliano
492 1376 732 1422 reparatione,
761 1378 845 1420 igne
869 1387 892 1410 e

235 1424 480 1459 fundamentis
518 1430 729 1472 erumpente
768 1424 889 1459 deter-

238 1474 361 1506 rentur
384 1472 442 1514 80,
466 1473 500 1507 5·

189 1520 342 1554 ludieos
374 1521 473 1554 fovet
488 1520 625 1555 Valens
651 1520 709 1561 92,
731 1521 764 1554 2.
796 1519 894 1553 mul-

235 1575 308 1603 tam
328 1567 611 1603 Christianorum
638 1575 790 1611 stragem
804 1568 891 1601 Ale-

235 1616 408 1651 xandriae
436 1623 548 1662 agunt
578 1617 656 1658 127,
686 1616 741 1650 13.
771 1616 893 1649 infan-

236 1670 309 1699 tem
338 1665 384 1698 ad
398 1666 544 1698 Immum
571 1665 705 1699 Christi
731 1663 893 1697 ludibrio

236 1713 421 1759 perimunt
449 1712 528 1755 129,
557 1713 612 1750 13.
643 1713 797 1746 Iudaeus
823 1722 892 1757 pa-

238 1761 408 1805 ralytieus
444 1773 463 1794 e
502 1761 644 1795 lavacro
670 1773 776 1795 sanus
804 1761 893 1793 effe-

237 1815 314 1842 ctus
344 1809 422 1849 127,
435 1810 469 1843 2.
494 1810 674 1843 Iulianum
699 1815 894 1853 tyrannum

239 1855 308 1890 sibi
346 1857 472 1890 ludaei
510 1858 727 1902 praeficiunt
751 1854 834 1897 274,
860 1855 894 1889 7.

238 1904 432 1938 Chosroem
471 1905 518 1938 ad
555 1905 693 1939 bellum
719 1905 895 1939 exstimu-

238 1952 316 1986 lant
339 1951 387 1986 ib.
418 1951 472 1987 18.

192 1999 336 2033 Iuliana
375 2000 560 2034 Timothei
603 2000 894 2034 communionem

239 2048 377 2094 respuit
412 2046 493 2089 243,
524 2049 556 2083 7.
608 2049 644 2081 S.
683 2048 819 2081 Mariae
854 2048 893 2080 in

240 2096 617 2142 Honoratistemplum
638 2096 773 2129 extruit
797 2095 844 2127 ib.
859 2094 893 2128 8.

192 2145 355 2178 lulianus
373 2144 588 2177 Antiochiae
608 2145 796 2189 episcopus
813 2142 893 2183 178,

242 2191 299 2228 17.
343 2204 505 2225 moerore
535 2204 579 2225 ex
608 2192 703 2226 Petri
728 2191 895 2224 Fullonis

242 2241 350 2285 gestis
377 2245 552 2287 concepto
564 2238 750 2273 diemobit
766 2239 843 2279 188,
858 2239 894 2273 3.

195 2289 355 2322 lulianus
371 2288 552 2322 Dalmatio
571 2294 671 2334 patre
687 2288 804 2321 occiso
830 2299 892 2320 ae-

244 2338 327 2370 tuis
348 2337 548 2370 tenerioris
549 2347 673 2370 necem
700 2335 894 2380 effugit53,

243 2384 296 2418 10.
350 2384 463 2417 literis
514 2383 747 2422 imbuendum
794 2388 895 2416 curat

240 2433 475 2466 Constantius
495 2432 541 2466 ib.
568 2432 626 2467 20.
655 2431 688 2465 S.
717 2431 894 2465 Mamanti

243 2480 415 2525 templum
472 2480 672 2515 extruentis
722 2479 894 2512 fabricam

241 2534 335 2562 terra
364 2530 501 2573 respuit
528 2529 585 2568 54,
609 2526 643 2562 4.
679 2527 895 2561 monachum

242 2578 388 2609 siumlat
425 2577 472 2609 ib.
502 2576 532 2610 6.
602 2577 737 2611 iussum
781 2574 895 2609 occidi

243 2623 398 2657 Eusebia
418 2624 576 2658 Athenas
593 2623 743 2658 dimittit
767 2623 824 2663 62,
841 2623 894 2658 12.

242 2683 262 2703 a
290 2672 500 2706 Constantio
526 2673 712 2706 Caesarem
729 2671 896 2715 designa-

245 2725 319 2752 tum
352 2732 391 2753 ac
417 2721 530 2754 sorori
547 2721 708 2754 Helenae
734 2720 896 2753 iunctum

243 2767 412 2811 coniugio
428 2793 437 2805 ,
472 2769 508 2801 in
539 2769 677 2803 Gallias
703 2768 815 2801 mittit
838 2766 898 2808 68,

247 2814 299 2848 19.
329 2816 505 2850 salutatus
529 2817 724 2863 imperator
740 2815 786 2849 ad
810 2827 898 2861 gen-

831 169 997 211 JNDEx
1031 181 1036 186 ·

1007 275 1178 310 tilismum
1203 273 1328 309 deficit
1353 273 1412 318 71,
1439 274 1474 309 ’4.
1497 271 1658 322 *episco-

1034 335 1072 357 os
1097 323 1208 358 exilio
1233 323 1342 358 solvit
1372 323 1421 357 ib.
1448 323 1502 357 15.
1553 323 1658 357 aulae

1007 335 1132 405 fuxum
1172 373 1323 416 castigat
1356 371 1406 404 ib.
1435 369 1510 405 17.'
1542 369 1658 405 diram

1005 421 1045 453 in
1101 418 1323 453 Christianos
1370 419 1658 465 persecutionem

1007 467 1140 500 excitat
1167 466 1223 508 73,
1249 466 1283 501 9.
1334 466 1542 501 Caesaream
1564 466 1658 513 Cap-

1005 514 1180 560 padociae
1209 515 1384 555 mulctat,
1423 515 1470 549 ob
1495 525 1657 548 eversum

1006 563 1044 596 in
1082 574 1123 596 ea
1161 562 1327 596 fortunae
1365 562 1486 596 fanum
1523 562 1571 595 ib.
1601 562 1657 595 11.

1005 610 1163 645 Marcum
1189 607 1404 644 monachum
1428 608 1658 644 Arethusium

1005 665 1121 699 necat,
1137 669 1208 705 quo
1220 663 1384 692 servante
1400 663 1550 692 mortem
1572 663 1658 691 eva-

988 712 1101 740 'serat
1125 706 1240 741 ib.15.
1266 705 1474 752 philosophi
1503 708 1656 739 all'eeta·

1004 759 1042 788 ta
1080 753 1256 787 modestia
1289 753 1480 787 verborum
1518 753 1659 799 spernit

1006 801 1176 836 iniuriam
1196 801 1252 841 74,
1270 801 1303 835 3.
1320 800 1547 835 Christianos
1569 812 1659 846 pro-

1004 847 1109 883 hibet
1136 861 1155 882 a
1183 850 1370 895 gentilium
1387 847 1654 895 disciplinisib.

1005 897 1040 931 5.
1069 896 1313 937 Athanasium,
1328 898 1529 944 Titurnque
1557 897 1657 930 sedi-

1004 944 1071 978 bus
1098 946 1250 990 expellit
1275 945 1326 978 ib.
1355 945 1410 979 10.
1451 945 1659 978 beneficen-

1004 992 1091 1027 tiam
1126 993 1214 1026 colit
1254 991 1333 1033 75‚·
1359 990 1392 1027 5.
1433 992 1659 1027 Christianos

1005 1040 1142 1074 artibus
1167 1040 1212 1075 ad
1233 1040 1478 1075 idololatriam
1499 1039 1658 1084 cogitib.

1002 1084 1039 1123 4.
1065 1087 1197 1123 Christi
1215 1093 1390 1130 statuam,
1412 1087 1554 1134 aliaque
1582 1089 1660 1122 eius

1004 1142 1240 1170 monumenta
1259 1135 1413 1170 destruit
1428 1137 1477 1170 ib.
1506 1135 1560 1170 14.
1587 1136 1658 1169 alia

1005 1185 1083 1218 eius
1112 1184 1151 1218 in
1190 1184 1414 1218 Christianos
1445 1183 1660 1218 Antiochiae

1004 1231 1063 1274 ⁴76,
1095 1231 1148 1266 15.
1194 1233 1327 1266 milites
1355 1232 1567 1277 alios'c'ogit
1592 1231 1659 1265 ‹le-

1006 1280 1123 1322 licere,
1149 1280 1241 1314 alios
1279 1291 1323 1313 ex
1347 1280 1575 1314 confessione
1600 1281 1660 1313 in-

1004 1328 1119 1372 clytos
1145 1328 1233 1362 facit
1257 1327 1313 1369 78,
1338 1327 1372 1362 6.
1398 1328 1499 1362 irrito
1527 1333 1660 1362 conatu

1005 1375 1182 1421 templum
1219 1375 1585 1419 Hierosolymitanum
1621 1376 1659 1409 in

1005 1424 1222 1458 ludaeorum
1249 1435 1352 1457 usum
1367 1424 1524 1458 restituit
1551 1423 1611 1465 80,
1625 1422 1660 1457 5.

1005 1471 1273 1516 evangeliorum
1290 1471 1401 1505 libros
1416 1472 1548 1517 scripto
1573 1482 1660 1505 eon—

1006 1497 1117 1554 futat²³
1126 1519 1174 1552 ib.
1206 1519 1260 1553 13.
1287 1515 1408 1552 fallaci
1436 1520 1582 1553 oraculo
1610 1518 1655 1552 ad

1006 1567 1186 1602 Persicum
1224 1567 1362 1601 bellum
1395 1568 1571 1601 animatur
1601 1565 1661 1608 81,

1009 1615 1065 1649 10.
1123 1615 1220 1662 apud
1267 1616 1389 1650 Persas
1440 1615 1662 1660 extinguitur

1006 1663 1065 1705 82,
1095 1663 1127 1697 5.
1237 1691 1239 1693 ,

959 1712 1123 1746 Iulianus
1159 1712 1293 1745 Iuliani
1330 1722 1448 1745 comes
1485 1710 1661 1757 blasphe—

1006 1771 1085 1793 mus
1113 1761 1206 1793 male
1233 1759 1327 1805 perit
1352 1759 1490 1801 77,17.

960 1807 1122 1842 Iulianus
1158 1819 1177 1840 a
1216 1806 1359 1840 Iudaeis
1401 1812 1438 1840 et
1477 1806 1663 1840 Samaritis

1008 1855 1202 1901 imperator
1219 1860 1424 1898 coronatus,
1454 1865 1473 1887 a
1491 1855 1662 1888 Iustinia-

1008 1914 1057 1936 no
1083 1904 1222 1936 occisus
1253 1900 1335 1943 274,
1361 1903 1394 1940 7.

961 1951 1042 1985 Iuh
1036 1963 1125 1984 mus
1151 1951 1289 1991 Carne
1317 1957 1394 1984 tum
1419 1949 1662 1984 Halicarnassi

1010 1999 1201 2044 episcopus
1238 1998 1441 2032 Macedonii
1475 1998 1663 2044 impugna-

1009 2052 1066 2080 tor
1090 2047 1172 2087 237,
1205 2046 1257 2080 13.
1312 2058 1391 2080 cum
1417 2047 1548 2079 Severo
1576 2046 1664 2079 Ale-

1009 2095 1180 2128 xandriae
1220 2094 1342 2128 turbas
1376 2095 1460 2128 facit
1493 2091 1576 2134 254,
1606 2093 1663 2127 15.

1009 2142 1046 2175 in
1073 2143 1227 2176 concilio
1266 2142 1332 2175 sub
1360 2143 1467 2176 Mena
1502 2142 1567 2176 (ΣΡ.
1593 2141 1661 2174 da-

1009 2197 1152 2224 mnatus
1180 2191 1260 2230 337.
1289 2192 1342 2223 12.

961 2239 1124 2272 Iulianus
1168 2238 1418 2282 magistrianus
1458 2237 1590 2270 Instini
1618 2236 1664 2270 ad

1008 2287 1178 2320 Aretham
1219 2286 1435 2331 Aethiopum
1466 2297 1581 2329 regern
1609 2285 1667 2317 le-

1010 2341 1111 2379 gatus
1135 2334 1216 2375 377,
1247 2332 1279 2367 4.
1335 2334 1412 2367 eius
1438 2339 1580 2366 narrata
1608 2343 1667 2366 re-

1010 2384 1129 2428 ceptio
1156 2383 1204 2415 ib.
1232 2382 1266 2416 8.

961 2431 1124 2465 Iubmus
1148 2429 1392 2475 Mopsuestiae
1441 2428 1667 2464 orthodoxus

1011 2479 1200 2524 episcopus
1228 2478 1310 2517 207,
1338 2477 1370 2511 5.

965 2528 1046 2560 Iuli
1040 2539 1127 2559 mus
1155 2526 1264 2559 Sabas
1286 2528 1412 2559 Asceta
1437 2522 1661 2558 orthodoxus

1013 2573 1225 2608 Antiochiw
1255 2572 1399 2612 98,14.

963 2623 1078 2658 Iulius
1105 2622 1270 2668 pontifex
1307 2624 1486 2655 Romanus
1521 2618 1664 2659 42,13.

1025 2670 1279 2710 Athanasium,
1317 2670 1475 2709 Paulum,
1503 2667 1669 2723 aliosque

1012 2717 1234 2752 orthodoxos
1254 2717 1400 2750 sedibus
1434 2716 1591 2749 restituit
1606 2714 1667 2755 57,

1015 2766 1068 2800 18.
1095 2766 1151 2800 20.
1204 2765 1350 2799 eosdem
1378 2765 1576 2798 Constante
1600 2761 1666 2794 ad-

1011 2814 1152 2849 nitente
1194 2825 1236 2848 ex
1273 2812 1493 2848 sardicensis
1519 2809 1669 2846 concilii
