1728 3184
205 165 302 215 554
712 180 767 219 IN
807 177 1180 221 Τι-ΙΕΟΡΗΑΝΕΜ

313 294 644 346 728,17.εῖς
670 295 895 349 μανὸύλιν]
943 299 1032 339 vice
1059 293 1318 348 μανδύλιον·
1378 305 1425 339 ut
1450 295 1670 366 mundym,

203 350 361 405 παιδιί,
393 351 692 407 θυσιαστῆριν,
724 352 822 394 ἀντι
847 355 924 395 τοῦ
953 352 1194 407 τροπάριον,
1223 352 1406 405 παιὸιᾝον
1434 351 1676 409 θυσιαστή-

201 421 294 458 ριον
322 409 565 461 protei-,unt
630 408 866 461 μανὸιῖλιον
913 419 1053 451 autem
1082 411 1168 450 aliis
1199 411 1439 466 con-uptius
1471 412 1673 452 scribitur

197 465 443 517 μαντίλιον,
475 466 662 516 mantile,
692 482 867 523 mappa,
898 468 1107 508 sadarzum
1129 474 1212 508 cst.
1244 483 1329 508 uno
1359 468 1490 508 verho
1524 465 1670 523 ὀθόνη.

196 520 424 570 μαντείλαν
453 521 607 576 legitur
639 524 752 578 apud
785 524 931 564 lulium
969 524 1183 564 Pollucem
1213 522 1526 589 χειρόμακτρον
1559 525 1627 565 lib.
1645 525 1670 566 7

198 591 288 630 cap.
321 575 371 618 16
391 578 768 632 interpretantem
803 587 863 622 est
879 594 1049 637 quoque
1070 576 1343 633 μαντιλάκιον
1359 580 1669 631 diminutivum,

198 632 251 674 de
281 647 364 689 quo
395 635 610 676 Meursius.

307 712 360 754 72
363 712 401 765 9,
416 713 454 755 7.
518 711 765 769 ὖπέτρεψαν
794 714 1109 768 αἰχμαλωσίαν]
1143 715 1219 755 ista
1249 715 1486 781 parenthesi
1515 716 1670 757 inclusa

195 767 235 808 in
260 770 390 826 Regio
420 785 503 812 non
534 772 715 813 extantia
745 786 792 812 ex
822 773 1056 814 Barherino
1088 772 1272 813 codice
1263 788 1304 812 m
1335 773 1536 814 lacunam
1556 774 1668 815 refe-

195 834 361 867 runtur.

565 902 580 918 t

303 905 412 948 llud.
446 904 486 947 9.
558 921 580 946 ο
624 902 811 947 Πλάτων
854 906 931 947 τοῦ
972 907 1348 956 σακκουδίνωνος
1324 905 1579 963 ἡγούμενος]
1630 908 1668 949 ei

191 963 447 1003 monasterio
478 962 519 1001 in
550 970 695 1003 monte
718 963 903 1019 Olympo
936 964 1169 1004 constituto
1198 964 1374 1019 symboli
1405 979 1556 1004 nomen
1587 965 1667 1004 im-

190 1019 369 1072 ponitur
409 1035 429 1058 a
460 1018 691 1059 Theodoro
735 1020 890 1061 studita
920 1020 1109 1061 Platonis
1146 1021 1256 1062 vitae
1300 1021 1526 1076 scriptore,
1556 1021 1667 1077 apud

188 1076 357 1116 Sunium
391 1075 442 1115 16
463 1076 726 1156 Detaembris.

299 1143 412 1186 Ibzssd
447 1141 510 1184 10.
570 1157 628 1191 ως
660 1142 888 1194 δεξαμένου
917 1139 992 1182 τὸν
1028 1143 1211 1195 βασιλέα
1233 1143 1295 1193 εἷς
1323 1145 1559 1198 κοινωνίαν]
1601 1160 1668 1186 se.-

186 1214 329 1239 veram
359 1200 544 1241 Platonis
587 1201 628 1239 in
660 1201 756 1239 Tem
749 1200 878 1240 nium
912 1200 1162 1240 sententiam
1195 1202 1374 1255 Ignatius
1404 1202 1526 1242 huius
1558 1202 1668 1243 vitae

185 1256 370 1322 scriptor
402 1256 463 1297 his
486 1257 623 1298 verbis
645 1264 808 1311 tempe-1
813 1263 868 1299 at
925 1272 1005 1297 non
1026 1259 1082 1296 sic
1098 1272 1189 1297 eum
1205 1268 1425 1298 aversatus
1453 1268 1509 1298 est
1526 1259 1664 1311 Plato,

183 1313 298 1368 quod
324 1314 412 1369 ipse
436 1315 675 1369 probavertt
698 1314 823 1354 scelus
841 1314 1123 1369 imperatoris.-
1145 1314 1194 1353 id
1221 1315 1381 1370 qmdem
1411 1329 1666 1371 nequaquam

183 1370 333 1409 accidit
362 1385 558 1424 unquam,
591 1386 718 1427 neque
746 1370 861 1426 quod
885 1371 1143 1411 coronaverit
1176 1370 1419 1411 Theodotem
1445 1373 1665 1428 pellicem.-

183 1441 285 1466 nam
316 1435 354 1466 et
386 1428 438 1466 ab
467 1429 539 1468 hoc
562 1428 678 1482 longe
695 1429 852 1481 longius
872 1437 1045 1468 remotas
1059 1428 1169 1478 ficit
1224 1429 1423 1494 probatur
1451 1430 1536 1483 ipse
1565 1430 1662 1485 qai..

185 1483 277 1522 dem
309 1482 362 1522 de
389 1484 546 1524 abnecta
574 1485 739 1538 coniage
771 1499 971 1524 acerrzme
1011 1483 1262 1550 redarguisse
1290 1486 1596 1539 imperatorem,
1627 1495 1666 1526 et

181 1539 419 1580 detestatam
445 1555 527 1581 esse
573 1556 726 1581 novum
751 1550 898 1581 contra
939 1541 1044 1593 leges
1072 1554 1216 1581 sacras
1242 1542 1386 1582 i‘nltum
1415 1543 1658 1595 contagium,

182 1610 308 1661 neque
348 1612 543 1637 coronare
583 1598 665 1638 ullo
711 1599 831 1638 modo
874 1598 1049 1637 voluisse
1096 1611 1246 1637 novam
1272 1598 1462 1654 pellicem
1493 1599 1544 1638 ab
1574 1600 1661 1653 ipso

183 1652 424 1708 imperatore
465 1654 720 1695 nominatam
764 1655 1005 1707 Augustam.
1077 1668 1217 1693 verum
1247 1669 1294 1694 eo
1323 1655 1434 1708 qnod
1458 1654 1660 1709 redargu..

183 1717 266 1747 tum
295 1711 573 1765 imperatorem
618 1724 883 1767 nequaquam
909 1710 963 1750 ab
1006 1710 1171 1749 ecclesia
1201 1720 1442 1765 separasset,
1470 1711 1544 1750 sed
1566 1726 1661 1751 cam

182 1765 256 1805 allo
283 1768 617 1807 communicaret:
652 1782 780 1821 neque
815 1781 906 1806 eam
953 1768 1025 1822 qai
1071 1766 1303 1807 adulteram
1333 1776 1574 1817 coronasset,
1606 1769 1662 1808 ab

183 1823 346 1862 ecclesia
373 1823 609 1874 abiecisset,·
658 1824 810 1863 idczrco
840 1825 924 1878 ipse
962 1822 1084 1862 Plato
1114 1822 1166 1862 ab
1191 1825 1274 1863 eius
1310 1838 1351 1862 se
1379 1824 1662 1864 communione

183 1878 387 1930 abstinuit,
418 1885 496 1920 etc.
554 1879 658 1921 haec
696 1880 828 1919 dictus
847 1878 1026 1932 lgnatius
1055 1878 1167 1932 apud
1189 1879 1420 1920 Baronium
1449 1894 1558 1919 anno
1578 1880 1660 1921 795

183 1949 298 1975 num.
331 1933 400 1975 46.
460 1936 572 1977 idem
614 1936 727 1991 apud
756 1936 928 1976 Surium
965 1933 1018 1976 26
1059 1936 1186 1976 Febr.
1226 1942 1317 1976 tota
1358 1935 1437 1976 hac
1471 1937 1659 1985 historia,

125 2038 131 2043 ·
183 1998 226 2032 et
255 1992 443 2046 pluribus
486 1993 573 2033 aliis
604 1993 760 2047 legitur
791 1992 1004 2032 mutilatus
1049 1998 1090 2032 et
1132 1993 1305 2033 omnino
1337 1992 1549 2033 deformis.
1611 1990 1657 2034 τό

182 2043 490 2100 ἐπιτρέψαντος
516 2049 657 2104 itaque
675 2050 910 2113 permittere
935 2063 982 2088 ac
1012 2049 1196 2099 tolerare,
1227 2064 1309 2088 non
1341 2050 1472 2089 tubere
1490 2051 1551 2091 vel
1580 2066 1660 2091 ex..

180 2105 366 2154 hortari,
411 2121 497 2163 quo
540 2120 660 2147 sensu
699 2105 960 2161 frequentius
1003 2105 1139 2146 utitur
1179 2106 1482 2161 Theophanes,
1527 2120 1661 2162 expo-

185 2162 381 2202 nendum.

295 2246 402 2286 Ihid.
439 2243 501 2286 11.
532 2243 591 2301 τῷ
616 2245 855 2300 κατηχητῇ]
884 2245 1075 2287 sacerdos
1105 2246 1502 2287 catechumenorum
1536 2261 1660 2287 cura-

185 2309 269 2352 tor,
300 2311 339 2341 ‹.t
371 2302 618 2342 exorcismos
646 2303 688 2342 in
719 2301 959 2343 adultorum
987 2303 1195 2357 baptismo
1227 2303 1366 2358 legere
1396 2303 1553 2357 solitus,
1581 2318 1657 2342 κα-

183 2356 363 2413 τηχητὴς
395 2365 465 2399 est.
497 2359 606 2400 inter
635 2358 827 2399 officiales
849 2359 1041 2400 ecclesiae
1064 2360 1142 2400 CP.
1174 2366 1416 2400 recensetur
1443 2376 1466 2400 a
1495 2360 1658 2401 Codino

185 2430 278 2470 cap.
317 2418 350 2455 1.
411 2430 484 2455 nos
516 2415 566 2456 de
597 2416 745 2457 eodem
776 2415 816 2455 in
852 2416 1072 2457 notis·1lia
1105 2416 1339 2457 adiecimus.

294 2501 402 2541 Jhid.
437 2500 500 2540 17.
569 2499 631 2549 εἰς
675 2499 941 2552 ἔγκλεῖστραν
982 2501 1028 2542 ἕν
1065 2501 1124 2557 τιὸ
1158 2502 1275 2556 ναῶ]
1321 2502 1522 2555 templum
1551 2500 1656 2539 istud

185 2556 393 2598 Micliae'lis
433 2557 617 2598 caelestis
651 2557 822 2597 militiae
862 2558 1417 2611 piincipis.Cathiroru1n
1445 2564 1659 2597 monaste-

185 2613 313 2653 rium
324 2613 432 2654 idem
472 2615 574 2662 luit,
620 2614 849 2654 Theodoro
878 2615 1032 2654 studita
1074 2615 1114 2653 in
1147 2616 1228 2654 vita
1266 2614 1449 2654 Platonis
1478 2613 1518 2653 id
1551 2628 1658 2653 asse-

186 2676 303 2710 rente
329 2671 442 2725 apud
474 2671 645 2711 Surium
674 2671 916 2710 Decembris
935 2671 1001 2711 die
1031 2669 1095 2713 16.
1163 2685 1308 2711 carcer
1332 2680 1420 2711 erat
1451 2679 1658 2710 monaste-

184 2727 288 2766 rium
320 2729 574 2782 imperatoris
597 2728 759 2782 palatio
774 2726 1014 2777 adlinet-ens,
1036 2737 1075 2767 et
1087 2728 1285 2768 eiusmodi
1302 2727 1508 2767 castodzae
1532 2741 1658 2779 prae-

182 2783 332 2836 positas
363 2794 452 2825 erat
478 2786 525 2835 is,
568 2786 638 2840 qai
665 2784 867 2824 adulteros
906 2794 1197 2825 coronaverat.
1272 2792 1342 2824 ‹.:t
1390 2786 1657 2832 confessorem
