1728 3184
615 167 952 213 nlsTomcns.
1415 168 1470 215 71
1482 171 1507 216 7

113 266 259 348 elacrem
293 268 411 314 reclpix
436 268 532 314 cogit
557 267 616 311 64,
634 269 672 304 4.
693 270 759 313 -65,

65 362 178 397 lulius
203 361 430 396 et'ratianus
455 362 581 397 fratres
605 357 755 397 ln-'Mar-

110 410 251 445 cianum
277 408 422 444 officiosi
448 409 527 451 160,
555 411 610 444 15.
678 410 756 444 fore

109 458 362 502 imperatorem
385 458 529 504 aquilae
551 458 616 491 alis
634 465 756 503 prote-

109 505 226 549 gentis
253 506 438 549 praesagio
460 504 657 541 admonent
677 506 755 547 161,

111 552 143 585 1».
168 552 310 597 patricii
326 552 372 585 ab
389 563 433 586 eo
445 553 547 594 facti,
570 553 754 598 Iuliusque

106 598 239 681 liigbyea
266 606 390 638 auctus
422 600 650 646 praefectura
675 600 754 643 162,

58 694 158 731 Iusta
181 692 427 729 Valentiniani
454 693 597 728 filisa
616 694 754 730 Iustina

106 741 167 783 88,
195 741 250 776 10.

58 789 200 824 Iustina
221 788 479 824 Valentiniano
511 787 644 822 nefarie.
671 789 753 822 iun..

80 841 175 877 „otiu
201 841 316 872 muter
339 834 587 869 Valentiniani
611 834 669 876 88,
694 836 728 872 7.

57 884 279 920 lastinianus
299 894 321 925 a
332 883 467 916 lustino
487 884 680 928 imperator
693 895 751 917 re-

103 933 296 966 nunciatus
319 929 401 973 266,
426 930 480 966 17.
507 931 605 964 solus
632 931 751 977 impe-

104 990 186 1014 rans
222 979 364 1013 Orienti
398 977 565 1024 providet
599 978 679 1020 267,
714 977 750 1012 8.

103 1026 162 1063 18·
197 1025 461 1073 profusissimus
495 1025 685 1070 largitione
711 1026 749 1059 in

102 1075 278 1121 populum
302 1073 352 1107 ib.
380 1072 414 1106 9.
470 1073 607 1107 Tzatho
635 1075 749 1108 Lazo-

103 1133 181 1157 rum
210 1122 281 1166 regi
306 1121 500 1154 auxiliatur
522 1120 571 1154 ib.
597 1120 650 1155 16.
679 1121 748 1155 du-

102 1180 182 1204 cum
217 1168 351 1204 invidia
391 1167 496 1202 rebus
522 1169 615 1201 male
642 1169 748 1212 gestis

102 1228 237 1252 novum
278 1216 404 1251 ducem
444 1216 556 1250 mittit
591 1215 680 1258 268,
714 1215 747 1249 3.

105 1266 263 1300 Graeten
277 1265 485 1298 Aelurorum
514 1275 631 1308 regem
651 1275 670 1297 e
682 1263 749 1296 ba-

100 1314 234 1359 ptismo
251 1312 414 1357 suscipit,
440 1322 481 1344 ac
495 1323 572 1344 cum
599 1323 641 1344 eo
667 1311 746 1345 foe-

101 1360 169 1395 dus
207 1360 392 1406 componit
431 1359 479 1392 ib.
517 1359 548 1393 7.
597 1359 747 1392 militiae

100 1409 307 1453 magistrum
341 1408 380 1441 in
402 1407 567 1440 Armenia
592 1407 748 1440 instituit

99 1456 140 1490 ib
169 1455 225 1491 14.
275 1466 356 1489 cum
386 1455 520 1488 Boarex
562 1455 747 1488 Unnorum

99 1503 214 1538 Saber
249 1503 371 1548 regina
408 1501 534 1535 foedus
571 1502 642 1535 init
663 1500 744 1542 269,

102 1550 138 1586 3.
193 1563 272 1585 cum
305 1549 425 1584 Gorda
447 1550 533 1583 item
558 1551 745 1583 Unnorum

103 1610 198 1645 rege,
225 1609 332 1646 quem
365 1609 409 1632 ex
434 1609 532 1630 sacro
560 1597 660 1631 fonte
684 1609 744 1630 su-

101 1648 210 1692 scipit
245 1647 295 1681 ib.
325 1645 379 1680 17.
410 1647 534 1679 Unnos
561 1644 745 1689 Bosphoro

99 1696 237 1729 vicinos
261 1694 407 1728 omnino
433 1693 569 1738 subigit
600 1693 681 1732 271,
710 1694 743 1726 2.

99 1743 198 1787 leges
223 1742 376 1787 optimas
400 1742 517 1775 sancit
533 1740 583 1773 ib.
611 1740 643 1774 6.
670 1741 747 1773 Da·-

99 1790 229 1835 gisthei
247 1790 416 1823 balneum
446 1788 601 1822 absolvit
624 1787 672 1821 ib.
692 1788 745 1822 13.

99 1839 288 1884 episcopos
322 1836 559 1870 masculorum
592 1835 746 1870 libidine

98 1891 242 1920 notatos
257 1885 479 1918 severissime
505 1884 611 1929 punit
626 1884 672 1916 ib.
691 1884 744 1918 15.

97 1933 326 1967 Antiochiam
367 1943 411 1965 ex
445 1937 664 1965 terraemotu
691 1943 747 1965 re-

99 1987 272 2028 paratam,
295 1979 515 2025 Theopolim
543 1979 659 2012 sancit
682 1990 748 2024 ap-

98 2028 306 2075 pellandum
326 2027 409 2068 273,
429 2026 465 2062 8.
493 2027 669 2060 lulianum
685 2028 746 2060 Iu-

97 2077 224 2111 daeum
262 2082 454 2119 tyranuum
491 2074 625 2108 occidit
665 2072 747 2115 274,

100 2125 155 2157 11.
182 2124 338 2168 legatum
351 2122 396 2155 ad
421 2123 602 2160 Persarum
629 2133 746 2163 regem

97 2172 143 2206 de
167 2183 255 2217 pace
282 2171 396 2204 mittit
419 2170 470 2202 ib.
501 2170 554 2203 13.
581 2169 747 2203 subditos

96 2221 251 2265 gentiles
271 2224 309 2252 et
331 2218 531 2251 haereticos
556 2218 747 2262 persequi-

96 2274 157 2302 tur
179 2267 263 2308 276,
286 2266 320 2300 6.
352 2267 472 2300 Persas
496 2270 642 2311 superat
664 2265 746 2305 277,

100 2315 156 2349 13.
205 2326 330 2359 pacem
365 2325 445 2346 cum
473 2314 524 2345 eis
563 2313 747 2357 componit

95 2363 179 2404 278,
205 2362 260 2397 10.
309 2361 523 2396 seditionem
557 2363 656 2394 Νίκα
687 2359 746 2393 di-

95 2417 191 2446 ctam
224 2412 444 2456 compescit,
478 2408 746 2453 Hypatinmque

96 2459 135 2492 in
163 2470 205 2492 ea
230 2459 462 2491 acclamatum
496 2457 746 2501 imperatorem

95 2507 231 2540 occidit
254 2506 306 2539 ih.
336 2506 380 2538 14
394 2510 431 2539 et
442 2515 542 2549 seqq.
568 2502 614 2536 de
640 2501 743 2536 bello

94 2554 293 2588 Vandalico
338 2552 385 2586 ad
429 2557 590 2585 senatum
635 2549 747 2584 refert

99 2601 183 2643 290,
209 2602 241 2635 7.
269 2602 308 2635 ἰιι
343 2600 498 2634 Africam
530 2597 745 2632 movendum

96 2649 262 2684 decernit
274 2647 356 2689 291,
369 2647 405 2682 8.
432 2646 478 2680 de
505 2647 683 2681 Gelimere
707 2650 746 2680 et

94 2697 270 2731 Vandalis
300 2694 521 2741 triumphurn
562 2694 636 2738 agit
660 2692 743 2734 309,

100 2744 157 2779 15.
207 2744 436 2778 Belissarium
469 2742 654 2776 consulem
678 2740 743 2774 de-

95 2793 211 2828 cernit
236 2792 318 2835 310,
346 2792 400 2825 11.
424 2791 463 2826 in
480 2790 637 2824 Siciliam
660 2788 744 2822 mit·

868 272 917 306 tit
937 271 1018 314 313,
1044 272 1098 307 15.
1143 271 1242 310 haud
1265 273 1351 307 satis
1374 273 1510 318 Libyae

870 319 1038 364 providet
1059 319 1140 360 315,
1168 321 1208 354 17
1234 325 1270 354 et
1292 332 1334 366 sq
1364 346 1371 354 .
1422 321 1510 354 Nar-

852 377 934 408 ‚sen
954 367 994 401 in
1018 367 1155 402 ltaliam
1175 367 1333 401 mittital
1361 393 1372 409 ,
1387 370 1421 404 7.
1447 379 1508 401 ex-

871 413 984 447 tincto
1005 415 1168 448 Gotthari
1197 416 1294 449 solus
1318 415 1511 461 imperator

873 472 893 494 a
942 460 1082 504 Libycis
1119 462 1231 506 copiis
1278 462 1511 496 accclamatur

869 505 951 550 334,
980 508 1034 542 16.
1061 521 1136 541 cum
1154 509 1358 543 Zamanarso
1384 510 1510 543 Ibero·
1562 527 1566 530 -

870 567 945 602 rum
983 566 1065 600 rege
1102 556 1224 590 foedus
1258 557 1328 590 init
1363 556 1450 598 336,
1474 556 1510 592 6.

871 603 1149 648 Pompeiopolim
1166 608 1278 637 terrae
1303 609 1402 638 motu
1433 605 1510 637 col-

868 648 1004 696 lapsam
1037 651 1208 684 instaurat
1238 650 1510 685 ih.16.‘modu-

869 696 944 730 lum
986 692 1213 744 ὅμονογενῆς
1248 692 1328 737 υἱὸς
1364 701 1428 733 καὶ
1443 694 1510 733 16-

867 756 936 791 γος
969 746 1061 780 θεοῦ
1096 745 1309 779 cantandum
1339 746 1509 780 ecclesiae

869 791 978 827 tradit
1000 791 1080 834 337,
1105 792 1139 826 3.
1192 792 1364 826 Mundum
1391 804 1411 826 e
1437 793 1509 827 Ge—

865 839 1019 885 pedibns
1065 846 1181 874 ortum
1218 839 1415 873 honoribus
1445 851 1510 873 au-

810 884 812 886 ’
864 892 925 932 get
950 886 1032 927 339,
1049 886 1104 920 14.
1134 887 1358 920 Belissarium
1377 887 1415 921 iu
1443 888 1509 920 Pa-

863 934 1050 968 laestinam
1067 934 1214 980 expedit
1237 931 1319 976 341,
1346 935 1379 968 2.
1422 934 1509 967 Gai-

864 993 947 1015 nam
962 1006 973 1023 ,
1002 986 1040 1015 et
1064 981 1310 1026 Theodosium
1333 979 1510 1016 dissiden-

866 1034 920 1063 tes
962 1028 1195 1063 Alexandriae
1227 1029 1414 1075 episcopos
1451 1040 1511 1062 ac-

865 1076 971 1110 cersit
995 1076 1060 1110 (ΣΡ.
1084 1073 1167 1117 345,
1189 1076 1222 1110 5.
1259 1077 1406 1110 Paulum
1431 1077 1509 1110 exi·

865 1125 1047 1157 stimatum
1094 1123 1308 1157 catholicum
1352 1124 1510 1157 Alexan-

864 1171 962 1204 driae
991 1171 1168 1216 praeficit;
1198 1171 1390 1217 probatum
1418 1171 1508 1204 hae-

865 1219 1012 1252 reticum
1053 1220 1152 1252 eiicit
1176 1218 1224 1252 ib.
1252 1217 1287 1252 9.
1334 1219 1509 1252 Exumitis

865 1267 1081 1312 episcopum,
1096 1272 1133 1300 et
1147 1265 1294 1300 clericos
1305 1266 1414 1300 mittit
1425 1264 1507 1306 347,

863 1313 894 1347 5.
922 1315 996 1348 eius
1022 1318 1138 1347 statua
1173 1314 1210 1346 in
1237 1314 1418 1358 Augusteo
1441 1325 1507 1357 po-

863 1361 931 1394 sita
956 1361 1006 1394 ib.
1034 1361 1089 1396 17.
1115 1361 1286 1406 vigilium
1311 1360 1508 1394 honorifice

863 1409 1014 1454 suscipit
1038 1406 1122 1449 349,
1151 1407 1185 1441 9.
1228 1408 1274 1442 ob
1299 1406 1507 1453 suspensum

866 1456 1021 1496 Menam,
1048 1467 1115 1489 nec
1131 1454 1297 1489 damnata
1315 1456 1382 1489 tria
1409 1455 1508 1500 capi-

862 1504 938 1537 tula
980 1503 1153 1536 infensior
1194 1503 1249 1536 illi
1286 1504 1327 1537 fit
1359 1501 1407 1536 ib.
1448 1502 1503 1536 14.

859 1551 982 1584 multis
994 1550 1267 1596 quaestionibus
1292 1550 1423 1584 habitis
1433 1551 1504 1583 Ro-

859 1609 951 1631 mam
991 1598 1088 1631 abire
1123 1599 1300 1643 permittit
1329 1595 1410 1638 354,
1448 1597 1503 1631 16.

861 1645 1049 1679 seditiosos
1072 1647 1109 1678 in
1134 1646 1344 1686 Palaestina,
1378 1651 1415 1679 et
1438 1646 1502 1679 CP.

859 1694 964 1739 punit
988 1692 1069 1733 356,
1093 1692 1128 1726 9.
1195 1704 1238 1726 ex
1271 1698 1504 1726 terraemotus

861 1741 973 1774 ruinis
998 1741 1134 1774 luctum
1169 1742 1316 1774 assumit
1340 1739 1420 1780 358,
1447 1740 1503 1773 15.

859 1789 1008 1822 trullum
1044 1788 1079 1822 S.
1117 1787 1271 1833 Sophiae
1306 1787 1503 1833 collapsum

860 1836 1106 1869 sublimiorem
1120 1834 1336 1876 excitat360,
1346 1835 1378 1869 7.
1403 1835 1503 1868 Scla-

859 1885 1144 1928 vos,Unnosqne
1173 1882 1320 1916 solertia
1344 1881 1390 1914 ab
1418 1882 1503 1915 urbe

860 1931 1012 1976 depellit
1044 1930 1125 1970 361,
1158 1930 1213 1964 16.
1263 1930 1437 1968 Prasinos,
1464 1942 1503 1962 ac

858 1979 1017 2012 Venetos
1031 1978 1290 2011 tumultuantes
1310 1978 1415 2023 punit
1424 1976 1502 2014 364.

862 2026 916 2060 15.
942 2026 1188 2059 coniuratione
1205 2025 1344 2059 detecta
1370 2026 1405 2057 in
1426 2035 1502 2056 reos

860 2073 1111 2107 animadvertit
1121 2072 1201 2114 367,
1217 2071 1250 2106 9.
1277 2072 1499 2105 Belissarium

861 2122 938 2154 eius
965 2126 1191 2159 accusatum,
1224 2119 1316 2154 domi
1346 2119 1502 2152 includit

860 2168 940 2209 368,
969 2168 1025 2202 18.
1074 2167 1245 2211 Eutychio
1281 2166 1366 2199 sede
1397 2167 1500 2211 pulso

860 2218 1032 2250 loannem
1054 2214 1345 2249 exscholasticum
1369 2213 1502 2247 substi-

861 2264 1070 2305 tuit372,2.
1098 2263 1203 2308 impia
1229 2263 1400 2306 opinione
1415 2273 1501 2307 pro·

860 2313 1015 2356 mulgata
1052 2309 1096 2343 de
1133 2309 1357 2355 corruptibili
1386 2314 1423 2342 et
1445 2308 1501 2342 in·

860 2358 1087 2403 corruptibili
1113 2357 1207 2389 diem
1231 2356 1310 2390 obit
1333 2355 1380 2388 ib.
1406 2354 1440 2390 6.

813 2407 1030 2442 Iustinianus
1054 2404 1195 2451 imperii
1226 2404 1363 2445 collega
1388 2414 1407 2435 a
1433 2413 1500 2448 pa-

861 2460 913 2487 tre
940 2454 1098 2486 adlectus
1127 2451 1209 2491 551,
1233 2450 1268 2484 8.
1306 2450 1499 2484 Mardaitas

859 2502 1005 2583 impegi—
1026 2510 1174 2580 nilibrums
1198 2509 1217 2531 e
1240 2498 1501 2580 zib-anquam?-

859 2555 975 2630 ἷιιῗιιίιι
988 2560 1147 2628 ι)’1)οΙΙ;ιῐῐι
1178 2557 1405 2630 ἑίιὲῗὲτΐιδὸὅὲ.
1444 2557 1499 2626 116.

858 2656 978 2690 pacem
1007 2654 1084 2675 cum
1113 2642 1271 2685 Bulgaris
1291 2640 1400 2674 solvit
1419 2639 1500 2680 557,

858 2693 892 2726 5.
927 2703 946 2724 a
969 2690 1126 2734 Bulgaris
1150 2689 1187 2721 in
1210 2688 1407 2733 periculum
1435 2686 1499 2720 ad-

858 2739 986 2772 ductus
1012 2737 1062 2770 ib.
1083 2736 1136 2770 16.
1162 2745 1284 2781 pacem
1310 2746 1389 2776 cum
1413 2734 1500 2768 Abi-

856 2786 993 2821 melech
1042 2783 1290 2830 imprudenter
1338 2781 1501 2816 dissolvit
