1728 3184
632 189 832 232 NOTAE.
1370 188 1460 234 531

1 323 138 351 sacras
168 308 364 365 imagines
400 307 515 350 odio.
586 309 842 351 Christianos
885 310 995 351 enim
1022 323 1069 351 ex
1098 311 1322 367 imaginum
1352 311 1469 352 cultu

6 367 215 408 Giauriar.
254 369 292 410 1.
368 367 571 408 idolorum
610 368 805 417 adtorcs,
844 367 1057 421 probroso
1092 372 1260 410 nomine
1303 370 1472 411 Tui-cae

3 429 260 478 nuncupant.

112 493 210 546 638,
242 493 307 536 14.
379 495 615 548 παρίππιν]
661 494 895 548 παρύιπιον
941 496 1058 545 vice,
1095 512 1237 552 eqzmm
1281 499 1468 537 miserum

4 552 135 592 vertit
166 551 420 592 Anastasius:
449 551 724 591 mutatorium
741 552 933 605 suspicor
962 568 1008 592 ex
1043 554 1277 592 Pancirolio
1307 554 1346 591 in
1371 555 1469 594 Not.

0 609 99 662 imp.
128 622 310 649 concessa
338 610 543 648 evectione
569 623 670 648 unus
695 618 765 648 auc
788 609 895 657 aller
922 624 1040 665 equus
1066 612 1246 665 per-mitti
1273 610 1470 650 censeba-

0 674 73 704 tur.
127 679 218 704 cum
261 678 364 705 vero
400 666 544 703 tertius
587 665 757 705 veredus
790 665 1089 719 indulgebatur,
1113 667 1343 721 ραι-Ιιίρριιε
1356 695 1367 713 ,
1399 674 1470 705 aut

0 721 283 777 paravereda-s
312 719 545 765 dicebatur.

109 790 206 844 639,
221 792 261 834 5.
290 792 337 833 ἐν
352 795 439 839 τοῖς
451 790 798 846 κατηχουμένοις]
813 794 1002 847 porticus
1018 793 1252 849 superiores
1269 791 1321 832 ad
1338 795 1472 833 eccle-

0 849 83 890 siae
97 864 244 892 muros
264 849 595 904 circumquaque
617 855 844 898 extructae,
862 865 909 890 ex
931 852 1078 905 quibus
1096 866 1184 891 rem
1204 865 1362 890 sacram
1382 850 1472 890 fieri

0 920 182 959 superne
208 911 465 960 prospectat,
494 913 537 945 et
565 906 752 945 divinum
778 906 959 946 officium
982 907 1162 960 populus
1191 906 1320 955 audit,
1352 921 1477 959 κατη.

0 959 192 1014 χούμενιι
221 968 333 1009 sunt,
369 962 459 1011 loca
483 962 807 1016 poenitentibus,
833 963 898 1003 vel
925 963 1230 1003 catechumenis
1260 961 1312 1001 ad
1342 965 1478 1003 eccie-

0 1019 85 1059 siae
112 1018 237 1059 Umen
268 1019 435 1059 addicta
470 1019 638 1059 canonis
668 1019 857 1059 Truilani
887 1018 940 1059 93
976 1034 1117 1060 recens
1165 1020 1379 1073 expositor
1410 1021 1476 1058 in-

0 1074 177 1122 dicavit:
209 1082 364 1115 auctor
393 1075 502 1116 vitae
531 1074 668 1114 Basilii
698 1089 794 1115 eum
822 1076 913 1116 vela
942 1075 988 1116 ἐν
1020 1079 1105 1122 τοῖς
1145 1074 1477 1129 κατηχουμένοις

0 1130 196 1185 suspendi
224 1130 381 1172 iussisse
412 1133 624 1182 referens,
668 1131 813 1172 eadem
842 1132 884 1171 in
914 1131 1071 1172 excelso
1104 1132 1204 1182 sita,
1246 1138 1288 1172 et
1333 1146 1380 1172 ex
1421 1131 1478 1172 eis

2 1188 196 1228 lascivam
229 1188 450 1228 mulierem
490 1189 532 1228 in
563 1188 786 1227 diaconum
816 1187 935 1227 altari
970 1189 1274 1228 ministrantem
1298 1203 1480 1242 prospe-

1 1252 120 1284 ctum
149 1244 353 1284 demisisse
383 1243 577 1285 declarat.
607 1244 728 1298 plura
756 1244 807 1284 de
835 1245 911 1284 iuis
929 1245 981 1284 ad
1001 1244 1153 1284 codini
1181 1243 1372 1284 editionis
1400 1245 1483 1285 Re-

1 1302 92 1356 giae
106 1315 197 1355 cap.
213 1296 265 1341 16
282 1307 381 1341 nota
396 1300 465 1353 50,
494 1308 536 1342 et
555 1299 607 1341 ad
626 1300 887 1341 Constantini
914 1306 956 1342 et
973 1303 1110 1342 Irenes
1142 1301 1285 1340 matris
1320 1313 1477 1340 annum

11 1363 185 1398 sextum.

121 1429 231 1472 Ibid.
266 1427 328 1470 13.
403 1426 663 1483 Μονούτης]
697 1429 906 1470 Anastasio
926 1459 938 1480 ,
975 1429 1185 1470 Monotes:
1224 1427 1483 1484 Nicephorus

16 1483 275 1533 Μονιότιος..

123 1555 220 1609 641,
248 1556 288 1599 3.
347 1556 531 1599 Ὀυάλίδ
567 1554 662 1605 υἱὸς
704 1556 851 1613 Ἰσαίι]
899 1559 1142 1607 Anastasius,
1186 1556 1486 1613 Hualidfilius

10 1613 161 1654 Hisan.
189 1615 359 1655 'auctor
396 1615 610 1656 miscellae.
650 1615 789 1654 eodem
833 1628 943 1655 anno
984 1616 1161 1655 obtinuit
1203 1615 1331 1654 Gizid
1360 1615 1485 1671 Ι[ἱίίιιε

10 1671 311 1712 Ηαὶιᾰίιηεὶεοή
350 1671 534 1711 Arabum
565 1672 858 1727 principatum.
929 1672 979 1711 ab
1025 1672 1085 1711 his
1118 1671 1302 1711 diversus
1333 1669 1488 1710 incedit

10 1726 221 1768 Abraham
267 1727 539 1768 Eccheliensis
591 1729 631 1767 in
682 1727 857 1767 historia
903 1728 1149 1767 Saraceniea
1197 1726 1248 1766 de
1302 1725 1485 1780 Catiphis

13 1782 218 1840 OmaytiS.
249 1785 491 1834 Alvulidus,
519 1785 658 1838 inquit
690 1783 741 1822 ad
772 1799 927 1823 annum
954 1782 1079 1833 6235,
1110 1784 1182 1838 qui
1213 1797 1387 1837 sequens
1413 1788 1486 1832 est,

12 1841 349 1881 Abul-laahbasus
371 1838 497 1897 filius
528 1841 676 1892 lazidi,
699 1840 788 1893 filii
817 1840 1284 1896 Abd-almaleclii,filii
1314 1840 1489 1889 Maro-u-

13 1898 115 1947 ani,
148 1895 252 1952 filii
278 1897 459 1948 Alocmi,
491 1897 670 1952 Caliplza
698 1899 963 1950 inauguratus
983 1906 1068 1947 esc,
1098 1910 1181 1951 qua
1199 1897 1267 1936 die
1296 1894 1397 1935 obiit
1415 1902 1487 1949 'pa-

12 1961 123 1992 truus
150 1953 236 1992 eius
264 1953 543 1993 Hasciamus:
575 1953 633 1992 sic
662 1952 729 1992 ille
759 1959 883 1992 vocat
905 1955 1095 2003 Isamum,
1124 1953 1239 1992 cuius
1271 1957 1486 2005 nepotem,

14 2023 100 2049 non
130 2008 259 2048 filium
288 2009 513 2050 Hualidum
542 2008 683 2049 docet.

126 2081 233 2122 Ibid.
265 2078 305 2122 6.
363 2079 571 2133 ἄβροχίας
598 2094 644 2121 τε
663 2080 818 2133 πολλῆς
847 2079 1087 2133 γενομένης]
1112 2077 1171 2127 ὥς
1198 2079 1271 2119 καί
1296 2072 1371 2132 τὴν
1399 2073 1485 2131 φύ-

12 2150 82 2176 σιν
108 2132 266 2190 ἑαυτὴν
286 2136 663 2189 ἐπιλανθάνεσθαι,
690 2137 765 2177 καί
791 2136 888 2176 καθ’
914 2132 1068 2187 ἑαυτῆς
1098 2134 1328 2176 ἵστασθαι·
1382 2134 1485 2174 adeo

17 2201 62 2233 ut
87 2195 153 2233 sui
177 2194 321 2245 oblita,
352 2194 497 2234 bellum
528 2194 690 2234 sibimet
717 2202 867 2233 natura
896 2193 1142 2233 conciliaret.

128 2256 239 2307 Ibid.
275 2266 338 2306 11.
398 2264 666 2319 κρατησάσης
710 2263 792 2305 α’πὸ
826 2262 996 2319 Κύρου]
1028 2280 1075 2305 ex
1104 2264 1218 2304 cuius
1249 2271 1290 2303 et
1319 2275 1479 2302 succes..

16 2321 122 2362 soris
153 2329 347 2377 tempore
376 2322 638 2377 patriarchas
677 2322 976 2363 Alexandrinos
1017 2335 1229 2362 recensere
1257 2319 1483 2373 Theopha-

17 2392 88 2419 nes
121 2381 295 2433 respuit.

129 2449 226 2502 642,
257 2452 296 2492 2.
355 2446 463 2491 κατὰ
500 2446 575 2492 τὸν
619 2449 890 2506 Μαΐουμιῖν]
934 2452 1190 2491 Gazaeorum
1221 2448 1387 2498 navale,
1416 2446 1484 2487 vi-

18 2507 122 2562 ginti
152 2507 293 2548 stadiis
324 2523 347 2547 a
377 2510 487 2547 Gaza
516 2509 679 2558 distans,
712 2508 766 2548 ad
795 2509 942 2548 urbem
974 2505 1237 2546 constantiae
1267 2504 1434 2544 nomine
1459 2518 1484 2543 a

17 2565 295 2605 Constantino
327 2570 578 2614 extructum,
610 2564 661 2605 de
689 2579 774 2618 quo
805 2564 1079 2604 consulendus
1109 2562 1242 2601 index.

131 2637 238 2677 Ibid.
250 2637 289 2677 5.
347 2632 655 2692 naptovlapc'tp]
681 2637 946 2678 scriniarium
976 2634 1126 2689 agenti.
1183 2638 1244 2672 est
1275 2631 1385 2672 enim
1417 2629 1483 2671 ine

19 2691 93 2747 qui
125 2692 167 2732 in
200 2692 376 2745 charum,
405 2700 446 2732 et
474 2692 636 2733 codices
669 2698 761 2733 acta
806 2693 870 2733 vel
903 2691 1085 2732 rationes
1114 2694 1315 2730 recenset.

130 2766 229 2822 643,
247 2771 287 2812 5.
323 2765 668 2827 toffmev'fflarog]
698 2770 801 2812 haec
822 2768 1059 2827 parenthesi
1085 2767 1252 2818 inctusa,
1280 2778 1326 2807 ex
1358 2763 1479 2807 codd.

19 2825 106 2867 aliis
135 2827 350 2882 desumpta
381 2827 529 2870 desunt
561 2827 602 2867 in
632 2828 780 2881 Regio.
