1728 3242
550 191 622 232 Ex
659 188 1008 233 THEOPRANE.
1407 185 1504 231 221

49 305 273 360 recipiatis,
304 304 401 345 licet
419 303 603 345 infideles
632 304 754 345 amici
777 304 886 346 sitisz
913 305 1147 345 testamenti
1169 319 1269 346 vero
1287 305 1368 347 mei
1388 310 1510 346 tata

47 378 119 403 vos
149 369 240 403 oese'
261 361 372 414 volo,
401 375 496 401 cum
511 360 566 400 sit
585 360 683 401 tale.
744 362 876 401 omnis
904 360 976 415 qui
1007 375 1091 400 non
1112 363 1249 402 credit
1274 362 1315 402 in
1344 367 1511 416 patrem

46 426 92 459 et
121 418 251 458 filium
273 423 318 458 et
343 417 538 471 spiritum
558 423 759 466 sanctum,
787 416 1178 457 consubstantialem
1196 424 1239 458 et
1255 417 1437 458 divinam
1468 417 1511 456 in

46 474 229 515 monade
257 473 512 524 trinitatem,
551 480 743 514 mortuus
783 480 844 514 est
874 474 1037 523 anima,
1078 479 1121 513 et
1148 481 1321 514 aeterno
1365 474 1512 528 dignus

46 537 111 572 est
137 536 369 570 tormento.
429 530 521 570 talis
552 536 614 570 est
640 535 682 569 et
698 528 889 570 Maumed
917 529 1288 583 pseudopropheta
1308 535 1444 570 vester
1467 534 1511 569 et

47 586 295 628 Antichristi
318 599 587 640 praecursor.
622 585 821 626 discedite
836 600 951 639 ergo,
980 585 1014 625 si
1034 585 1137 624 mihi
1158 585 1328 626 creditis
1346 585 1511 626 testanti

49 643 167 683 vobis
197 642 323 689 hodie
351 642 510 682 eaelum
540 647 583 682 et
608 647 781 693 terram,
810 642 861 681 ab
888 642 995 681 illius
1022 642 1307 682 fabulatione:
1339 642 1511 681 consulo

46 699 159 740 enim
187 699 319 749 vobis,
349 712 400 738 ne
428 698 672 738 cruciemini
700 698 822 738 simul
853 712 948 737 cum
977 697 1087 740 illo.''
1121 711 1217 738 cum
1245 703 1384 738 autem
1411 697 1514 737 haec

49 760 92 796 et
121 754 184 794 his
212 754 334 810 plura
362 768 458 794 cum
489 754 544 795 eis
575 753 627 794 de
654 753 733 795 deo
773 753 1044 794 ratiocinatus
1075 753 1308 804 dissereret,
1338 753 1515 793 audien·

48 817 109 852 tes
139 810 199 851 illi
240 815 415 864 stupore
453 824 527 851 seu
567 812 731 850 vesania
771 810 930 851 detenti
975 810 1270 865 longanimiter
1317 809 1516 850 visisunt

51 868 178 918 ferre,
206 881 253 907 ex
281 867 485 920 languore
509 866 621 906 hunc
649 871 821 920 praeter
852 880 1013 907 sensum
1045 880 1128 907 esse
1156 872 1362 920 putanteS.
1419 879 1515 906 eum

13 957 18 962 .
49 929 189 964 autem
215 936 263 963 ex
293 923 537 962 infirmitate
566 923 852 974 convaluisset,
875 923 1025 962 maiori
1046 924 1187 977 coepit
1205 937 1310 963 voce
1338 922 1562 975 clamarep.
1578 926 1650 962 643

50 979 299 1020 “anathema
324 978 518 1019 Maumed
562 984 605 1020 et
632 979 822 1019 fabuloso
852 979 1012 1032 scripto
1041 979 1154 1028 eius,
1186 984 1229 1019 et
1257 978 1415 1018 cunctis
1443 977 1516 1032 qni

49 1035 228 1076 credunt
256 1035 336 1076 ei.’'
401 1042 503 1076 tunc
541 1049 621 1090 per
657 1034 838 1090 gladium
877 1035 1277 1076 animadversionem
1301 1048 1517 1088 perpessus

50 1099 212 1148 martyr
243 1097 428 1132 ostensus
457 1098 529 1133 est.
562 1091 674 1131 hunc
709 1091 1077 1132 declamationibus
1104 1105 1345 1132 sermonum
1376 1091 1517 1131 hono-

50 1149 161 1191 ravit
186 1145 351 1188 sanctus
389 1154 512 1202 pater
551 1153 694 1188 noster
732 1148 926 1198 loannes,
966 1148 1040 1202 qui
1065 1147 1173 1188 bene
1200 1147 1517 1202 cognominatus

50 1210 111 1245 est
137 1203 424 1259 Chrysorroas
464 1210 645 1258 propter
682 1217 853 1244 auream
890 1210 934 1243 et
963 1203 1160 1257 fulgidam
1186 1204 1316 1243 sancti
1347 1203 1516 1257 spiritus

50 1261 244 1315 gratiam,
274 1274 382 1315 quae
408 1260 450 1300 in
482 1261 571 1314 ipso
602 1267 690 1300 tam
736 1260 775 1300 in
807 1260 938 1300 verbo
970 1274 1094 1314 quam
1119 1260 1166 1302 in,
1192 1260 1299 1299 vitae
1328 1266 1425 1299 actu
1454 1260 1517 1299 ef-

50 1318 210 1357 floruit.
269 1330 394 1371 quem
435 1315 629 1356 videlicet
660 1316 955 1357 Constantinus
995 1316 1144 1369 impius
1175 1315 1410 1369 imperator
1440 1330 1517 1355 an-

51 1386 137 1413 nuo
182 1378 366 1427 propter
408 1372 657 1413 eminentem
694 1371 989 1413 orthodoxiam
1021 1372 1107 1412 eius
1135 1371 1387 1411 anathemati
1415 1371 1519 1411 sub-

55 1429 263 1478 mittebat,
293 1435 335 1468 et
363 1442 445 1482 pro
460 1430 644 1478 Mansur,
677 1428 791 1483 quod
822 1434 882 1468 est
900 1429 1058 1468 avitum
1082 1443 1232 1468 nomen
1263 1427 1348 1467 eius
1378 1427 1517 1482 quod-

51 1499 134 1541 que
163 1485 405 1538 redemptus
437 1485 743 1538 interpretatur
769 1499 886 1525 sensu
919 1484 1102 1535 ludaico,
1134 1499 1291 1524 novum
1324 1484 1519 1525 ecclesiae

47 1541 292 1597 magistrum
322 1543 548 1581 Manzeron
572 1546 733 1581 mutato
765 1540 933 1581 nomine
960 1540 1185 1580 vocitabat.

158 1609 322 1650 Eodem
350 1623 521 1663 qnoque
549 1622 658 1648 anno
687 1607 838 1647 Vhalid
867 1608 1045 1663 Cyprios
1075 1607 1115 1648 in
1142 1607 1307 1663 Syriam
1333 1612 1519 1648 transtu·

48 1664 110 1715 lit,
141 1665 423 1705 Artahuasdus
470 1670 608 1705 autem
647 1664 832 1705 Nicetam
862 1665 993 1704 filium
1022 1670 1381 1718 monostrategum
1410 1677 1520 1717 pro-

48 1727 212 1761 motum
240 1721 294 1761 ad
325 1722 463 1761 thema
493 1721 644 1762 direxit
675 1721 1038 1770 Armeniacorum,
1066 1734 1202 1774 porro
1234 1719 1520 1774 Nicephorum

47 1792 182 1833 aeque
228 1778 360 1818 filium
401 1793 521 1817 suum
558 1778 779 1818 coronavit
821 1791 900 1832 per
938 1778 1193 1817 Anastasium
1222 1774 1519 1830 patriarcham.

47 1848 187 1875 mense
211 1849 317 1876 vero
346 1834 459 1875 Maio
490 1849 584 1874 cum
615 1833 895 1875 Artahuasdus
936 1833 989 1873 ad
1020 1838 1163 1887 partes
1192 1833 1352 1873 Obsicii
1381 1845 1520 1886 egres-

47 1904 114 1930 sus
144 1890 286 1931 fuisset
332 1896 374 1932 et
407 1890 556 1931 milites
602 1891 809 1946 elegisset,
839 1896 974 1931 totam
1004 1890 1140 1930 Asiam
1170 1889 1294 1944 cepit,
1326 1889 1522 1943 depopu—

47 1947 134 1986 lans
176 1961 283 1987 eam.
359 1961 445 2002 quo
490 1947 784 1988 Constantinus
827 1953 1049 2000 comperto
1091 1953 1229 1987 motus
1265 1952 1327 1986 est
1372 1950 1521 1985 contra

51 2003 201 2056 ipsum.
258 2017 355 2042 cum
385 2017 487 2043 vero
517 2003 569 2043 ad
604 2018 699 2044 eum
734 2004 776 2042 in
804 2010 946 2057 partes
976 2002 1235 2043 Sardeorum
1266 2017 1291 2042 a
1320 2001 1520 2041 Celbiano

49 2059 297 2099 redeuntem
325 2059 501 2099 venisset
527 2065 570 2100 et
597 2074 693 2099 cum
719 2060 791 2099 illo
820 2059 976 2100 bellum
999 2059 1166 2108 iniisset,
1196 2058 1327 2098 vertit
1350 2072 1445 2098 eum
1474 2071 1521 2096 ac

48 2115 284 2170 insequitur
314 2129 442 2169 usque
472 2116 683 2170 Cyzicum.
742 2122 785 2155 at
814 2115 882 2155 ille
907 2130 1003 2155 cum
1030 2115 1225 2171 Cyzicum
1251 2114 1518 2168 pervenisset,

49 2171 301 2212 dromonem
339 2171 540 2225 ingressus
585 2174 627 2212 in
662 2172 834 2212 civitate
875 2172 1072 2211 salvatur.
1129 2178 1354 2226 praeterea
1384 2183 1521 2209 mense

49 2227 241 2282 Augusto
271 2227 452 2268 eiusdem
499 2227 742 2269 undecimae
781 2228 1020 2268 indictionis
1049 2228 1209 2267 Nicetas
1237 2231 1520 2266 monostrate-

49 2297 122 2337 gus
151 2283 258 2324 filius
287 2284 565 2334 Artahuasdi,
608 2298 704 2324 cum
735 2285 936 2325 intulisset
976 2285 1250 2324 Constantino
1282 2282 1392 2336 apud
1423 2283 1515 2321 Mo-
1532 2301 1565 2336 p.
1584 2289 1655 2325 644

49 2339 216 2380 driuem
244 2345 287 2380 et
305 2340 487 2395 Cisseum
511 2340 679 2391 bellum,
706 2348 826 2395 terga
851 2348 1018 2381 vertens
1046 2340 1218 2394 aufugit.
1279 2344 1321 2379 et
1351 2338 1518 2391 quidem

48 2396 274 2450 patricium
300 2396 539 2437 Teridatem
560 2397 815 2448 Armenium,
847 2397 1020 2437 militem
1042 2396 1313 2436 fortissimum
1347 2401 1389 2433 et
1418 2407 1520 2432 con-

47 2452 266 2492 sobrinum
298 2452 557 2503 Artahuasdi,
590 2467 685 2493 cum
718 2453 805 2494 aliis
833 2453 970 2493 multis
999 2452 1137 2493 electis
1166 2450 1423 2505 principibus
1455 2450 1519 2488 in·

48 2509 241 2549 terfecit:
276 2509 494 2563 utriusque
524 2523 628 2549 vero
645 2510 776 2563 partis
805 2523 920 2550 casus
949 2509 1062 2549 haud
1079 2508 1266 2548 modicus
1295 2508 1424 2545 factus
1443 2513 1519 2556 est,

49 2565 347 2605 Armeniorum
369 2566 529 2605 scilicet
548 2573 590 2605 et
606 2566 951 2606 Armeniacorum
971 2564 1302 2619 impugnantium
1324 2561 1516 2602 adversus

49 2620 285 2662 Orientales
314 2628 440 2676 atque
458 2622 717 2672 Thracesios,
749 2623 1008 2662 Constantini
1038 2626 1386 2675 propugnatores.
1444 2632 1519 2657 ce-

49 2682 187 2716 terum
219 2678 415 2732 antiquus
459 2678 585 2718 hostis
618 2678 806 2718 diabolus
845 2685 993 2719 contra
1025 2676 1279 2716 Christianos
1309 2675 1519 2729 tempori·-

46 2732 123 2772 hus
155 2734 238 2774 istis
270 2735 395 2774 talem
435 2735 628 2775 excitavit
665 2735 876 2775 saevitiam
911 2740 954 2774 et
981 2733 1275 2773 mactationem
1302 2731 1519 2781 alternam,

47 2793 96 2829 ut
123 2789 198 2830 filii
227 2790 354 2832 etiam
384 2796 533 2833 contra
565 2797 758 2846 parentes
780 2797 822 2832 et
861 2791 1012 2832 fratres
1042 2795 1191 2830 contra
1220 2789 1372 2829 fratres
1399 2801 1519 2828 com-
