1768 3268
49 1439 84 1474 Ρ.
99 1425 168 1462 746

49 2553 84 2587 p.
99 2538 165 2575 747

188 205 247 248 12
387 202 670 247 ANASTASH
712 200 974 244 HlSTORlA
1024 196 1438 241 ECCLESIASTICA

294 314 442 354 Tertio
472 326 581 352 anno
614 311 734 352 huius
765 311 922 367 primus
940 311 1228 350 Romanorum
1250 306 1536 361 principatum
1567 306 1654 345 sin-

184 371 384 425 gulariter
414 369 598 410 obtinuit
625 369 746 409 Caius
780 367 902 409 lulius
931 367 1096 415 Caesar,
1129 381 1150 404 a
1181 377 1265 419 quo
1296 363 1491 404 Caesares
1521 363 1655 403 ceteri

184 428 457 481 imperatores
497 425 695 480 appellati
726 432 848 475 sunt,
892 424 1048 479 quique
1076 421 1268 476 regnavit
1296 424 1412 460 annis
1438 417 1467 459 4
1497 419 1653 460 mensi-

183 485 259 524 bus
286 482 326 523 7.
383 489 479 537 post
526 482 676 522 Iulium
716 480 911 522 Romanis
951 477 1175 532 imperavit
1219 478 1370 518 Caesar
1401 476 1654 517 Octavianus

182 543 386 594 Augustus
418 538 534 580 annis
564 536 618 579 56
645 538 850 579 mensibus
875 535 913 576 6.
979 535 1078 576 hinc
1116 533 1367 575 Antiocheni
1399 547 1530 574 annos
1558 547 1655 574 suos

184 602 498 637 connumerant.
555 595 625 636 hic
654 593 966 648 decimoquinto
997 607 1106 633 anno
1127 591 1293 645 imperii
1320 590 1397 643 sui,
1426 590 1655 645 Cleopatra

182 658 416 707 perempta,
444 653 785 694 Ptolomaeorum
812 647 1098 705 principatum
1132 647 1348 698 destruxit,
1396 647 1470 703 qui
1502 662 1656 704 regna-

185 715 336 750 verunt
368 709 408 749 in
441 711 632 766 Aegypto
665 708 780 748 annis
814 705 904 747 195.

294 777 423 817 Fiunt
447 791 547 832 ergo
574 776 693 817 simul
725 789 865 815 omnes
908 773 958 813 ab
988 772 1122 813 Adam
1154 786 1285 827 usque
1313 772 1366 813 ad
1397 771 1656 828 principium

186 834 349 887 imperii
387 834 557 890 Augusti
586 832 809 874 secundum
840 829 1123 886 diligentiores
1162 828 1514 885 chronographos
1557 829 1655 869 anni

185 887 307 932 5457.

297 962 499 1015 Augustus
518 973 636 1014 erge,
654 963 699 997 ut
718 956 874 997 dictum
894 961 969 1007 est,
994 955 1220 1009 imperavit
1247 955 1362 995 annis
1376 953 1431 995 56
1460 961 1503 996 et
1534 968 1657 995 men-

182 1016 291 1055 sibus
322 1014 361 1056 6.
416 1029 550 1071 porro
605 1013 919 1070 quadragesimo
965 1011 1151 1052 secundo
1207 1025 1318 1052 anno
1370 1011 1532 1067 imperii
1569 1010 1655 1052 eius

183 1079 300 1113 natus
332 1079 390 1114 est
422 1071 648 1112 secundum
667 1085 832 1112 carnem
864 1084 911 1111 ex
941 1075 1083 1109 sancta
1098 1068 1261 1124 virgine
1281 1083 1329 1109 ac
1352 1068 1420 1110 dei
1451 1067 1656 1125 genitrice

180 1130 314 1170 Maria
345 1129 535 1170 dominus
565 1134 707 1169 noster
749 1129 854 1168 lesus
892 1125 1103 1175 Christus,
1137 1126 1210 1181 qui
1253 1131 1314 1167 est
1354 1131 1452 1168 ante
1491 1125 1655 1166 saecula

182 1185 306 1237 deus,
336 1185 376 1226 in
422 1185 633 1226 Bethleem
677 1184 824 1235 Iudae,
854 1182 882 1223 8
927 1181 1128 1223 Calendas
1174 1182 1409 1234 lanuarias,
1450 1181 1567 1238 quod
1595 1187 1656 1223 est

182 1243 347 1283 Choeac
377 1241 457 1293 29,
503 1242 545 1283 id
584 1248 648 1282 est
673 1239 942 1290 Decembrio,
973 1239 1040 1280 die
1065 1238 1131 1280 ¹25.
1191 1239 1371 1295 Cyrinus
1403 1244 1543 1279 autem
1575 1253 1655 1294 per

179 1298 578 1340 senatusconsultum
619 1299 759 1339 missus
799 1298 840 1338 in
873 1296 1066 1338 Iudaeam
1106 1294 1408 1352 descriptiones
1439 1296 1540 1338 fecit
1572 1310 1654 1352 pa-

180 1355 478 1396 trimoniorum
507 1362 550 1396 et
578 1354 878 1396 habitatorum.

288 1423 415 1465 Fiunt
447 1424 589 1480 itaque
618 1424 740 1465 simul
771 1424 823 1463 ab
845 1422 973 1464 Adam
1006 1436 1137 1477 usque
1167 1421 1222 1461 ad
1251 1422 1509 1462 incarnatam
1543 1434 1653 1475 pro..

179 1479 430 1531 sectionem,
475 1479 519 1520 id
548 1487 608 1523 est
635 1480 978 1521 humanationem
1012 1477 1171 1518 domini
1203 1478 1335 1518 nostri
1365 1485 1405 1519 et
1435 1478 1654 1520 salvatoris

180 1538 270 1578 lesu
289 1537 457 1588 Christi,
484 1536 713 1578 secundum
744 1551 911 1577 omnem
941 1534 1211 1591 diligentiam,
1239 1536 1337 1576 anni
1364 1534 1490 1576 5500.

289 1605 389 1644 Post
424 1607 650 1660 Augustum
693 1607 982 1646 Romanorum
1027 1605 1262 1658 imperator
1290 1604 1440 1645 tertius
1467 1603 1549 1644 fuit
1574 1603 1651 1644 Ti-

179 1661 317 1702 berius
359 1663 474 1701 annis
504 1660 573 1703 23.
651 1660 813 1702 decimo
857 1661 1006 1716 quinto
1050 1667 1190 1702 autem
1220 1676 1329 1702 anno
1359 1661 1528 1716 imperii
1564 1661 1652 1702 eius

178 1718 401 1759 salutarem
426 1723 468 1759 et
506 1718 783 1773 evangelicam
821 1717 1058 1759 doctrinam
1087 1718 1256 1759 inchoat
1284 1718 1477 1759 dominus
1507 1723 1652 1759 noster

179 1776 287 1815 Iesus
317 1774 515 1819 Christus.
572 1780 791 1830 praeterea
821 1790 931 1816 anno
961 1775 1123 1817 decimo
1167 1781 1318 1818 octavo
1346 1790 1487 1830 passus
1517 1780 1578 1817 est
1607 1775 1649 1815 in

179 1831 436 1872 Hierusalem
473 1844 553 1886 pro
600 1832 718 1872 nobis
745 1832 952 1873 salubrem
993 1833 1252 1887 passionem,
1295 1832 1323 1873 8
1367 1831 1650 1875 Calendarum

179 1888 400 1943 Aprilium,
425 1886 684 1928 Phamenoth
715 1887 782 1940 29,
813 1888 927 1944 qnod
951 1896 1012 1930 est
1026 1890 1181 1931 Martio
1215 1890 1282 1932 die
1311 1889 1378 1931 25.

290 1956 419 1997 Fiunt
449 1970 550 2011 ergo
584 1956 704 1997 simul
746 1957 797 1997 ab
829 1957 959 1998 Adam
996 1973 1128 2014 usque
1170 1958 1222 1999 ad
1264 1956 1522 1999 salutiferam
1554 1971 1650 2011 pas-

179 2012 335 2053 sionem
382 2027 430 2052 ac
476 2013 828 2055 resurrectionem
867 2014 1024 2056 domini
1068 2016 1134 2056 dei
1179 2030 1228 2056 ac
1266 2014 1483 2057 salvatoris
1513 2014 1648 2055 nostri

180 2069 269 2109 Iesu
297 2068 450 2109 Christi
480 2069 578 2109 anni
597 2068 719 2110 5533.

289 2138 342 2176 At
371 2150 472 2178 vero
498 2143 593 2191 post
619 2137 835 2178 Tiberium
866 2138 984 2179 Caius
1014 2140 1128 2180 annis
1157 2140 1306 2190 tribus,
1335 2139 1543 2180 mensibus
1572 2139 1645 2180 de-

179 2206 281 2233 cem.
312 2194 468 2233 occisus
508 2199 568 2234 est
597 2193 638 2233 in
665 2194 841 2235 Palatio.
878 2195 1069 2235 Claudius
1103 2211 1239 2238 mense
1270 2212 1366 2238 uno.
1398 2197 1556 2238 occisus
1586 2202 1648 2237 est

178 2250 346 2289 Romae.
380 2252 490 2290 Nero
525 2250 639 2291 annis
676 2249 726 2291 13
755 2252 955 2292 mensibus
983 2256 1023 2297 8.
1055 2253 1213 2307 fugiens
1251 2254 1396 2294 vivum
1425 2268 1467 2295 se
1507 2253 1645 2308 ipsum

179 2306 339 2345 obruit.
400 2305 483 2345 hoc
504 2307 673 2347 Nerone
700 2308 840 2361 primo
869 2310 1203 2363 persecutionem
1233 2317 1527 2352 commovente
1558 2311 1643 2351 Pe-

181 2368 269 2401 trus
301 2368 343 2402 et
373 2362 525 2402 Paulus
552 2365 708 2403 Romae
750 2365 1007 2420 martyrizati
1051 2373 1169 2415 sunt;
1212 2374 1254 2408 et
1297 2369 1475 2409 Iacobus
1507 2368 1644 2407 frater

180 2417 352 2469 domini,
384 2433 507 2473 quem
538 2419 689 2461 iustum
716 2434 857 2461 omnes
888 2423 1116 2477 vocabant,
1153 2440 1176 2464 a
1206 2424 1366 2466 Iudaeis
1394 2424 1643 2476 Hierosoly-

179 2474 253 2514 mis
283 2474 486 2528 lapidatus
508 2482 581 2517 est.
642 2476 757 2516 Otho
787 2479 991 2519 mensibus
1022 2478 1062 2520 3.
1092 2488 1222 2522 semet
1251 2481 1385 2536 ipsum
1415 2481 1645 2521 interemit.

179 2530 368 2570 Vitellius
409 2533 615 2573 mensibus
657 2538 767 2573 octo.
835 2535 1106 2589 Vespasianus
1147 2539 1261 2579 annis
1291 2538 1317 2579 9
1347 2538 1554 2579 mensibus
1593 2537 1641 2577 11

179 2585 324 2627 diebus
355 2587 419 2627 22.
479 2589 587 2629 obiit
627 2590 666 2630 in
709 2588 841 2631 hortis
877 2593 1143 2633 sallustianis.
1220 2595 1260 2634 in
1286 2595 1470 2637 secundo
1502 2601 1644 2634 autem

177 2657 287 2683 anno
327 2643 491 2698 imperii
531 2646 651 2686 huius
694 2648 848 2687 factum
890 2655 948 2689 est
978 2649 1178 2690 excidium
1210 2652 1464 2693 Hierusalem
1499 2666 1520 2690 a
1556 2650 1642 2690 filio

178 2700 276 2751 eius,
305 2706 400 2754 post
429 2716 554 2741 annos
574 2701 626 2742 35
658 2704 903 2745 ascensionis
935 2705 1177 2747 dominicae.
1235 2709 1353 2749 Titus
1383 2708 1500 2748 annis
1531 2707 1641 2747 duo-

176 2756 252 2796 bus
281 2756 484 2796 mensibus
524 2758 699 2800 duobus.
758 2761 913 2801 occisus
953 2769 1012 2802 est
1053 2762 1093 2802 in
1126 2764 1298 2805 Palatio.
1377 2763 1642 2805 Domitianus

178 2813 293 2855 annis
323 2812 372 2854 15
400 2815 602 2857 mensibus
620 2816 658 2860 5.
690 2816 770 2857 hoc
791 2821 1119 2873 persecutionem
1140 2821 1319 2876 agitante
1336 2824 1511 2863 Ioannes
1541 2835 1645 2875 apo-
