1728 3184
706 195 906 239 NOTAE.
1439 189 1538 240 429

80 311 192 353 timis
217 311 368 354 verbis.
425 312 470 353 in
506 309 732 353 Phoenicia
762 312 920 354 Libano
953 315 1192 372 propinqua
1231 314 1441 372 oppidum,
1475 316 1540 354 cui

79 369 283 422 Palmym
307 381 465 420 nomen,
493 376 684 409 veaaesmte
697 369 843 421 firme
879 369 1096 422 desertum,
1124 373 1375 412 munimentis
1381 370 1540 427 firma·

70 426 134 465 vit
160 434 199 465 et
225 438 428 481 aqum-um
462 426 582 481 copia
611 425 783 465 coercito
809 423 1117 467 Saracenorum
1147 430 1337 468 exercitu.
1396 440 1541 466 vocem

73 478 250 532 λιμητὸν
278 481 430 520 Meurs.
459 481 652 535 exponit:
698 494 837 521 sensns
878 481 964 522 eius
1004 489 1065 522 est
1100 483 1327 524 Phoenices
1350 483 1469 522 limes
1504 492 1546 522 et

71 538 278 576 terminus.
335 535 570 577 chronicon
599 535 924 577 Alexandrinum
969 537 1022 579 de
1048 539 1193 579 Tauro
1225 554 1322 593 rege
1356 538 1543 579 Cretensi

70 593 233 648 Tyrum
262 592 497 644 invadente,
527 606 668 647 regem
694 593 798 649 Tyri
828 596 1064 648 Agenorem
1095 595 1321 636 obsidionis
1351 600 1544 648 tempore

73 649 114 688 in
145 647 400 703 profundam
430 649 713 690 continentem
744 649 859 690 urbis
875 651 1073 701 obsessae,
1103 659 1336 708 captaeque
1364 651 1546 691 nescium

70 705 177 746 acies
206 705 392 746 eduxisse
421 712 567 745 narrat
603 706 679 746 ista
718 705 872 760 phrasi.
942 701 964 748 ὃ
994 706 1042 748 δὲ
1069 704 1266 762 Ἀγήνωρ
1293 705 1369 748 καί
1393 703 1434 748 οἶ
1458 704 1549 748 vim*

73 760 205 802 αὐτοῦ
233 760 469 813 ἐπολέμουν
497 758 572 802 ἐπὶ
597 758 644 802 τό
677 760 866 816 λιμητόν.

186 831 294 886 267,
330 837 395 879 12.
450 832 507 889 τῷ
547 834 596 876 δὲ
632 832 881 892 Ἰανουαρίῳ
919 833 1050 890 μηνί]
1088 851 1135 878 ex
1164 837 1314 882 chron.
1352 838 1546 880 Alexand.

78 905 188 931 anno
220 890 436 931 Iustiniani
467 890 621 946 primo,

183 962 292 1004 Ibid.
341 961 406 1003 16.
476 958 499 1002 ὅ
542 960 746 1015 βασιλεῦς
784 963 992 1020 Περσῶν]
1038 980 1085 1006 ex
1131 966 1311 1008 eiusdem
1356 967 1547 1009 chronici

73 1018 242 1116 ,εζῗὼἰεε
283 1020 435 1075 quibus
470 1019 643 1061 adversa
680 1021 812 1062 refert
853 1022 1087 1077 Procopius
1138 1023 1191 1066 de
1233 1024 1346 1066 beno
1374 1026 1546 1067 Persico

89 1090 145 1115 ι).
205 1106 217 1116 .

182 1143 291 1184 [bid.
324 1142 389 1184 19.
447 1145 521 1185 καί
549 1144 734 1199 Πέτρον]
774 1144 1002 1200 Εἰρηναῖον
1046 1145 1122 1187 τόν
1149 1146 1397 1198 Πενταδίας
1426 1156 1549 1191 vocat

76 1198 185 1240 idem
214 1199 467 1244 chronicon.

183 1264 281 1318 268,
309 1265 352 1308 6.
408 1263 654 1321 προσερρύη
676 1272 765 1316 τοῖς
790 1266 1033 1320 Ῥωμαίοις]
1069 1269 1121 1312 de
1149 1270 1383 1311 Eruiornm
1414 1271 1548 1326 origi..

72 1337 142 1373 ne,
170 1323 283 1375 sede,
312 1324 502 1364 moribus
536 1324 704 1365 abunde
726 1326 962 1379 Procopius
994 1326 1045 1368 de
1074 1327 1184 1368 bello
1198 1327 1402 1368 Gotthico
1433 1327 1549 1369 lih.‘2

71 1379 127 1419 ad
153 1378 360 1420 medium:
410 1394 523 1435 quo,
565 1390 609 1421 ut
629 1383 815 1436 primum
832 1382 1082 1423 lastinianus
1108 1385 1290 1439 suscepit
1321 1385 1548 1439 imperium,

69 1450 196 1476 arma
220 1450 312 1477 cum
337 1437 398 1476 eis
415 1438 684 1489 consedasse,
710 1447 750 1478 et
783 1447 828 1478 ut
860 1438 1017 1480 Christi
1032 1439 1165 1494 fidem
1190 1441 1429 1497 susciperent
1450 1455 1548 1496 per-

68 1494 259 1543 suasisse,
302 1499 447 1534 narrat
483 1493 691 1548 Euagrius
722 1494 794 1534 lib.
824 1490 853 1535 4
882 1508 974 1550 cap.
1007 1495 1071 1536 19.

183 1560 295 1601 Ibid.
320 1556 386 1601 14.
443 1557 736 1613 στρατηλάτην
761 1559 1000 1613 Ἀρμενίας
1020 1561 1190 1618 Τζίταν]
1218 1562 1371 1604 Sittam
1400 1563 1547 1604 scribit

67 1615 305 1670 Procopius
333 1615 385 1658 de
425 1616 538 1658 bello
563 1616 735 1658 Persico
763 1618 832 1658 lib.
865 1619 884 1657 1
902 1648 913 1668 ‚
937 1633 1063 1673 quem
1094 1628 1236 1660 cuncto
1262 1621 1306 1660 in
1336 1620 1548 1661 Armeniis

68 1673 266 1713 exercitui
289 1674 543 1727 praefuisse,
587 1672 704 1727 quod
749 1679 809 1714 est
835 1689 983 1714 munus
1020 1671 1327 1729 στρατηλάτου,
1356 1681 1548 1717 testatur.

74 1728 337 1770 Paucirollus
376 1731 418 1771 in
453 1736 543 1770 not.
584 1730 685 1784 imp.
717 1730 863 1772 Orien.
903 1745 994 1786 cap.
1024 1730 1117 1772 131,
1175 1731 1446 1782 Iustinumus,
1473 1733 1545 1781 ait,

70 1785 250 1826 subactis
265 1784 471 1843 fhu'timis
498 1786 706 1839 barbaris,
734 1800 938 1840 cingnum,
966 1798 1007 1829 et
1034 1789 1265 1829 interiorem
1294 1789 1547 1830 Armeniam

68 1839 240 1894 dictam,
271 1857 424 1883 novam
445 1843 710 1900 provinciam
735 1845 908 1886 creavit.
931 1845 1011 1888 lib.
1037 1846 1107 1887 ult.
1126 1858 1225 1899 cap.
1246 1845 1297 1884 de
1322 1843 1428 1898 ‘ffic-
1456 1860 1546 1886 ma-

51 1895 180 1950 *gista
226 1899 414 1939 militum.
468 1913 596 1955 quam
637 1899 772 1941 Zetae
791 1901 992 1954 „magistro
1035 1901 1209 1941 militum
1254 1899 1547 1959 (στρατηλάτῳ

68 1953 253 2008 scripto)
281 1956 493 1996 commisit.
564 1969 778 2010 magnam,
822 1955 987 2012 inquit,
1019 1958 1280 2008 Armeniam,
1308 1971 1420 2013 quae
1445 1959 1547 1999 inte-

67 2011 158 2049 rior
179 2010 405 2063 dicebatur,
434 2021 475 2052 et
488 2020 636 2065 gentes,
656 2012 899 2053 Aneizenam
916 2014 1117 2065 videlicet,
1138 2013 1375 2067 Iugi'lenam‚
1393 2015 1549 2067 Astya-

71 2079 236 2116 nenam‚
262 2066 513 2122 Sophenam,
534 2067 834 2124 Sophonenam,
865 2070 909 2110 in
936 2085 1016 2126 qua
1048 2079 1104 2110 est
1124 2070 1437 2125 Martyropolis,
1466 2072 1549 2111 Be-

69 2122 323 2171 lalnlenam,
354 2132 395 2164 et
418 2126 627 2178 primam,
673 2134 712 2165 et
750 2126 971 2166 secundam
1002 2126 1267 2177 Armeniam,
1308 2135 1348 2166 et
1374 2126 1548 2168 Pontum

71 2177 404 2219 Polemoniacum
432 2190 529 2221 tuae
557 2195 681 2221 curae
708 2196 798 2222 cum
826 2183 910 2222 suis
935 2182 1103 2224 ducibus
1130 2182 1414 2223 commisimus.

186 2250 282 2301 269,
311 2252 352 2292 2.
407 2250 608 2306 κομητώ]
635 2254 781 2295 scribit
807 2255 1020 2296 Cedrenus
1046 2251 1220 2307 κομιταὶ.

179 2331 290 2372 Ibid.
319 2326 359 2371 4.
419 2329 622 2388 Βοαρὴξ]
658 2330 1056 2387 ΕθάτεηαεΒαρὴζ·
1089 2335 1227 2375 virum
1254 2331 1543 2387 eiusMoeaa'g·

2 2423 4 2425 ,
72 2386 255 2427 aiterum
284 2402 425 2442 regem
446 2387 488 2428 Γ
485 2385 602 2441 λόην.

181 2466 291 2508 Ιὺίᾱ.
329 2465 392 2506 17.
450 2466 526 2507 καί
552 2461 575 2506 ὅ
603 2465 778 2522 πλησίον
810 2465 1058 2524 Βοσπόρου]
1088 2468 1322 2522 Procopius
1352 2467 1403 2508 de
1433 2466 1545 2507 hello

26 2544 29 2546 -
66 2521 238 2562 Persico
270 2522 341 2562 nb.
385 2523 422 2562 1.
481 2532 544 2563 est
588 2525 813 2578 Bosphorus
849 2526 993 2565 civitas
1040 2526 1250 2565 maritima
1294 2525 1547 2564 sinistrorsus

65 2577 287 2618 Euxinum
320 2580 490 2619 Pontum
520 2581 754 2633 naviganti.
791 2582 886 2621 hinc
909 2581 1167 2622 Chersonesus
1201 2582 1281 2619 iter
1304 2581 1465 2620 dierum
1493 2578 1549 2620 20

66 2633 223 2674 distans
240 2652 254 2673 .-
281 2635 322 2675 in
350 2650 528 2691 quorum
569 2635 708 2675 medio
739 2636 886 2677 Hunni
921 2646 1059 2677 cuncta
1089 2634 1309 2691 possident.
1364 2635 1550 2691 Bospho-

64 2690 174 2729 ritae
202 2700 341 2731 autem
371 2692 615 2732 iamdudum
642 2693 769 2734 liberi
804 2694 1007 2734 incolunt.-
1058 2707 1107 2732 ac
1147 2692 1301 2732 Iustino
1340 2705 1472 2747 nuper
1505 2704 1548 2730 se

59 2747 291 2839 ἱενηιιὶςειε.
351 2753 506 2790 auctor
549 2746 675 2803 plura
722 2748 774 2788 ad
814 2749 1086 2790 lastinianum
1128 2747 1354 2788 secundum
1383 2747 1548 2787 nomine

104 2800 368 2844 inotmetum.
