1728 3184
699 188 902 232 NOTAE.
1418 181 1482 233 43
1492 189 1513 230 1

165 309 261 361 279,
292 308 332 351 3.
390 307 619 350 ἅνενέωσεν
662 308 710 349 δὲ
739 305 761 348 ὅ
797 306 1015 364 βασιλεύς]
1053 310 1109 350 ita
1138 310 1287 351 chron.
1321 310 1515 352 Alexand.

48 364 180 423 τούτῳ
208 367 267 422 τῷ
301 362 389 407 ἔτει
421 360 718 412 Ἰουστηίανὸς
748 362 876 413 naida}
914 363 1157 419 ἀνενεώθη,
1183 365 1258 407 καί
1288 364 1519 419 ἐκελεύσθη

46 421 384 474 αὐθεντεῖσθαι,
426 421 508 463 α’πὸ
554 423 630 474 τῆς
664 419 747 472 πρὸ
791 418 842 467 ις’
887 420 1110 461 καλανδῶν
1147 421 1400 473 Ἀπριλλίων
1444 424 1521 474 τῆς

47 476 284 533 ἐνεστώσης
313 475 345 528 ζ’
378 475 673 532 ἑπινεμὴσεως.
729 479 802 518 Ιιοσ
827 492 935 518 anuo
960 477 1095 518 codex
1125 478 1377 520 Iustim‘amas
1402 480 1521 519 abso..

45 536 148 575 lucus
177 544 249 587 est,
277 544 316 575 et
345 535 512 590 publica
547 534 782 575 auctoritate
817 535 1016 590 probatus
1047 532 1100 574 16
1144 534 1224 576 kal.
1254 537 1394 590 April.
1425 548 1524 575 cur-

48 589 225 635 rentis7
265 590 411 634 indict.
443 606 553 632 annno
606 597 759 645 quarto
790 589 987 631 duntaxat
1033 591 1344 647 promulgatum
1375 588 1522 633 scribit

49 646 327 688 Marcellinus.

160 720 274 763 Ibid.
294 719 335 760 8.
392 720 496 773 μηνί
517 720 758 776 Νοεμβρίῳ]
790 720 1000 761 contraxit
1026 719 1135 760 hanc
1165 720 1216 761 de
1236 725 1376 762 terrae
1402 728 1522 762 motu

53 776 316 817 Antiocheno
352 776 568 817 historiam
596 777 802 831 Euagrius
833 778 902 817 lib.
929 774 957 817 4
984 791 1074 832 cap.
1107 775 1146 816 6.

162 848 257 901 273,
287 848 328 890 7.
386 848 460 889 καί
499 847 626 889 πάλιν
653 847 678 888 ὅ
704 847 931 901 βασιλεύς,
962 847 1037 891 καί
1062 848 1088 903 ἧ
1119 844 1366 904 Αὖγοιῖστα]
1397 864 1524 904 repa-

52 913 187 946 ratam
227 905 490 948 Antiochiam
537 906 738 947 describit
776 907 1012 962 Procopius
1057 908 1110 948 de
1152 906 1272 948 aedis.
1306 907 1522 948 Iustiniani

50 963 121 1003 lib.
152 962 190 1003 2.

156 1029 267 1071 Ibid.
299 1028 337 1074 9.
395 1028 441 1070 ἐν
467 1029 515 1071 δὲ
545 1030 598 1087 τῇ
626 1028 688 1071 »ια’
721 1031 794 1072 τοῦ
824 1029 1048 1086 Μαρτίου]
1079 1031 1132 1071 de
1165 1030 1266 1071 locis
1295 1030 1522 1070 Antioche-

47 1088 110 1128 nis
138 1086 248 1129 bello
280 1087 475 1128 vexandis
503 1087 723 1128 consilium
758 1087 1029 1128 Alamundari
1060 1086 1181 1127 babes
1216 1087 1327 1142 apud
1357 1088 1522 1127 Proco-

48 1144 167 1198 pium
195 1143 268 1183 lib.
301 1143 322 1182 1
355 1142 407 1183 de
447 1144 560 1184 bello
590 1144 758 1185 Persico
799 1144 926 1198 paulo
963 1150 1059 1198 post
1100 1143 1308 1193 medium,
1341 1143 1428 1184 eius
1456 1144 1522 1182 in-

49 1200 260 1240 cursiones
291 1201 418 1255 paulo
450 1200 646 1242 inferius:
683 1215 827 1240 verum
854 1206 948 1254 post
976 1201 1107 1240 victos
1140 1215 1163 1240 a
1192 1200 1387 1240 Romanis
1416 1200 1523 1240 Per-

50 1272 125 1307 sas,
156 1254 271 1312 quod
300 1271 411 1297 anno
445 1263 644 1312 sequente
672 1256 948 1311 Theophanes
979 1262 1146 1307 narrat,
1174 1271 1264 1297 eam
1296 1255 1525 1311 expeditio-

55 1328 150 1354 nem
178 1320 411 1367 susceptam
442 1313 612 1368 exponit
643 1313 891 1367 Procopius,

159 1397 268 1440 Ibid.
302 1396 365 1438 17.
419 1398 632 1450 λιμωτοῦ]
676 1398 731 1437 ita
764 1397 831 1437 hic
868 1396 988 1438 codd.
1030 1397 1184 1438 cuncti.
1225 1398 1403 1450 λιμητοῦ·
1429 1410 1524 1438 meo

52 1453 207 1494 iudicio
237 1453 394 1494 rectius
419 1454 621 1494 scribitur
650 1469 747 1510 pag.
786 1454 876 1505 148,
906 1453 1096 1508 λιμητῶν
1121 1453 1172 1493 ad
1205 1454 1325 1494 huius
1354 1453 1524 1494 calcem.

50 1510 194 1551 variae
225 1509 424 1551 lectiones
456 1525 541 1551 non
573 1510 918 1566 praetereundae.
1234 1531 1237 1534 ⁴

167 1579 263 1636 274,
291 1584 326 1624 1.
385 1585 732 1638 Λυκοκρανιτῶν]
764 1585 913 1640 quibus
943 1585 1063 1639 lupus
1092 1585 1132 1624 in
1161 1585 1275 1640 galea
1298 1584 1411 1625 foret
1431 1582 1530 1623 iusi-

53 1655 150 1696 gne,
180 1641 246 1682 vel
280 1654 465 1697 quorum
494 1641 609 1696 galea
640 1643 726 1696 lupi
757 1642 896 1696 capite
927 1646 1173 1683 ornaretur.

2 1763 6 1766 ,
163 1713 269 1755 Ibid.
344 1714 418 1754 καί
475 1711 754 1767 προεβάλλετο
798 1710 1120 1770 στρατηλάτην]
1170 1730 1193 1754 a
1250 1713 1407 1753 Iustino
1451 1713 1532 1752 iam

53 1776 244 1811 creatum
271 1770 475 1811 Belissarii
519 1785 657 1812 comes
697 1777 738 1811 et
781 1772 1039 1811 consiliarius
1080 1776 1259 1812 testatur
1296 1769 1532 1823 Procopius

57 1827 126 1868 lib.
162 1827 180 1867 1
217 1827 270 1868 de
298 1827 410 1868 bello
436 1828 628 1879 Persico,
662 1835 705 1869 et
737 1843 761 1867 a
790 1829 1016 1868 Iustiniano
1046 1827 1186 1869 denuo
1215 1826 1464 1867 institutum.

164 1901 275 1942 Ibid.
306 1899 344 1941 3.
404 1900 697 1956 Σεκουνδῖνον]
744 1901 801 1941 ita
830 1902 921 1955 lego
953 1902 1111 1942 cunctis
1140 1901 1181 1941 in
1212 1899 1338 1941 codd.
1369 1900 1533 1941 mallem

55 1955 348 2012 Σεκουνδῖνου.
405 1958 634 1998 Secundini
674 1958 833 1999 etenim
878 1959 986 1999 filius
1022 1965 1116 1999 erat
1157 1957 1379 2013 Hypatius.
1438 1956 1532 1997 vide

0 2025 3 2027 ·
54 2011 153 2052 libri
184 2013 366 2055 indicem
394 2014 525 2054 verbo
555 2015 776 2070 Hypatius.

166 2086 276 2127 Ibid.
305 2082 346 2127 4.
395 2083 646 2141 Ἑρμογένης
675 2084 697 2128 ὅ
724 2084 970 2139 μα’γιστρος]
1009 2087 1313 2143 Hermogenem
1361 2086 1531 2143 quidem

54 2139 107 2181 de
139 2155 243 2195 pace
268 2143 451 2197 legatum
478 2151 686 2185 memorat
716 2144 982 2198 Procopius:
1010 2144 1096 2185 eius
1124 2150 1275 2198 tamen,
1302 2149 1350 2183 ut
1379 2148 1421 2183 et
1449 2144 1530 2182 Bc·

54 2195 195 2249 lisarii,
222 2204 264 2240 et
286 2199 400 2241 ultro
429 2200 626 2256 citroque
656 2216 678 2240 a
706 2201 840 2241 Persis
863 2207 906 2242 et
924 2200 1122 2241 Romanis
1155 2215 1218 2241 res
1249 2206 1379 2255 gestas
1408 2199 1532 2239 aliter

54 2262 249 2296 enarrat:
295 2270 428 2311 quare
457 2257 557 2296 alios
590 2273 614 2296 a
656 2257 874 2312 Procopio
918 2263 1113 2298 auctores
1141 2256 1444 2313 Theophanem
1472 2270 1533 2296 se-

56 2318 237 2364 quutum
268 2319 447 2354 constat.

167 2382 280 2436 Ibid.
310 2383 350 2426 6.
420 2386 478 2442 τῷ
516 2385 564 2426 δὲ
591 2385 749 2444 Ἰουνίῳ
786 2387 892 2441 μηνί
918 2387 1201 2439 Σαμαρεῖται]
1228 2385 1374 2426 Iuliani
1402 2384 1535 2425 histo-

54 2443 160 2483 riam
200 2458 222 2482 a
253 2442 524 2483 samaritanis
564 2443 604 2482 in
650 2458 789 2499 regem
829 2444 963 2484 evecti
1006 2444 1140 2484 refert
1170 2442 1347 2498 Cyrillus
1378 2441 1419 2480 in
1447 2441 1535 2482 vita

55 2500 97 2539 S.
125 2498 260 2540 Sabae
292 2499 406 2554 apud
435 2499 606 2539 Surium
637 2500 704 2541 die
729 2499 1031 2541 5Decembris.
1090 2499 1168 2539 alia
1200 2513 1348 2538 eorum
1376 2498 1535 2539 scelera

55 2554 184 2597 habet
214 2555 449 2610 Procopius
480 2554 531 2596 de
562 2556 685 2597 aedif.
718 2556 935 2598 Iustiniani
956 2563 1064 2596 orat.
1085 2556 1125 2596 5.
1154 2554 1373 2609 legendum
1402 2553 1535 2596 chro..

55 2612 180 2652 nicon
214 2611 541 2653 Alexandrinum
571 2612 622 2653 ad
663 2620 926 2667 praesentem
957 2627 1123 2652 annum.

168 2682 264 2736 275,
299 2685 334 2724 1.
394 2678 600 2738 ἀφορμήν
628 2685 675 2726 δὲ
704 2682 873 2738 ἔβαλεν]
915 2684 967 2726 de
1000 2686 1082 2725 istis
1112 2684 1205 2724 auri
1238 2682 1391 2724 fodinis
1422 2683 1535 2723 Pro..

55 2740 200 2795 copius
229 2740 367 2781 medio
398 2742 494 2782 libri
519 2741 535 2780 1
573 2741 625 2782 de
653 2742 765 2783 bello
796 2742 981 2783 Persico.
1038 2751 1131 2781 tunc
1158 2740 1288 2780 etiam
1316 2739 1539 2780 Persarum

0 2789 2 2808 ⁵
53 2795 149 2837 loca
180 2798 221 2837 in
246 2797 551 2838 Persarmem'is
567 2799 748 2839 Romani
775 2807 1017 2854 receperunt,
1048 2810 1263 2853 arcemque
1293 2795 1459 2845 Bolum,
1487 2809 1536 2834 ac
