1728 3184
685 148 884 190 NOTAE.
1413 145 1509 192 373

46 277 173 316 anno,
200 274 414 322 postquam
443 279 466 306 e
493 266 601 306 vivis
627 276 867 318 excesserat,
894 267 937 308 in
965 270 1279 310 communionem
1306 281 1334 308 a
1363 267 1512 310 Proclo

46 331 225 378 receptus
249 331 323 366 est.

162 389 259 445 143,
293 392 356 434 18.
424 392 498 434 ἒπί
531 392 612 434 τοῦ
641 391 686 434 ἐν
728 391 863 446 ἁγίοις
892 392 1097 448 Πρόκλου
1127 392 1303 446 σεισμὸς
1331 395 1513 448 γέγονεν]

49 462 136 504 quo
168 462 277 490 anno
309 448 549 505 contigerit,
580 450 814 490 incertum:
845 451 979 490 solum
1008 451 1241 492 chronicon
1271 450 1515 493 Alexandri..

50 518 153 544 num
195 505 342 546 ultimo
374 481 517 546 Procli
555 505 668 546 vitae
707 521 817 546 anno
860 507 942 547 CP.
977 521 1025 547 eo
1073 522 1311 548 concussam
1355 509 1518 547 referre

48 560 242 601 Petavius
272 561 416 602 asserit
444 560 496 602 de
533 560 725 602 doctrina
768 567 952 616 tempor.
979 562 1051 603 lib.
1083 561 1134 603 13
1178 564 1230 604 ad
1261 578 1414 603 annum
1437 562 1517 602 lui.

49 615 146 656 Per.
177 615 286 657 5160
315 617 377 657 his
419 617 569 659 verbis.
635 619 770 659 chron.
803 619 1042 662 Aleaeandr.
1083 620 1145 659 his
1173 621 1272 675 ipsis
1302 634 1396 662 0085.
1425 620 1521 669 (Ar-

52 670 213 714 dabure
252 678 294 712 et
322 673 522 728 Caiiepio)
563 673 690 730 refert
728 675 921 728 ingentem
962 684 1091 715 terrae
1127 685 1274 715 motum
1284 677 1432 728 fmsse,
1461 676 1522 713 ita

51 737 96 768 ιιι·
121 730 232 769 cives
262 743 400 769 omnes
447 739 572 770 extra
610 731 748 770 urbem
777 731 978 784 degerent,
1007 745 1122 771 nemo
1151 740 1288 771 tamen
1317 732 1522 770 hominum

46 785 184 839 perlit.
241 785 308 825 hic
335 786 408 824 ille
435 795 560 825 motus
589 795 645 826 esc
659 816 671 836 ,
696 801 775 840 per
807 801 925 841 quem
954 796 1140 843 arreptus
1170 789 1214 827 in
1242 788 1397 827 caelum
1421 800 1526 841 puer·

52 840 263 894 trisagium
297 841 488 892 hymnum
528 841 677 883 audzit.
734 856 882 882 verum
912 842 1017 882 duos
1051 851 1190 883 terrae
1222 849 1359 882 motus
1392 856 1523 880 anno-

56 910 152 936 rum
183 901 389 951 quattuor
416 897 551 950 spatio
585 896 732 938 eodem
762 897 967 938 chronico
999 903 1251 939 memoratos
1280 898 1400 938 facile
1430 896 1524 951 qui-

54 952 114 992 vis
139 951 349 993 advertat:
381 955 564 1007 primum
596 968 704 994 anno
735 954 964 994 Theodosii
993 953 1059 1005 39,
1089 954 1327 995 Ardaburio
1356 959 1397 995 et
1423 953 1528 1008 Aly-

54 1009 128 1064 pio
163 1022 270 1049 coss.
301 1009 417 1049 cuius
463 1010 667 1050 memoria
707 1025 846 1050 annuo
888 985 1126 1051 litaniarum
1157 1011 1243 1051 ritu
1275 1010 1316 1050 in
1343 1009 1528 1049 Tricon-

56 1064 138 1106 cho
155 1065 250 1106 Vm
285 1062 372 1105 idus
402 1057 647 1106 Novembris
679 1066 918 1121 peragitur.
954 1067 1132 1107 alterum
1160 1066 1389 1108 Theodosii
1418 1066 1527 1105 eius-

59 1121 155 1162 dem
183 1134 293 1160 anno
323 1119 395 1172 42,
426 1122 719 1162 Valentiniano
762 1125 808 1163 A.
839 1123 912 1163 Vll
943 1130 985 1163 et
1011 1123 1162 1163 Albino
1194 1138 1298 1164 coss.
1332 1136 1417 1178 quo
1447 1121 1527 1164 CP.

58 1177 166 1217 cives
195 1176 337 1217 territi
367 1185 663 1231 processerunt
705 1178 746 1218 in
793 1193 985 1232 campum
1013 1176 1315 1226 λιτανεύοντες.
1373 1192 1527 1217 annum

57 1248 168 1298 pene
201 1233 422 1299 integrum
441 1239 600 1274 terram
634 1236 793 1299 primus
823 1235 1001 1285 incessit,
1034 1234 1224 1287 ἐγένοντο
1255 1234 1426 1285 σεισμοί
1450 1246 1529 1284 με..

30 1286 138 1342 ,yda
142 1302 194 1342 οι,
222 1302 296 1328 και
322 1285 558 1353 ἐκράτησαν
587 1290 659 1331 ἐπι
683 1287 863 1344 χρόνον,
897 1292 954 1332 ait
990 1290 1247 1339 chronicon3
1282 1290 1388 1331 alter
1419 1288 1532 1329 haud

61 1345 220 1386 vicibus
251 1345 453 1399 repetitis,
484 1347 556 1387 sed
587 1347 858 1387 concussione
889 1347 1020 1388 ferme
1048 1348 1247 1387 continu-1
1276 1347 1424 1386 urbem
1457 1359 1532 1384 ve-

62 1402 173 1442 xavit
191 1417 204 1442 ε
237 1402 280 1441 in
308 1401 446 1456 primo
478 1401 529 1443 de
557 1402 828 1456 imperatore,
857 1404 922 1443 vel
952 1403 1144 1444 ecclesiae
1171 1403 1367 1442 ministris
1395 1415 1532 1441 sermo

64 1457 223 1498 nullus:
255 1456 297 1495 in
337 1457 414 1498 isto
444 1459 652 1512 supplicat
690 1460 926 1513 imperator
956 1459 1118 1499 nudatis
1147 1458 1334 1513 pedibus,
1367 1465 1410 1499 et
1439 1472 1535 1497 cum

63 1519 208 1555 senatu
236 1514 436 1568 cleroque
474 1523 584 1555 actas
615 1516 667 1556 ad
707 1530 899 1569 campum
939 1517 1182 1571 frequentat
1211 1529 1369 1569 preces,
1426 1527 1535 1568 pue1

66 1575 207 1610 autem
237 1570 278 1610 in
308 1571 467 1610 caelum
498 1578 641 1625 raptus
672 1579 731 1612 cst
761 1587 810 1611 co
843 1579 981 1612 terlae
1010 1578 1143 1622 motu,
1174 1585 1257 1625 quo
1290 1571 1369 1612 CP.
1403 1570 1538 1623 agita-

65 1634 110 1668 ta
138 1627 245 1667 cives
272 1641 367 1667 suos
408 1626 449 1666 in
481 1641 673 1682 campum
711 1628 968 1681 imperatoie
1009 1633 1052 1668 et
1091 1627 1333 1682 patriarcha
1365 1625 1538 1665 ducibus

65 1682 244 1747 supplici
274 1697 472 1737 processu
518 1684 640 1724 deum
673 1684 1012 1738 inteipellatmos
1049 1683 1195 1725 emisit.
1256 1683 1368 1722 haud
1399 1683 1541 1736 itaque

66 1741 239 1793 priore,
275 1738 346 1779 sed
376 1740 559 1780 secundo
607 1741 647 1780 in
681 1756 819 1781 aerem
850 1741 936 1781 elev
941 1747 1029 1781 itus
1063 1746 1123 1780 est
1149 1753 1269 1793 puer,
1301 1745 1343 1779 et
1372 1737 1539 1778 secundi

68 1795 188 1836 huius
219 1795 431 1846 memoria,
461 1796 706 1852 quidquid
696 1813 735 1836 m
761 1797 979 1837 adversum
1008 1796 1060 1836 ad
1091 1796 1281 1836 chionici
1312 1795 1542 1848 marginem

69 1850 241 1892 adnotet
262 1850 460 1903 Raderus,
491 1854 701 1894 renovatis
724 1853 919 1908 plecibus
941 1869 1074 1892 umua
1098 1852 1390 1892 observatione
1419 1865 1541 1890 leco-

70 1908 185 1948 litur.
244 1908 477 1948 chronicon
510 1915 645 1949 tamen
678 1911 718 1949 in
750 1924 799 1949 eo
845 1909 1067 1963 deceptum
1095 1905 1542 1961 animadve1to‚quod

69 1971 233 2004 motum
262 1963 414 2003 hunc
404 1980 445 2004 in
473 1965 668 2005 ultimum
697 1965 924 2005 Theodosii
959 1980 1125 2015 aunum,
1157 1978 1242 2019 quo
1271 1964 1445 2003 Procius
1477 1976 1543 2001 cx-

71 2026 252 2061 cesserat
293 2033 316 2059 e
356 2019 457 2059 vivis
495 2021 576 2060 iam
619 2021 715 2071 diu,
754 2021 1043 2076 seponendum
1083 2020 1315 2061 censuerit:
1345 2017 1545 2058 Proclum

74 2090 177 2116 vero
207 2089 448 2129 processum
490 2076 532 2116 in
576 2092 626 2117 eo
658 2078 814 2117 duxisse
847 2077 1056 2117 affirmant
1096 2091 1143 2118 ex
1172 2076 1417 2116 testimoniis
1444 2074 1545 2113 sub-

72 2132 224 2197 iunctis
253 2132 389 2197 plura.
448 2133 498 2173 de
531 2133 603 2172 illo
627 2141 745 2174 motu
766 2134 1003 2199 praefatum
1031 2133 1262 2173 chronicon
1295 2132 1350 2170 ita
1381 2129 1542 2170 sc1ibit.

72 2185 204 2255 τούτῳ
242 2187 300 2244 τῷ
336 2184 423 2227 ἑτει
450 2185 587 2230 ἔπαθε
635 2190 741 2230 ΚΠ.
790 2184 873 2229 ἀπὸ
907 2189 1086 2240 σεισμοῦ
1112 2203 1211 2242 μηνι
1244 2185 1477 2239 Av‘dvzat'm
1512 2181 1544 2231 ς’

74 2240 150 2285 καί
175 2243 221 2298 κ’,
251 2228 404 2291 νυκτὸς
434 2241 518 2284 α’πὸ
549 2245 634 2285 τῶν
663 2246 896 2310 λεγομένων
930 2244 1218 2312 Τρωαδησίων
1246 2243 1437 2294 ἐμβόλων
1466 2237 1546 2305 {wc

73 2298 153 2341 τοῦ
157 2300 344 2365 χαλκοῦ’
362 2295 638 2352 Τετραπύλου
669 2299 741 2341 ἐπι
765 2297 933 2354 χρόνον,
963 2297 1071 2342 ω’στε
1099 2298 1157 2353 μὴ
1187 2298 1344 2350 τολμᾶν
1372 2297 1417 2336 ἐν
1445 2292 1545 2350 σι’κω

74 2352 168 2397 τινὰ
199 2353 352 2408 μένειν,
382 2356 475 2396 ἄλλ’
482 2352 660 2421 ἔφυγον
689 2353 771 2405 ἔξω
800 2358 872 2410 τῆς
900 2355 975 2397 πό)
980 2371 1058 2404 εως
1084 2354 1232 2401 πάντες
1262 2335 1549 2397 λιτανευοντεις

77 2410 240 2476 ἡμέρας
270 2410 342 2451 καί
365 2409 545 2475 νυκτός,
557 2414 631 2452 καί
669 2427 689 2452 ο
720 2409 925 2464 βασιλευς
965 2411 1175 2453 §aeranem
1203 2407 1308 2461 μετὰ
1339 2408 1412 2459 τῆς
1443 2419 1549 2458 συγ-

79 2463 259 2534 κλήτου,
302 2482 372 2507 και
416 2468 492 2508 τοῦ
523 2462 677 2536 ὄχλου,
711 2483 780 2508 και
809 2469 887 2508 τοῦ
917 2466 1075 2536 κλήρου
1107 2462 1365 2509 α’νυπόδετος
1390 2461 1550 2515 ἡμέρας

78 2519 253 2571 πολλάς.
311 2523 452 2577 γέγονε
480 2522 560 2576 γάρ
595 2502 760 2577 ἀπειλή,
789 2539 857 2564 οια
888 2524 940 2564 ου’
971 2525 1136 2576 γέγῡιεν
1165 2520 1238 2559 ἀπ’
1267 2519 1414 2584 ἀρχῆς·
1441 2517 1551 2564 τινὲς

81 2578 130 2626 δὲ
159 2575 322 2645 ἔλεγον
328 2594 398 2620 και
429 2581 515 2633 πῦρ
550 2579 596 2619 ἐν
622 2580 681 2619 τῶ
712 2578 880 2635 οὖραιιᾱί
905 2581 1107 2619 θεᾶσθαι.
1161 2571 1258 2616 ὅθεν
1291 2575 1363 2614 καί
1391 2569 1414 2627 ἢ
1446 2572 1551 2625 μνή-

80 2649 141 2700 μν]
170 2636 263 2674 κατ’
273 2631 385 2703 ζἔτος
435 2620 694 2676 ἐπιτελεῖται
730 2636 805 2689 τῆς
833 2621 1020 2681 λιτανιάς
1061 2633 1190 2685 μέχρι
1219 2645 1289 2670 και
1319 2628 1398 2670 νῦν
1426 2629 1470 2669 ἐν
1495 2643 1550 2683 τῖ’)

81 2703 233 2746 καμπῳ
261 2689 367 2743 νπὲρ
398 2691 474 2744 τῆς
500 2692 577 2732 τοῦ
606 2689 711 2732 θεοῦ
736 2690 1051 2742 μακροθυμίας
1108 2690 1180 2728 Ιιοσ
1207 2701 1313 2726 anno
1343 2686 1428 2725 CP.
1459 2700 1550 2724 ma-

82 2752 204 2799 gnam
231 2747 365 2789 labem
395 2748 547 2803 accepit
574 2761 632 2789 cx
658 2757 787 2789 terrae
819 2756 940 2797 mota,
972 2760 1100 2786 mense
1131 2743 1306 2783 Ianuar
1287 2756 1341 2794 ιο,
1371 2750 1486 2783 sexto
1516 2750 1554 2780 ec
