1768 3268
612 224 683 264 EX
725 221 1021 266 SYNCELLO.
1493 213 1557 261 35
1598 233 1601 236 ⁴

187 338 339 380 Mundi
364 352 474 379 anno
505 334 631 390 5744,
661 338 828 380 divinae
860 336 1160 378 incarnationis
1190 349 1302 376 anno
1332 331 1430 386 244,
1459 333 1561 374 Ori0
1575 343 1612 379 P·
1630 329 1701 368 684
1731 333 1768 368 2(

77 411 199 451 genes
228 396 432 452 gloriatus
477 396 848 436 circumventionis
882 410 980 435 suae
1010 394 1149 434 verbis
1180 399 1222 433 et
1249 392 1471 447 gentilibus
1499 391 1565 431 fa..

77 454 185 494 bulis
216 458 374 493 tantam
416 453 552 493 amisit
580 466 810 504 coronam,
849 467 935 492 non
970 457 1155 505 propter
1182 450 1371 503 inopiam
1401 449 1567 490 divinae

76 509 291 559 honitatis,
320 510 391 550 sed
418 515 603 564 propter
627 510 856 563 superbum
879 516 922 549 et
940 507 1140 547 suasionis
1159 506 1367 561 propriae
1385 520 1564 546 sensnm.
1581 518 1617 553 p·
1630 507 1704 543 685

76 581 227 608 verum
250 568 325 607 ista
345 566 527 607 Eusebio
547 566 802 606 Caesariensi
836 579 920 605 non
953 565 1010 604 ita
1038 578 1121 605 esse
1149 564 1365 614 videntur,
1395 564 1469 617 qui
1499 562 1571 602 ni-

76 625 235 664 mirum
261 623 471 664 maiorem
498 624 692 664 omnibus
731 623 880 662 sanctis
924 628 1054 677 atque
1092 621 1298 675 magistris
1330 634 1426 660 eum
1455 620 1573 659 exhi-

80 682 185 722 bere
213 681 423 729 festinans,
457 681 497 721 iu
525 685 640 720 sexto
672 679 976 720 ecclesiasticae
1011 678 1211 718 historiae
1237 691 1336 717 suae
1365 690 1572 728 sermone,

82 739 224 778 favens
249 738 303 789 ei,
330 737 471 777 multis
499 736 612 777 hunc
644 737 838 777 laudibus
869 735 1029 786 extulit,
1065 735 1249 775 nesciens
1277 748 1386 789 quae
1412 732 1575 774 diceret

81 795 147 836 vel
180 795 233 835 de
261 795 414 850 quibus
445 793 687 834 affirmaret.
748 793 868 833 nimis
899 793 1011 833 enim
1040 804 1279 846 paucorum
1308 795 1574 830 sacratorum

82 857 127 892 et
157 851 492 892 beatissimorum
524 857 725 905 patrum,
764 850 837 905 qui
866 863 946 903 per
988 847 1097 888 idem
1127 854 1290 902 tempus
1321 846 1575 896 effulserant,

81 921 265 959 memor,
292 908 336 949 id
362 913 424 949 est
446 908 671 949 Clementis
695 906 979 956 Alexandrini,
1010 906 1233 961 Hippolyti
1273 903 1503 944 sacerdotis
1534 909 1578 943 et

83 965 308 1021 martyris,
338 965 527 1005 Africani
568 964 759 1004 historici
805 971 847 1005 et
890 962 1027 1016 magni
1058 962 1248 1017 Dionysii
1290 960 1578 1012 Alexandrini,

82 1036 248 1062 necnon
277 1027 321 1063 et
348 1021 548 1073 aliorum,
577 1021 711 1061 solum
733 1021 854 1061 huius
874 1034 978 1060 vana
1006 1019 1220 1060 sentientis
1244 1018 1439 1073 origenis
1468 1031 1580 1072 pro-

80 1084 263 1130 vectum,
291 1092 420 1135 quem
450 1094 472 1118 a
503 1092 640 1133 puero
679 1079 922 1119 subsecutus
954 1082 1039 1127 est,
1069 1076 1308 1130 praeconiis
1341 1075 1479 1124 effert,
1507 1088 1578 1113 us..

82 1150 256 1192 queque
291 1136 353 1177 ad
383 1134 581 1192 martyrii
612 1134 796 1189 palmam
811 1141 1018 1175 venturus
1035 1132 1277 1173 subcubuit.
1335 1137 1378 1172 et
1407 1131 1580 1196 quidem

81 1206 212 1247 super
241 1192 432 1233 Fabiano
464 1192 744 1232 sacratissimo
774 1194 963 1247 martyre
994 1204 1044 1230 ac
1063 1190 1256 1230 Romano
1290 1189 1478 1229 antistite
1509 1202 1581 1229 seu

82 1249 243 1305 Babyla
273 1247 539 1290 Antiocheno
583 1254 626 1290 et
654 1249 891 1289 Alexandro
922 1246 1311 1302 Hierosolymitano
1355 1245 1580 1300 perpaucis

84 1307 222 1347 verbis
252 1305 472 1347 historiam
501 1305 656 1346 texuit:
687 1312 730 1346 at
761 1305 835 1346 ubi
866 1304 919 1345 ad
941 1304 1081 1344 virum
1109 1303 1172 1343 sui
1201 1317 1339 1344 sensus
1369 1302 1580 1357 pervenit,

84 1363 128 1403 id
160 1368 221 1403 est
248 1362 303 1403 ad
333 1362 576 1417 Origenem,
605 1361 799 1416 pluribus
829 1362 942 1402 hunc
987 1360 1179 1401 laudibus
1218 1366 1262 1401 et
1290 1360 1407 1400 miris
1437 1359 1579 1400 decla-

82 1419 344 1460 mationibus
373 1419 535 1460 extulit.
596 1433 745 1460 verum
789 1418 980 1474 quamvis
1012 1417 1214 1457 Eusebius
1253 1416 1445 1471 plurimis
1478 1416 1706 1466 Ori-pose
1738 1417 1768 1453 1(

82 1477 198 1532 genis
227 1475 344 1531 impii
370 1476 608 1530 praeconiis
640 1489 732 1516 usus
763 1476 922 1524 fuerit,
955 1474 1044 1513 sine
1073 1474 1283 1528 martyrio
1318 1481 1456 1515 tamen
1482 1487 1579 1527 pas-

85 1535 247 1575 sionem
273 1536 359 1574 eius
404 1533 581 1588 reliquit
626 1539 668 1573 et
698 1546 866 1572 cursum
909 1532 1302 1570 inconsummatum.
1362 1531 1434 1585 qui
1469 1530 1581 1570 enim

83 1590 418 1645 perseveraverit
447 1604 578 1646 usque
607 1589 648 1628 in
672 1590 823 1639 finem,
855 1589 914 1628 ait
955 1587 1162 1637 dominus,
1202 1588 1334 1627 salvus
1368 1587 1463 1637 erit,
1497 1602 1583 1626 non

86 1648 160 1703 qui
188 1648 355 1702 patitur
393 1652 436 1687 et.
479 1646 668 1686 lassescit.
728 1646 859 1686 insert
899 1651 1039 1685 autem
1067 1644 1269 1684 Eusebius
1302 1651 1344 1684 et
1374 1642 1426 1683 de
1454 1644 1582 1684 beato

86 1705 295 1760 Dionysio
327 1703 528 1758 episcopo
561 1703 843 1744 Alexandrino
874 1702 1188 1752 testimonium,
1235 1701 1410 1755 Origeni
1447 1708 1489 1740 et
1517 1715 1583 1739 so-

87 1761 162 1801 ciis
195 1762 279 1802 eius
309 1761 489 1817 gratiam
522 1766 749 1815 praestauS,
782 1760 977 1815 quatinus
1008 1773 1093 1798 non
1115 1763 1322 1812 appareat
1351 1758 1464 1798 solus
1478 1757 1583 1797 Ori-

86 1832 209 1872 genes
243 1819 284 1858 in
313 1818 520 1873 martyrio
551 1817 758 1869 defecisse,
789 1818 860 1857 sed
892 1815 1051 1856 habere
1073 1815 1269 1856 videatur
1289 1820 1332 1855 et
1356 1814 1458 1855 alios
1486 1829 1583 1855 suae

84 1875 331 1916 defectionis
358 1875 602 1929 participes.

199 1949 429 1989 Praeterea
459 1963 540 2003 per
567 1947 673 1987 haec
706 1954 900 2002 tempora
918 1948 1104 1987 Novatus
1122 1945 1414 1986 Romanorum
1442 1945 1576 1985 ecclc-
1591 1962 1624 1996 p.
1642 1951 1713 1987 696

83 2005 166 2046 siae
198 2006 435 2062 presbyter,
466 2006 759 2060 episcopatum
779 2004 952 2060 indigne
973 2002 1211 2043 desiderans
1234 2009 1278 2043 et
1299 2016 1472 2056 compos
1495 2003 1576 2042 mi-

86 2064 197 2103 nime
228 2063 374 2113 factus,
403 2061 599 2119 eo‘quod
620 2077 748 2116 super
780 2061 867 2101 aliis
896 2060 1178 2116 pravitatibus
1211 2065 1253 2099 et
1271 2059 1448 2099 maxime
1478 2074 1577 2098 ava-

85 2119 211 2160 ritiae
239 2119 420 2160 tumoris
458 2134 507 2159 ac
538 2120 694 2159 amoris
725 2119 882 2173 privati
924 2117 1032 2157 vitiis
1063 2116 1345 2170 deprehensus
1378 2116 1578 2165 extiterit,

84 2190 172 2216 sese
202 2176 254 2216 ab
284 2176 455 2218 ecclesia
484 2176 712 2231 separavit,
741 2175 818 2214 sub
848 2175 1027 2214 obtentu
1049 2174 1164 2230 quasi
1195 2187 1345 2213 eorum
1366 2173 1438 2228 qui
1458 2173 1578 2213 Decii

85 2237 286 2287 tempore
328 2234 371 2273 in
414 2234 712 2288 persecutione
753 2233 1075 2271 immolaverant
1099 2236 1142 2271 et
1168 2244 1247 2284 per
1272 2230 1580 2284 poenitentiam

85 2289 127 2329 in
158 2291 500 2330 communionem
525 2291 575 2330 ab
606 2289 777 2330 ecclesia
805 2296 902 2328 sunt
923 2287 1106 2342 recepti3
1134 2293 1372 2342 auctorque
1401 2300 1449 2326 ac
1479 2285 1579 2326 hae-

86 2346 315 2388 resiarches
344 2360 495 2387 eorum
525 2347 597 2403 qui
625 2362 669 2386 se
701 2346 879 2386 mundos
911 2360 988 2399 per
1005 2344 1245 2399 superbiam
1276 2343 1578 2397 nuncupabant

85 2418 307 2458 apparens,
338 2419 421 2444 una
452 2418 547 2444 cum
578 2404 673 2458 ipsis
707 2402 847 2457 pulsus
878 2410 938 2442 est
958 2401 1011 2442 de
1029 2400 1224 2456 paradiso
1255 2400 1450 2440 ecclesiae
1478 2414 1576 2439 sen-

86 2461 219 2502 tentia
241 2466 412 2515 patrum
442 2467 686 2501 sanctorum
707 2459 1002 2515 quadraginta,
1035 2459 1109 2514 qui
1128 2458 1330 2514 synodice
1362 2471 1575 2497 convene-

85 2524 189 2558 runt
216 2517 257 2558 in
290 2518 395 2558 urbe
426 2519 576 2570 Roma,
605 2532 688 2557 una
716 2531 812 2556 eum
842 2516 1032 2570 pluribus
1061 2515 1318 2571 presbyteris
1350 2519 1392 2553 et
1425 2513 1573 2553 diaco-

85 2573 222 2625 nibus,
256 2574 329 2630 qui
359 2574 518 2615 scilicet
557 2573 752 2614 abdicato
786 2587 838 2614 eo
883 2587 966 2612 una
996 2587 1092 2612 cum
1126 2570 1359 2612 inhumanis
1392 2585 1571 2610 consen-

84 2630 217 2672 taneis
242 2631 445 2672 fratribus
464 2661 475 2681 ,
522 2631 597 2686 qui
625 2630 730 2685 lapsi
760 2630 941 2680 fuerant,
970 2644 1051 2684 per
1081 2628 1388 2683 poenitentiam
1418 2626 1704 2683 suscipip,(397

85 2685 380 2728 decreverunt.
437 2701 572 2742 porro
604 2693 725 2728 tanto
756 2686 938 2727 concilio
962 2687 1182 2727 Cornelius
1200 2686 1411 2724 Romanae
1440 2699 1571 2738 prae-
1638 2704 1652 2719 ο

86 2742 169 2784 fuit
195 2745 362 2798 praesul
391 2745 606 2792 ccclesiae;
640 2745 713 2799 qui
729 2744 856 2785 etiam
876 2743 1023 2783 scribit
1052 2742 1103 2782 ad
1117 2741 1295 2782 Fabium
1326 2741 1570 2796 episcopum

0 2813 2 2822 ¹
28 2804 29 2809 ’
86 2800 401 2841 Antiochenum
438 2808 526 2842 tam
569 2816 677 2856 quae
705 2800 866 2857 synodo
896 2800 1124 2855 placuere,
1157 2813 1281 2853 quam
1311 2812 1491 2852 proprie
1520 2797 1572 2837 de

31 2856 35 2859 ’
87 2857 275 2914 malignis
304 2858 462 2900 Novati
487 2858 733 2910 actionibus,
764 2857 905 2898 dicens
935 2858 1036 2896 “scis
1067 2861 1207 2896 autem
1240 2855 1358 2910 quod
1388 2856 1439 2896 ab
1471 2855 1570 2895 olim
