1728 3184
184 148 281 200 744

231 266 379 300 inscribi
403 277 441 300 se
458 266 614 312 imperat
628 267 722 302 ib.7.
748 279 792 301 ex
820 278 887 302 suo

230 315 380 348 nomine
415 314 566 349 cohorte
601 315 773 350 instituta
809 315 887 349 eius

231 362 323 396 duce
355 363 532 396 Mauricio
557 364 681 397 Persas
705 363 821 398 vincit
834 363 886 397 ih.

232 412 285 445 13.
327 411 501 445 Mauricio
530 412 627 446 locat
651 412 763 446 filiam
791 411 888 446 Con·

230 460 445 502 stantinam3
471 470 513 493 ac
526 460 782 505 imperatorem
794 472 886 495 con-

230 508 349 542 stituit
373 506 454 549 388,
477 507 512 541 3.
541 508 596 542 12.

181 554 352 590 'l'iberius
386 556 591 590 Iustiniana
623 567 668 590 ex
691 553 887 590 Theodora

231 604 270 638 in
305 603 476 638 Chazaria
511 610 619 639 natus
656 603 739 646 575,
769 603 801 639 7.
865 617 886 638 a

230 651 508 686 Blachernai-um
533 653 641 687 altari
669 652 816 686 avulsus
847 658 887 687 ut

230 701 308 734 ovis
333 701 518 746 iugulatus
547 701 630 743 582,
658 699 714 735 16.

182 747 322 782 Tiberii
347 749 537 783 Iustiniani
548 749 616 783 filii
639 749 791 784 nomine
816 750 886 782 im-

229 802 356 843 postor
382 797 635 841 Pergamenus,
657 797 757 844 regio
785 798 886 832 cultu

229 845 416 880 traductus
439 845 522 889 632,
549 846 605 880 16.

181 893 352 929 Tiberius
391 894 626 937 Constantem
670 899 808 939 patrem
847 895 886 928 in

229 942 392 976 Siciliam
429 944 535 989 sequi
562 941 770 988 prohibitus
804 941 887 984 532,

231 990 285 1024 10.
311 991 455 1037 imperii
481 991 620 1036 collega
647 1002 668 1024 a
691 992 801 1025 fratre
827 1003 886 1025 as-

228 1040 334 1081 citus,
362 1046 511 1087 tumque
524 1039 673 1074 naribus
697 1039 886 1074 mutilatus

230 1087 312 1129 538,
336 1086 396 1121 20.

179 1134 362 1170 Timocles
379 1136 411 1170 T
415 1136 640 1183 ropariorum
665 1135 886 1183 compositor

229 1184 310 1226 177,
341 1184 396 1218 11.

178 1232 210 1266 T
215 1233 422 1267 imostratus
448 1231 522 1266 dux
533 1231 669 1267 Cellori
688 1230 886 1277 adiunctus

227 1281 310 1323 227,
341 1279 396 1315 19.

178 1329 398 1364 Timotheus
437 1327 706 1364 Alexandrinus
740 1329 886 1376 episco-

225 1390 293 1425 pus
320 1377 416 1412 Petri
443 1378 556 1412 frater
584 1376 661 1418 104,
687 1377 723 1412 8.
772 1378 884 1411 mori-

225 1433 286 1460 tur
317 1437 523 1461 successore
558 1425 773 1474 Theophilo
806 1425 885 1468 110,

178 1522 395 1558 Timotheus
413 1523 567 1558 Aelurus
593 1523 755 1558 Proterio
780 1533 888 1569 prae-

225 1571 342 1618 stigiis
368 1573 486 1607 eiecto
505 1571 629 1606 sedem
652 1571 795 1606 invadit
806 1571 887 1613 170,

225 1619 261 1653 8.
314 1621 395 1667 ipso
422 1621 482 1654 die
516 1620 700 1667 paschatis
728 1620 886 1655 eundem

226 1669 264 1702 in
301 1668 518 1717 baptisterio
555 1669 691 1704 occidit
728 1669 821 1711 171,
849 1668 884 1703 9·

225 1717 303 1751 eius
338 1729 445 1752 causa
472 1718 736 1764 >episcoporum
761 1717 886 1763 cogni-

226 1766 318 1799 tioni
345 1773 525 1801 reservata
553 1767 632 1809 172,
663 1766 717 1801 13.
742 1766 889 1812 procla-

228 1820 344 1849 matus
396 1815 630 1857 haereticus,
668 1827 709 1849 ac
733 1815 887 1849 Proterii

226 1864 325 1897 necis
339 1874 419 1897 reus
432 1864 606 1909 Gangras,
618 1870 766 1910 tumque
775 1863 888 1897 Cher·

227 1923 353 1945 sonam
383 1912 564 1957 relegatus
594 1911 673 1955 173,
702 1912 755 1946 10.
786 1912 887 1946 Basi-

227 1959 308 1993 lisci
333 1959 480 1994 decreto
510 1960 712 2002 restitutus,
740 1972 888 1994 suorum

226 2008 388 2054 tripudio
408 2009 590 2055 excipitur
610 2008 690 2052 187,
717 2008 750 2042 3.
777 2009 885 2042 Mon-

179 2068 362 2139 ›1135ss?
364 2068 404 2140 ἵζ’
407 2057 702 2140 ’ω’ῗωἭζῗὶι
720 2057 800 2139 ¹⁹24’
819 2056 885 2139 ἐξ·

357 2118 378 2139 u
462 2118 481 2139 u
659 2118 678 2139 e
707 2118 754 2139 on
773 2118 794 2139 o
875 2130 886 2139 .

227 2154 420 2200 episcopus
432 2117 522 2196 Ι240,
539 2151 573 2187 4.
598 2165 800 2199 cognomen
826 2154 889 2187 Li-

228 2201 392 2236 trobules
417 2208 455 2236 et
482 2202 637 2237 Celones
662 2202 713 2236 ib.
738 2202 772 2236 5.
824 2202 886 2235 Io-

228 2251 333 2284 annis
346 2251 519 2285 Nicaetae
543 2262 679 2285 nomen
703 2250 740 2284 in
767 2251 885 2284 eccle·

229 2299 302 2332 siae
330 2299 475 2333 tabulas
507 2299 640 2346 recipit
668 2298 720 2333 ib.
748 2299 779 2332 7.
807 2299 887 2332 eius

158 2377 172 2392 ,
227 2347 423 2391 synodales
451 2359 526 2381 non
552 2359 677 2382 omnes
703 2347 888 2391 recipiunt

227 2394 311 2436 242,
342 2396 398 2430 17.
425 2396 547 2430 Severi
566 2408 699 2430 nomen
726 2396 887 2441 recipere
909 2391 918 2400 ’

227 2445 267 2478 in
303 2444 478 2478 ecclesiae
524 2444 669 2478 tabulas
713 2444 887 2489 prohibet

228 2493 386 2538 populus
403 2493 486 2534 243,
511 2493 544 2528 2.
572 2494 671 2528 missi
696 2495 774 2528 eius
798 2492 887 2526 Ale-

227 2540 402 2575 xandriae
443 2541 621 2587 synodum
658 2554 677 2576 e
714 2546 886 2587 suggestu

227 2589 460 2634 proscribunt
484 2590 599 2625 ib.17.
628 2591 709 2625 ficte
735 2589 887 2625 anathe-

228 2649 285 2671 ma
331 2637 420 2672 dicit
453 2650 528 2672 non
569 2639 763 2685 recipienti
801 2650 887 2682 syn-

228 2684 474 2727 odu1n244‚2.
501 2688 688 2734 trisagium
715 2687 885 2731 hymnum

227 2745 309 2767 eum
339 2734 590 2772 additamento
615 2736 754 2772 cantari
777 2747 887 2783 prae-

229 2783 319 2828 cipit
344 2782 426 2824 245,
458 2784 514 2818 15.

183 2830 398 2867 Timotheus
424 2832 586 2877 Leucus,
627 2834 690 2881 qui
722 2839 758 2868 et
783 2832 887 2869 Salo-

796 175 799 177 ·
827 157 991 200 INDEX

1006 265 1198 312 phaciolus
1227 263 1352 299 Aeluri
1384 276 1570 300 successor
1610 265 1666 298 vir

1003 312 1203 348 catholicus
1236 313 1314 354 173,
1332 313 1387 347 13.
1409 312 1574 348 Basilisci
1601 311 1665 346 de-

1004 367 1104 397 creto
1141 361 1312 396 restituto
1348 362 1484 397 Aeluro
1519 362 1557 395 in
1581 372 1662 395 mo-

1003 410 1202 445 nasterium
1229 409 1323 454 fugit
1349 409 1431 452 187,
1453 409 1490 444 3.
1537 410 1578 444 in
1604 421 1666 442 se-

1005 458 1087 492 dem
1116 458 1321 494 restituitur
1355 458 1436 502 194,
1463 457 1518 492 15.
1567 457 1664 491 diem

1003 506 1085 541 obit
1110 505 1191 549 199,
1221 507 1277 542 11.

954 554 1171 590 Timotheus
1231 555 1390 590 Dalmati
1451 554 1663 589 monasterii

1003 602 1548 650 praepositus,monasteriorum
1559 614 1665 650 prae-

1003 651 1120 686 fectus
1143 652 1226 694 357,
1250 652 1285 687 8.

954 698 1136 734 Tiridates
1175 713 1236 735 rex
1265 701 1443 736 Armenes
1477 699 1524 734 ad
1553 698 1663 734 fidem

1001 749 1187 783 convertit
1212 749 1272 790 35,
1304 749 1360 783 12.
1529 780 1534 787 .

954 795 1079 831 Totila
1108 797 1328 832 Gotthorum
1362 808 1425 832 rex
1455 807 1476 831 a
1511 796 1663 832 Narsete

1001 845 1141 879 occisus
1169 844 1253 887 354,
1285 846 1319 880 5.

952 892 1104 928 Traiani
1124 894 1268 941 patricii
1280 894 1393 929 citata
1413 891 1567 928 historia
1583 893 1664 935 103,

953 989 1104 1024 Traiani
1130 990 1187 1024 via
1205 1000 1346 1037 aspera,
1367 993 1405 1023 et
1415 987 1571 1023 difficilis
1581 986 1664 1030 436,

953 1087 1133 1123 Traianus
1171 1085 1338 1121 Valentis
1362 1084 1437 1119 dux
1466 1096 1487 1118 a
1514 1083 1664 1119 Gotthis

1002 1141 1194 1182 superatus
1221 1134 1290 1177 97,
1325 1133 1382 1169 16.
1429 1133 1468 1168 in
1494 1132 1663 1168 Valentis

1000 1185 1228 1231 impietatem
1243 1188 1426 1229 acceptam
1442 1180 1584 1216 cladem
1605 1193 1662 1216 re-

1001 1231 1125 1266 fundit
1146 1231 1197 1266 ib.
1229 1232 1285 1268 17.

951 1280 984 1315 T
985 1279 1215 1315 rasimundus
1246 1291 1309 1314 rex
1319 1277 1507 1312 Vandalus
1534 1277 1664 1312 tantis·

1001 1341 1066 1375 per
1103 1328 1229 1363 mitior
1274 1326 1487 1362 orthodoxis
1512 1325 1601 1366 288,
1628 1326 1663 1360 5.

999 1376 1224 1413 Theuderici
1263 1387 1424 1410 sororem
1461 1373 1664 1420 Mala-phri-

1002 1426 1086 1460 dam
1114 1436 1261 1459 uxorem
1286 1425 1419 1470 accipit
1434 1421 1663 1457 ib.11.Ana-

1001 1475 1112 1509 stasio
1139 1473 1299 1508 amicitia
1322 1473 1484 1518 iungitur
1503 1471 1552 1505 ih.
1579 1470 1634 1505 18.

953 1523 1132 1559 'rudunus
1161 1522 1347 1556 Chersone
1382 1520 1590 1567 praefectus
1617 1519 1664 1559 li·

1003 1583 1097 1617 gneo
1121 1583 1207 1606 veru
1231 1569 1376 1605 suffixus
1402 1568 1483 1610 578,
1512 1567 1565 1603 16.

953 1619 1118 1654 Turbula
1145 1619 1333 1664 Symeouis
1359 1628 1460 1652 soror
1481 1617 1520 1651 in
1543 1616 1662 1652 Persi-

1002 1668 1048 1703 de
1071 1674 1207 1713 martyr
1232 1667 1291 1708 37,
1316 1666 1350 1700 3.

953 1717 1087 1760 Turci,
1113 1718 1185 1763 ipsi
1212 1715 1308 1750 Unni
1336 1714 1418 1756 378,
1448 1713 1504 1748 19.

954 1767 1078 1809 Turci,
1103 1766 1167 1813 qui
1196 1771 1233 1800 et
1249 1763 1400 1798 Chazari
1427 1761 1598 1796 Heraclio
1622 1760 1662 1795 in

1000 1817 1122 1851 Persas
1146 1812 1307 1847 adiuncti
1333 1810 1416 1850 487,
1447 1808 1503 1844 14.
1560 1821 1661 1843 rece-

1001 1863 1096 1898 dunt
1120 1861 1357 1908 impatientes
1375 1859 1511 1893 laboris
1537 1858 1588 1892 ib.
1603 1857 1660 1891 17.

1000 1912 1115 1959 portis
1136 1910 1274 1953 Caspiis
1301 1909 1434 1952 egressi
1455 1908 1661 1942 Armeniam

1000 1964 1143 1995 vastant
1166 1958 1248 1999 486,
1267 1956 1291 1990 4
1328 1957 1456 1991 iterata
1483 1955 1661 2002 irruptio-

998 2021 1047 2042 ne
1093 2020 1176 2042 cum
1212 2005 1395 2042 Arabibus
1448 2004 1662 2051 depugnant

999 2057 1082 2100 490,
1111 2057 1166 2091 12.

951 2107 1079 2150 Tyana
1109 2110 1226 2152 capta,
1254 2108 1291 2138 et
1315 2103 1477 2138 desolata
1502 2100 1585 2142 576,
1603 2100 1659 2134 19.

951 2157 1144 2199 Tyrannus
1173 2152 1391 2188 Antiochiae
1418 2151 1614 2198 episcopus
1626 2149 1661 2191 7,

952 2252 1303 2287 Tzat1111s1,azorum
1324 2260 1386 2283 rex
1408 2247 1456 2282 ad
1480 2247 1660 2281 Iustinum

1000 2301 1112 2341 venit,
1139 2299 1334 2344 baptisma,
1362 2307 1588 2342 regnumque
1614 2294 1660 2328 ab

1001 2362 1043 2383 eo
1064 2354 1279 2395 accepturus
1306 2346 1389 2387 259,
1414 2346 1448 2380 9.
1475 2344 1662 2378 Valeriam

1000 2398 1106 2432 Homi
1123 2396 1271 2444 patricii
1288 2396 1400 2430 filiam
1418 2405 1566 2428 uxorem
1593 2392 1662 2426 du-

1001 2448 1050 2480 cit
1074 2446 1124 2480 ib.
1154 2445 1208 2478 17.
1235 2445 1424 2479 Persarum
1450 2454 1532 2488 rege
1559 2441 1660 2475 bello

1001 2496 1227 2532 lacessente,
1280 2493 1504 2527 lastinianus
1546 2489 1662 2536 copiis

999 2544 1101 2578 iuvat
1124 2542 1206 2583 267,
1238 2541 1292 2575 17.

952 2593 1111 2627 Tzatzon
1143 2591 1336 2625 Gelimeris
1365 2589 1478 2624 frater
1497 2588 1660 2630 Gogdam

998 2641 1038 2676 in
1063 2640 1232 2674 Sardinia
1250 2639 1397 2674 conficit
1423 2637 1576 2679 292,18.
1602 2648 1661 2669 re-

1001 2695 1150 2724 vocatus
1175 2700 1194 2721 a
1210 2689 1334 2729 fratre,
1361 2699 1443 2721 cum
1468 2699 1511 2721 eo
1536 2685 1660 2731 copias

1001 2738 1121 2782 iungit
1145 2736 1228 2777 301,
1259 2737 1313 2770 17.
1360 2737 1474 2782 prima
1506 2735 1659 2780 impres-

999 2787 1102 2819 sione
1114 2787 1240 2823 victor,
1256 2797 1338 2818 mox
1353 2788 1518 2818 conserta
1538 2792 1660 2828 pugna

1002 2834 1186 2869 occumbit
1224 2833 1322 2876 303,
1364 2832 1398 2867 8.
1435 2836 1548 2878 caput
1581 2830 1660 2865 eius
