1728 3184
709 191 909 233 ΝοΤΑΕ.
1436 183 1535 234 423

70 312 230 353 teu-ham
260 311 520 353 Praesentem
538 341 552 363 ‚
582 324 692 368 quae
733 325 820 352 voa:
859 312 1008 352 Latmo
1045 311 1251 369 signficat
1288 314 1538 354 adstantem.-

64 368 319 423 praesentem
350 369 459 408 enim
493 383 575 409 esse
589 399 603 418 ,
643 367 804 407 adstare
834 368 990 417 ναίεις
1020 369 1128 424 quod
1152 379 1259 410 terra
1285 372 1423 410 virens
1450 384 1540 408 cum

73 424 302 466 nemonbus
328 439 489 480 semper
523 423 642 465 nobis
668 423 800 474 adsit,
831 431 871 464 et
893 425 1103 479 persistat.
1165 425 1369 467 Venetam
1396 426 1540 480 appel-

66 481 189 532 lavit,
214 477 333 535 quod
360 479 515 520 Veneta
537 481 752 535 provincia
787 480 963 520 subzecta
1002 481 1053 519 szt
1080 481 1249 531 Romae,
1284 483 1397 521 cuius
1421 489 1543 536 caput

66 545 127 576 est
151 535 364 590 Aquileia,
392 536 467 576 ubi
493 537 668 576 menelei
695 537 905 588 tinguntur·
925 538 1080 592 panni,
1110 545 1151 576 et
1173 538 1426 590 coniungitur
1451 552 1540 578 cum

65 591 253 633 prasina
274 593 499 644 factione,
526 593 603 632 hoc
640 600 719 640 est,
749 601 879 631 terra.
954 593 1159 633 Albatam
1195 594 1287 632 aen·
1315 594 1540 645 assignant,

64 648 182 744 quod
203 649 348 702 irriget
374 657 533 702 terram,
557 661 612 688 ac
638 648 764 688 eidem
794 648 1036 699 subserviat,
1061 658 1101 688 et
1127 658 1368 704 opportunus
1397 663 1472 688 aer·
1487 650 1545 705 fit

135 705 381 754 .sactioni
410 704 595 744 Venetae
622 703 814 758 Neptuno
854 718 1026 756 sacrae,
1054 705 1267 744 Russaaam
1294 706 1540 759 assignavit,

63 774 168 814 quae
190 761 324 813 ignem
354 761 506 811 refert3
536 774 586 800 eo
614 760 725 815 quod
750 775 864 815 aqua
891 774 1030 801 aerem
1071 761 1150 801 sibi
1185 761 1401 801 subiectum
1428 763 1543 816 quasi

64 816 215 856 deleat.
249 825 445 859 ceterum
476 817 657 856 Romani
694 817 767 855 Ιιοε
807 817 929 856 modo
971 818 1015 857 in
1027 818 1235 882 factiones
1262 817 1422 856 dissecti
1442 831 1543 871 pro-

59 880 158 926 pter
184 870 357 912 dissz'dia
377 873 575 928 partium,
605 872 702 911 dum
731 874 899 927 quisque
924 886 1018 913 eam
1040 874 1171 927 cupiit
1195 875 1440 928 superiorem
1464 872 1542 926 sa-

70 928 265 980 mih'am,
290 928 359 968 cui
399 929 485 984 ipse
514 930 701 969 maxime
713 929 924 980 fizvebat,
965 931 1149 983 graviter
1175 931 1279 969 inter
1304 945 1345 969 se
1371 929 1542 969 disside-

64 983 187 1035 bant3
224 958 340 1041 qiwd
372 986 536 1040 quisque
559 999 637 1040 pro
666 999 740 1024 sua
757 986 949 1035 factione
966 1015 978 1036 ,
1017 987 1128 1025 velut
1162 1000 1239 1040 pro
1266 987 1350 1024 aris
1376 995 1414 1025 et
1430 983 1544 1039 focis

61 1049 364 1095 propugnaret.
424 1041 525 1080 odia
552 1042 677 1094 igitur
704 1043 891 1080 intestma
920 1050 959 1081 et
981 1040 1154 1081 dissidia
1171 1044 1415 1095 gravzssima
1442 1043 1547 1081 mter

51 1097 265 1152 sactiones
290 1099 334 1137 in
362 1096 462 1136 urbe
488 1097 706 1137 extabant.
777 1097 880 1137 haec
922 1097 1155 1138 chronicon
1189 1098 1541 1137 Alexandrinum:

67 1166 117 1192 ex
148 1167 235 1207 quo
264 1154 295 1192 si
338 1153 528 1206 partibus
559 1153 600 1192 in
629 1154 711 1194 suis
755 1154 947 1194 omnibus
977 1168 1121 1194 veram
1151 1168 1235 1193 non
1265 1161 1379 1194 tenes
1411 1153 1543 1194 histo·

68 1208 204 1258 riam,
245 1209 422 1249 aliarum
447 1209 593 1249 saltem
639 1215 834 1264 apertum
867 1224 1028 1250 sensum
1069 1216 1111 1252 et
1139 1211 1275 1251 lucem
1304 1225 1350 1250 ex
1380 1225 1429 1250 eo
1457 1224 1541 1250 uon

68 1265 290 1305 obscuram
318 1266 541 1319 percipies.
585 1264 799 1334 quodque
819 1267 1120 1320 Theophanem
1148 1272 1323 1332 spectat,
1353 1267 1394 1306 in
1427 1267 1543 1306 cuius

67 1321 249 1362 lectione
275 1335 398 1361 voces
428 1323 530 1362 istae
558 1315 669 1369 οἶκος
706 1322 751 1363 ἐν
774 1318 1055 1386 ἱπποδρόμω,
1100 1320 1306 1363 nazarum
1333 1318 1544 1373 ἱπποδρό-

64 1389 164 1430 μου,
193 1377 357 1432 πέλμα,
387 1390 584 1431 ευριπος,
611 1375 834 1431 καμπτήρ,
867 1357 1105 1433 σφειδόιῖη,
1134 1378 1314 1425 deinum,
1346 1379 1543 1429 σπαθίον,

65 1439 110 1474 et
135 1433 241 1475 aliae
267 1433 455 1474 nonnihil
481 1434 665 1474 animum
694 1435 893 1475 cohibere
925 1443 1114 1488 possent.
1146 1450 1192 1475 ex
1222 1435 1283 1474 his
1304 1435 1445 1482 babes,
1478 1431 1543 1473 οἴ-

65 1503 164 1537 κους
191 1486 460 1543 ἱπποδρόμου
478 1521 490 1541 ,
537 1491 670 1544 regias
717 1490 835 1531 aedes
866 1491 918 1531 ad
948 1491 1233 1545 Hippodromi
1261 1491 1391 1531 latera
1423 1491 1543 1529 fuisse

64 1545 308 1588 duodecim.
338 1552 571 1586 occurrunt
601 1561 743 1586 earum
763 1548 931 1586 nomina
948 1548 1148 1602 pleraque
1167 1555 1258 1588 tum
1291 1547 1333 1587 iu
1364 1547 1538 1587 historia

67 1610 224 1655 nostra,
253 1609 344 1644 tum
370 1602 412 1643 in
442 1603 769 1668 originibusCP.
808 1618 831 1643 a
860 1603 1045 1657 lectore,
1073 1604 1105 1643 si
1137 1604 1291 1652 lubeat,
1324 1604 1537 1644 adeundis.

61 1658 204 1710 πέλμα
236 1665 400 1700 constat
429 1673 512 1699 esse
539 1659 641 1699 circi
671 1674 835 1710 aream,
866 1667 908 1700 et
942 1675 1027 1715 quo
1059 1659 1316 1710 decurritur,
1345 1661 1538 1714 spatium,

61 1714 149 1756 sive
187 1716 347 1756 solum:
383 1715 487 1755 Euri
478 1730 567 1769 pus
598 1716 717 1756 fovea
749 1722 808 1756 est
837 1716 975 1757 medio
1015 1717 1152 1771 spatio
1182 1718 1377 1771 praefato
1406 1731 1539 1770 aquae

61 1771 353 1824 continendae,
393 1777 436 1812 et
465 1771 733 1813 naumachiae
775 1771 1051 1813 celebrandae
1091 1772 1322 1814 destinata.
1352 1772 1539 1812 latitudi-

63 1841 158 1867 nem
185 1829 271 1869 eius
313 1835 356 1869 et
395 1829 726 1882 profunditatem
747 1830 948 1870 describit
982 1829 1166 1870 Thomas
1191 1831 1417 1883 Dempstci
1421 1844 1465 1868 us
1496 1830 1537 1868 iu

60 1884 259 1924 Romanis
305 1885 651 1940 antiquitatibus,
691 1886 765 1926 ubi
793 1886 846 1926 de
875 1886 1008 1926 circo.
1083 1884 1288 1936 καμπιόν,
1319 1885 1405 1925 sive
1428 1899 1540 1935 καμ-

62 1940 200 1993 πτῆρα
227 1955 415 1981 carceres
444 1955 467 1981 e
499 1955 584 1996 quo
628 1942 866 1996 prodeunt,
897 1949 940 1982 et
967 1941 1247 1982 reflectuntur
1274 1942 1386 1996 equi,
1418 1949 1540 1994 puta-

60 1996 150 2036 bis:
195 2003 348 2036 metam
377 1997 566 2037 ultimam
595 1994 829 2052 σφενδόνην
867 1998 1020 2038 fundae
1065 1999 1315 2038 ret'erentem
1344 1999 1536 2052 figur-ſtrum

65 2050 232 2093 διΐππιν
260 2053 381 2107 bigae
408 2055 586 2107 spatium
618 2060 700 2094 est:
728 2060 770 2095 et
798 2054 983 2095 σπαθίον
1012 2054 1178 2095 tandem
1212 2061 1321 2094 meta
1353 2055 1536 2108 quaevis,

62 2114 106 2149 et
135 2109 337 2150 obeliscus
376 2108 428 2148 ad
473 2109 597 2164 gladii
626 2111 805 2150 formam
832 2110 885 2150 ad
911 2111 1091 2151 mediam
1120 2112 1223 2151 circi
1249 2111 1408 2164 spinam
1444 2124 1536 2150 ere-

64 2171 168 2217 ctus,
199 2165 251 2205 de
293 2165 443 2219 quibus
484 2168 697 2219 praefatus
726 2169 1025 2220 Dempsterus,
1053 2167 1236 2221 Lipsius,
1278 2166 1536 2220 Onuphrius,

4 2236 6 2241 ·
60 2221 334 2271 Panchollus,
368 2228 410 2261 et
440 2223 510 2276 qui
543 2223 750 2263 Romanas
780 2224 962 2277 origines
992 2229 1229 2263 tractavere
1259 2223 1425 2277 reliqui.
1456 2222 1537 2260 hoc

63 2292 196 2317 unum
228 2278 417 2327 adverto,
450 2278 680 2318 factionum
712 2286 1042 2320 memoratarum
1072 2279 1170 2320 duas
1194 2286 1356 2319 tautum
1389 2279 1430 2317 in
1468 2277 1537 2316 hi-

4 2352 6 2355 ·
61 2335 193 2374 storia
222 2334 301 2373 hac
330 2334 475 2374 haberi
499 2336 759 2384 memoriam,
789 2335 987 2376 Prasinae
1014 2343 1056 2376 et
1072 2336 1277 2376 Venetae:
1309 2335 1405 2374 alias
1429 2341 1536 2374 tem-

63 2390 239 2444 poribus
264 2391 416 2429 ultimis
458 2391 521 2430 vel
562 2392 785 2442 extinctas,
826 2392 892 2432 vel
936 2393 1020 2433 istis
1061 2392 1299 2432 adiunctas·
1330 2391 1439 2430 bella
1468 2397 1537 2429 ta-

61 2461 156 2487 men
190 2454 233 2487 et
262 2446 423 2486 dissidia
455 2447 565 2487 inter
592 2462 634 2488 se
660 2448 810 2489 fovisse
836 2454 1067 2503 perpetua,
1104 2447 1206 2488 adeo
1244 2454 1292 2488 ut
1318 2446 1537 2487 dissensio-

61 2517 163 2542 num
197 2502 371 2543 flammis
404 2502 456 2542 ad
498 2504 623 2544 urbes
662 2505 787 2544 etiam
817 2505 914 2545 alias
948 2505 1179 2558 deportatis
1209 2504 1396 2558 integrae
1429 2515 1536 2556 pro-

0 2573 2 2576 *
62 2558 235 2613 vinciae,
267 2567 310 2600 et
336 2566 474 2599 totum
496 2574 604 2613 pene
633 2560 856 2614 imperium
884 2558 1535 2615 conflagrarit.Prasinam1n-

61 2629 189 2669 supcr
221 2616 379 2670 ubique
408 2617 541 2656 ferme
569 2630 745 2657 numero
786 2617 989 2658 maiorem
1036 2616 1297 2666 observabis,
1334 2615 1536 2668 principis

4 2674 11 2688 ³
61 2672 260 2767 gotestati
290 2672 424 2713 minus
453 2672 675 2723 subditam,
704 2680 746 2713 et
777 2688 875 2728 erga
914 2688 1008 2713 eum
1050 2672 1259 2726 religionis
1301 2672 1533 2711 infensam:

103 2735 267 2768 enetam
309 2743 357 2769 ex
387 2728 562 2769 adverso
592 2730 863 2783 compositam
906 2730 1031 2783 magis
1070 2736 1112 2768 et
1151 2728 1410 2768 moderatam
1459 2728 1535 2766 im-

7 2815 10 2817 .
63 2791 311 2837 peratorum
354 2785 521 2827 affectus
553 2785 604 2826 ad
631 2800 673 2827 se
700 2786 923 2840 pellexisse.
996 2788 1173 2826 morum
1213 2785 1396 2838 exempla
1439 2798 1536 2837 sup-
