1728 3184
666 209 867 250 NOTAE.
1391 198 1494 249 403

142 327 238 380 209,
257 327 299 370 8.
356 325 602 380 προεβλήθη
630 325 857 374 ἐπίσκοπος
872 326 1139 376 Παλλάδιος]
1171 327 1221 366 ad
1254 341 1406 366 annum
1434 340 1504 365 su-

37 386 251 441 periorem
277 385 494 440 pertinent
522 385 613 425 ista.
640 384 847 439 Euagrius
876 383 948 423 lib.
966 382 993 423 3
1023 397 1114 437 cap.
1131 383 1199 428 23.
1260 382 1354 424 vide
1382 397 1505 437 prae.

33 442 220 483 cedentis
248 441 345 481 anni
375 441 615 481 cauonium.

153 508 248 565 210,
279 509 319 554 2.
385 511 522 553 παῖδα
563 510 644 565 μὲν
685 506 745 565 μὴ
784 507 1043 560 καταλιπων]
1072 525 1295 565 perperam
1327 511 1506 552 Zenonis

37 569 169 610 filium
201 569 370 624 eiusque
399 583 552 624 pravos
594 581 733 608 mores
762 573 951 607 recenset
980 566 1124 607 Suidas
1171 582 1209 609 v.
1238 568 1405 607 Zenon:
1434 567 1507 607 ubi

36 633 80 667 et
109 625 162 668 de
190 625 376 667 eiusdem
402 631 553 666 morte.
598 624 822 664 confirmat
849 623 1054 679 Euagrius
1083 623 1264 663 auctoris
1296 623 1406 663 dicta
1435 623 1506 664 lib.

35 682 185 736 3001».
213 681 281 723 29.

148 753 357 798 Ibid.11.
413 749 611 810 ἅπῃτὴθη
650 749 867 807 ἔγγραφον
898 748 1140 804 ὁμολογίαν]
1184 751 1414 791 Anastasius
1441 766 1509 792 se-

38 810 200 851 cundus
230 810 465 865 imperator
510 825 532 849 a
560 808 801 864 patriarcha
834 808 1066 858 redimitus,
1094 808 1253 862 primus
1282 809 1509 861 professio-

39 881 136 907 nem
163 867 260 907 fidei
286 867 487 921 exigitur:
521 865 573 906 de
605 880 690 934 quo
710 865 915 917 Euagrius
945 863 1015 905 lib.
1029 863 1056 904 3
1086 878 1177 918 cap.
1199 864 1266 913 32,
1295 870 1337 903 et
1365 864 1512 903 Theo-

40 924 171 965 dorus
200 923 336 964 lector
367 923 436 966 lib.
459 922 498 962 2.
526 935 606 962 vox
635 899 855 975 ἤπαιτίθη
886 921 976 961 vice
1007 918 1207 977 ἅπῃτὴθη
1238 921 1277 960 in
1302 926 1416 960 textu
1444 921 1512 959 in-

39 980 253 1034 terpolato
278 984 509 1033 corruptae
540 980 804 1018 Graecorum
834 977 1025 1041 loquelae
1052 983 1367 1031 argumentum.
1400 977 1512 1016 iuxta

40 1051 167 1092 quam
197 1034 308 1076 haud
338 1036 500 1085 verbo,
541 1033 614 1074 sed
651 1032 958 1089 praepositioni
989 1033 1037 1086 (si
1063 1034 1340 1088 compositum
1368 1033 1509 1083 sueiit)

40 1093 279 1157 praefigunt
309 1065 591 1147 augmen’tum.

150 1164 355 1208 Ibid.17.
411 1164 486 1204 καί
528 1158 638 1204 οὕτω
667 1161 871 1217 στεφθείς
899 1160 972 1202 ὑπ’
999 1161 1138 1202 αὐτοῦ
1155 1159 1386 1215 Ἀρεάδνην
1413 1175 1513 1214 aye-

39 1226 130 1271 ται]
156 1222 280 1262 simul
303 1223 552 1276 tmperalor,
590 1229 631 1261 et
662 1221 834 1261 maritus
875 1220 1074 1269 ἰιιιιοιιιίτῑ
1116 1219 1175 1259 ait
1206 1217 1432 1259 Ioruaudes
1460 1217 1513 1260 de

39 1291 158 1333 regu.
186 1283 229 1318 et
250 1283 377 1331 temp.
403 1276 673 1319 successione.

153 1350 248 1401 211,
277 1345 321 1390 4.
380 1346 460 1389 α’πὸ
491 1347 643 1402 Ἀδάμ]
694 1346 1002 1401 comparandus
1058 1347 1143 1387 istis
1183 1346 1390 1401 Euagrius
1436 1346 1513 1387 lib.

42 1405 71 1448 3
108 1421 204 1462 cap.
234 1405 289 1447 39
327 1411 371 1446 et
415 1420 524 1460 quae
565 1407 721 1458 scripta
761 1405 950 1459 superius
992 1402 1044 1444 ad
1073 1403 1211 1458 operis
1249 1404 1442 1455 titulum,
1471 1410 1515 1444 et

78 1478 140 1503 aa.
188 1492 200 1503 .

45 1478 74 1518 p
101 1495 126 1519 0
148 1469 259 1576 libid.
278 1533 343 1577 10.
403 1530 715 1587 Πεξαμασφός]
746 1533 797 1575 de
822 1535 929 1590 regis
961 1532 1075 1574 istius
1087 1533 1310 1574 Persarum
1340 1532 1510 1574 nomine

43 1593 184 1633 variae
211 1592 409 1632 lectiones
439 1590 730 1631 consulendae.

152 1664 260 1704 Ibid.
294 1664 358 1707 12.
415 1662 497 1703 τοῦ
522 1659 891 1726 Δυρραχιτιάνου]
930 1662 1141 1727 Euagrius
1164 1662 1233 1702 lib.
1264 1660 1291 1702 3
1323 1676 1413 1716 cap
1444 1660 1510 1702 99.

38 1735 160 1768 ουτος
188 1718 210 1760 ὖ
240 1714 511 1766 ’.ἀναστάσιος
540 1717 726 1769 πατρίδα
744 1715 822 1771 τὴν
838 1718 1088 1770 Ἐπίδαμνον
1113 1714 1237 1770 ἔχων,
1264 1716 1511 1771 Δυρράχιον

39 1777 113 1818 νῦν
138 1774 490 1830 προσηγόρευται.
519 1777 585 1815 hic
609 1775 1037 1831 Anastasia-spaniam
1050 1775 1190 1816 Ιιαῠιιιι
1207 1775 1508 1830 Epzdamnum,

42 1833 347 1886 Dyrrhachium
374 1847 481 1872 nunc
509 1841 711 1874 meatum.

154 1904 263 1946 lbid.
300 1903 364 1946 13.
421 1904 500 1944 τοῦ
530 1901 734 1968 Δικόρου]
765 1905 949 1943 Zonaras
977 1903 1020 1943 in
1048 1903 1275 1960 Anastasio.
1333 1903 1513 1966 Δι’κορος

42 1960 91 2001 δὲ
118 1960 305 2002 ἐκαλεῖτο
335 1957 358 1998 ὅ
385 1956 676 2010 Ἀιαστᾰσιος,
706 1957 764 2001 ὅτι
788 1958 965 2029 ἅνομιάς
992 1957 1197 2025 α’λλήλαις
1224 1954 1313 2011 εἶχε
1338 1956 1415 2005 τὰς
1444 1954 1515 1998 κὺ-

39 2031 118 2068 ρας
142 2017 226 2058 τῶν
253 2014 506 2081 ὀφθαλμῶν
573 2016 624 2070 τῇ
650 2015 729 2067 μὲν
767 2012 850 2068 γὰρ
882 2010 934 2068 ἦν
969 2012 1014 2055 τὸ
1041 2016 1199 2068 χρῶμα
1222 2011 1513 2067 μελάντερον·

39 2072 66 2126 ἡ
98 2072 147 2113 δὲ
174 2068 277 2112 λαια
305 2069 413 2124 πρὸς
454 2069 513 2111 τὸ
535 2071 817 2125 γλαυκότερον
847 2068 1160 2123 ἐχρωμάτιστο.
1220 2072 1368 2112 Dic-ori
1388 2085 1513 2123 porro

37 2143 182 2169 nomen
210 2143 268 2168 ex
297 2142 343 2168 eo
373 2129 519 2179 habuit,
548 2129 658 2185 quod
679 2129 851 2184 pupillis
878 2129 1083 2167 oculorum
1107 2126 1199 2182 suit
1224 2128 1509 2168 disszmilzbus:

38 2185 174 2226 altera
200 2186 391 2238 nigriore,
419 2185 557 2225 altera
587 2185 647 2225 ad
669 2186 853 2239 glaucum
879 2185 1126 2224 declinante.

148 2256 265 2298 Ibid.
288 2255 355 2296 19.
413 2258 589 2312 Πέτρου
621 2257 668 2299 δὲ
698 2257 777 2299 τοῦ
796 2257 1025 2312 Γραφὲως]
1059 2263 1277 2297 mortuum
1306 2269 1416 2295 auno
1441 2269 1512 2295 su-

38 2314 211 2370 periore
237 2312 518 2368 praedicavit.

156 2387 251 2437 212,
280 2385 319 2427 3.
380 2384 605 2441 Εὕφήμιος
635 2386 682 2428 δὲ
712 2384 735 2426 ὅ
769 2387 895 2436 ΚΠ]
926 2386 1131 2440 Euagrius
1165 2385 1235 2425 lib.
1257 2383 1284 2424 3
1314 2397 1402 2437 cap
1417 2381 1485 2422 30.

144 2459 254 2500 Ibid.
280 2459 324 2500 8.
381 2459 616 2526 πεποιηκώς
660 2475 715 2499 αι
709 2459 778 2499 ’τῶ
806 2459 1060 2511 οἰκονομίαν]
1092 2461 1228 2497 ποιεῖν
1257 2456 1513 2506 οικονομιάν,

39 2516 156 2572 quasi
183 2515 430 2567 ἐπιμέλειαν
456 2511 572 2567 ἔχειν
609 2500 909 2570 interpretatus
954 2530 1058 2559 sum.
1125 2511 1515 2562 Alexandr-iaese-

38 2582 150 2613 σει-ατ
173 2572 290 2613 illum
318 2587 591 2623 oeconomum,
619 2572 803 2614 reddidit
831 2575 1075 2613 Anastasius.
1134 2584 1240 2624 quae
1258 2567 1440 2616 mollior,
1473 2573 1516 2606 et

41 2630 233 2725 :Eetion-
212 2630 364 2679 versio,
392 2631 528 2669 lector
553 2629 771 2670 iudicabit.
803 2630 1064 2683 Nicephorus
1096 2627 1164 2666 lib.
1185 2624 1234 2664 16
1266 2638 1356 2677 cup.
1372 2620 1439 2663 26.
1470 2619 1517 2662 τὸ

109 2683 281 2737 ονομίαν
311 2687 485 2739 exponit
516 2686 767 2738 θεραπείαν.

155 2758 267 2798 Ibid.
303 2757 372 2799 15.
429 2756 531 2805 τούς
577 2757 622 2797 ἔν
652 2758 762 2798 ΚΠ.
790 2756 1026 2811 Ἰσαύρους]
1060 2755 1187 2796 lsauri
1221 2767 1316 2808 gens
1346 2752 1517 2806 agrestis

43 2812 95 2853 ad
121 2813 309 2855 Taurum
353 2822 540 2855 montem
573 2815 798 2855 latrociniis
838 2821 1006 2855 assueta.
1066 2826 1155 2851 eam
1188 2811 1300 2849 Zeno
1331 2811 1516 2863 impera..
