1768 3268
525 212 594 254 Ex
635 209 984 254 THEOPHANE.
1423 202 1486 250 65

21 325 182 367 letaniis
222 326 516 368 vociferantes.
575 327 757 382 quadam
803 341 905 382 ergo
930 325 998 367 die
1026 324 1258 367 fluctuante
1283 331 1416 376 terra,
1447 330 1494 365 ct

20 383 134 423 omni
163 382 286 438 plebe
313 383 510 424 attentius
551 385 804 425 exclamante
845 380 965 438 κύριε
993 382 1177 436 ἐλέησον,
1203 384 1314 423 circa
1342 382 1493 422 horam

3 440 191 490 'tertiam
220 441 412 481 omnibus
447 441 680 481 videntibus
712 440 891 495 contigit
929 455 953 479 a
978 439 1120 479 divina
1149 440 1305 479 virtute
1333 438 1493 480 sustolli

22 496 232 550 quendam
270 497 629 538 adolescentulum
668 498 708 537 in
739 499 856 547 aare,
887 502 929 536 et
959 496 1098 536 audiri
1133 495 1317 535 divinam
1348 508 1495 535 vocem

22 551 317 594 admonentem
350 568 445 594 eum
491 556 689 608 episcopo
738 568 786 594 ac
814 553 978 608 populo
1011 552 1208 592 nuntiare
1250 558 1297 592 ut
1327 551 1495 591 letanias

22 609 82 649 sic
111 611 300 650 facerent
333 617 376 651 et
405 610 596 651 dicerent
636 611 825 651 “sanctus
855 610 983 657 Deus,
1015 610 1191 649 Sanctus
1224 609 1357 662 fortis,
1389 608 1498 647 San-

20 672 110 707 ctus
131 666 394 719 immortalis,
422 667 617 708 miserere
635 667 795 717 nobis,”
826 665 928 706 nihil
947 665 1058 705 aliud
1087 672 1362 721 apponentes.
1383 665 1499 704 Pro-

23 722 110 763 clus
141 727 280 763 autem
309 723 388 764 hac
416 729 605 778 suscepta
635 723 839 765 sententia
867 722 1086 777 praecepit
1128 721 1289 776 populo
1322 720 1497 775 psallere

25 779 96 834 sic,
123 785 166 820 et
191 780 331 820 statim
359 786 500 821 terrae
523 786 661 821 motus
693 780 880 820 cessavit.
949 793 1084 834 porro
1126 780 1248 819 beata
1279 777 1503 818 Pulcheria

26 850 155 890 super
183 836 388 877 miraculo
411 852 493 877 una
524 852 619 877 cum
648 837 781 877 fratre
805 851 932 890 supra
965 836 1140 876 modum
1171 835 1373 875 admirata
1407 848 1504 873 san-

28 893 87 932 xit
132 906 211 947 per
251 893 492 934 universum
523 894 673 934 orbem
712 893 900 933 divinum
922 893 1035 932 hunc
1065 892 1242 947 psallere
1274 891 1472 946 hymnum
1498 907 1508 935 ;

27 955 70 989 et
99 963 148 990 ex
180 956 282 1046 tqlnc
313 965 513 1006 recepere
542 964 684 991 omnes
723 950 920 991 ecclesiae
949 963 1027 1004 per
1065 949 1247 1005 singulos
1277 947 1362 989 dies
1392 947 1506 987 hunc

31 1020 183 1048 canere
241 1021 304 1048 eo,

104 1078 106 1080 ’
138 1075 204 1115 De
238 1080 381 1115 cetero
427 1074 660 1130 imperante
699 1074 940 1116 Theodosio
983 1074 1149 1114 iuniore
1188 1069 1633 1119 Valentinianusp.144
1659 1069 1701 1104 17

33 1143 118 1170 non
150 1131 285 1172 solum
314 1132 572 1172 Britanniam
600 1137 643 1172 et
674 1132 849 1172 Galliam
893 1138 936 1173 et
964 1130 1206 1186 Hispaniam
1238 1132 1398 1171 salvare
1430 1145 1508 1171 ne-

35 1187 181 1242 quivit,
210 1187 281 1228 sed
310 1194 353 1228 et
384 1189 687 1229 occidentalem
718 1189 904 1244 Libyam,
937 1202 1044 1243 quae
1071 1187 1263 1227 videlicet
1281 1188 1396 1242 regio
1429 1202 1510 1227 vo-

32 1251 155 1284 catur
179 1245 393 1294 Afrorum,
428 1245 564 1284 amisit
590 1245 674 1284 hoc
706 1246 846 1287 modo.
907 1245 991 1285 duo
1013 1249 1232 1299 praetores
1263 1250 1396 1293 erant,
1428 1245 1513 1283 Ae-

35 1301 116 1340 tius
145 1300 302 1341 scilicet
333 1307 374 1341 et
393 1301 642 1352 Bonifucius,
675 1316 780 1357 quos
799 1300 1061 1342 Theodosius
1091 1300 1332 1356 postulante
1354 1300 1511 1341 Valen-

34 1357 194 1398 tiniano
222 1358 400 1398 Romam
430 1357 594 1401 direxit.
654 1372 835 1413 cumque
849 1357 1088 1398 Bonifacius
1117 1357 1405 1412 principatum
1438 1370 1516 1397 oc-

34 1413 281 1454 cidentalem
321 1415 479 1468 Libyae
521 1415 802 1468 percepisset,
848 1412 1001 1454 invidia
1051 1414 1328 1453 inflammatus
1374 1413 1514 1453 Aetius

33 1470 340 1511 accusationem
357 1471 458 1510 facit
475 1470 668 1512 adversus
688 1486 781 1511 eum
801 1476 1001 1526 tanquam
1020 1470 1291 1510 rebellionem
1308 1469 1518 1510 meditan-

34 1534 119 1567 tem
141 1533 183 1567 et
202 1527 396 1567 obtinere
408 1527 582 1582 Libyam
605 1534 875 1581 satagentem.
907 1534 950 1567 et
978 1526 1082 1567 haec
1113 1525 1282 1581 quidem
1309 1525 1518 1566 Placidiae

36 1584 264 1633 fatebatur,
297 1584 577 1624 Valentiniani
601 1584 742 1624 matri.
787 1589 975 1624 ceterum
991 1583 1208 1622 Bonifacio
1240 1583 1387 1623 scribit
1418 1583 1518 1638 quia

36 1641 70 1680 si
103 1641 323 1681 accersitus
355 1639 495 1691 fueris,
524 1640 726 1681 accedere
754 1641 862 1681 noli:
896 1640 1103 1680 incusatus
1145 1640 1254 1679 enim
1294 1654 1360 1691 οε,
1390 1646 1431 1679 et
1475 1644 1518 1679 tc

38 1696 180 1738 dolose
211 1697 358 1737 volunt
388 1697 691 1751 imperatores.
723 1725 734 1736 .
762 1726 773 1737 .
809 1726 819 1736 .
850 1726 860 1736 .
889 1696 992 1737 haec
1022 1695 1249 1750 suscipiens
1267 1695 1517 1745 Bonifacius,

40 1759 83 1795 et
113 1753 242 1795 veluti
283 1754 466 1808 proprio
504 1767 626 1794 servo
655 1754 775 1795 Ae‘tio
809 1752 1006 1806 credenS‚
1045 1752 1269 1793 accersitus
1314 1752 1517 1792 accedere

39 1810 211 1853 distulit.
269 1817 372 1850 tunc
393 1810 668 1863 imperatores
690 1809 854 1850 Ae’tium
882 1810 999 1865 quasi
1018 1807 1219 1850 devotum
1248 1815 1518 1863 receperunt.

38 1875 160 1908 erant
191 1873 330 1907 autem
359 1866 491 1907 Gothi
521 1872 622 1906 tunc
649 1871 693 1908 et
719 1872 860 1921 gentes
888 1867 1045 1906 multae
1076 1880 1124 1906 ac
1155 1865 1368 1916 maximae,
1400 1871 1516 1905 trans

37 1923 282 1964 Danubium
310 1923 353 1963 in
383 1923 670 1979 Hyperboreis
705 1922 807 1964 locis
852 1922 1150 1974 inhabitantes,
1181 1937 1229 1962 ex
1260 1922 1412 1978 quibus
1443 1936 1517 1961 ra-

38 1980 325 2021 tionabiliores
357 1986 563 2035 quattuor
593 1985 703 2031 sunt,
732 1978 864 2020 Gothi
894 1978 1054 2020 scilicet
1085 1985 1128 2019 et
1155 1978 1415 2034 Hypogotlfi,
1435 1977 1517 2018 Gi-

39 2036 164 2091 pedes
191 2043 234 2078 et
271 2036 480 2090 Vandali,
530 2050 684 2077 nomen
726 2041 889 2077 tantum
931 2041 974 2076 et
1018 2034 1123 2075 nihil
1152 2034 1265 2075 aliud
1293 2041 1517 2087 mutantes,

40 2108 208 2149 unaque
249 2093 389 2147 lingua
431 2099 609 2136 utentes.
685 2106 826 2134 omnes
873 2097 1012 2133 autem
1051 2091 1148 2132 fidei
1187 2097 1308 2132 erant
1337 2092 1517 2131 Arianae

40 2151 324 2205 malignitatis·
385 2149 453 2190 isti
483 2150 557 2189 sub
589 2148 770 2190 Arcadio
811 2154 853 2189 et
881 2148 1077 2189 Honorio
1108 2148 1351 2188 Danubium
1376 2153 1517 2187 trans-

42 2214 186 2248 euntes
217 2206 259 2245 in
289 2211 406 2246 terra
435 2205 558 2246 locati
586 2212 684 2246 sunt
709 2206 1017 2246 Romanorum.
1049 2210 1092 2245 et
1121 2204 1299 2259 Gipedes
1332 2204 1515 2259 quidem,

43 2278 91 2305 ex
133 2263 284 2319 quibus
321 2262 591 2317 postmodum
630 2261 748 2303 divisi
795 2269 892 2303 sunt
934 2261 1205 2315 Longobardi
1259 2267 1300 2301 et
1331 2265 1512 2309 Avares,

43 2320 158 2360 villas
190 2334 298 2375 quae
325 2325 422 2358 sunt
452 2319 564 2358 circa
593 2318 865 2374 Siggidonem
896 2325 938 2359 et
970 2318 1170 2358 Sirmium
1198 2317 1514 2358 habitaverunt.

43 2376 289 2431 Hypogothi
321 2389 422 2415 vero
451 2380 548 2428 post
575 2376 785 2415 Alaricum
814 2376 990 2415 Romam
1018 2374 1319 2428 depopulantes
1352 2374 1394 2413 in
1413 2371 1518 2412 Gal-

43 2433 116 2473 lias
145 2432 299 2486 abiere,
330 2437 371 2471 et
401 2445 508 2486 quae
546 2431 701 2471 ibidem
728 2436 824 2470 sunt
867 2431 1157 2471 obtinuerunt.
1216 2429 1347 2471 Gothi
1377 2434 1512 2468 autem
1527 2445 1561 2479 p.
1581 2430 1649 2467 146
1677 2433 1701 2467 2

41 2488 302 2530 Pannoniam
327 2487 567 2527 habuerunt
594 2488 791 2541 primum,
821 2486 917 2527 dein
950 2487 1114 2528 decimo
1147 2501 1260 2526 nono
1292 2500 1402 2525 anno
1433 2485 1517 2524 im-

42 2545 226 2600 perantis
257 2543 484 2585 Theodosii
530 2544 705 2583 iunioris
732 2543 939 2584 Thraciae
967 2544 1082 2584 villas
1112 2542 1410 2583 habitaverunt
1437 2555 1516 2595 per

43 2601 347 2657 quinquaginta
367 2606 466 2641 octo
495 2614 622 2640 anuos
642 2600 682 2640 in
697 2599 863 2641 Thrace
891 2606 1115 2654 morantes,
1137 2599 1384 2653 Hesperium
1403 2612 1517 2653 quo-

46 2673 128 2714 que
165 2658 444 2698 obtinuerunt
487 2656 786 2710 principatum.
861 2671 996 2711 porro
1036 2655 1214 2698 Vandali
1259 2654 1396 2694 Alanis
1437 2654 1516 2694 sibi

45 2714 232 2763 sociatis,
275 2721 316 2754 et
356 2713 596 2763 Germanis,
638 2713 710 2768 qui
753 2727 864 2752 nunc
893 2714 1045 2753 Franci
1090 2718 1321 2761 vocantur,
1367 2710 1515 2761 ascitis,

46 2777 307 2811 transeuntes
327 2771 479 2810 Ninum
513 2769 685 2810 fluvium
714 2769 958 2823 Modigisclo
991 2769 1097 2809 duce
1123 2767 1268 2807 habito
1297 2767 1517 2807 habitave—

50 2834 148 2867 runt
175 2827 215 2866 in
247 2826 458 2881 Hispania,
488 2840 595 2881 quae
624 2833 682 2867 est
725 2826 860 2881 prima
887 2827 1086 2880 Europae
1115 2822 1432 2878 provinciarum
1463 2824 1514 2863 ab

186 2910 420 2958 Theophanes
446 2911 493 2945 ΙΙ.
1241 2907 1261 2939 5
