1728 3242
228 193 328 243 238
446 194 725 236 ANASTAsn
768 191 1027 237 uls'roRlA
1066 191 1477 235 ECCLIiSlASTICA

230 325 279 351 ac
310 308 428 352 exilia
457 314 501 350 et
527 314 751 350 tormenta.
822 308 901 349 deo
939 321 1042 349 vero
1071 305 1347 361 gratissimum
1374 304 1590 358 lipsanum,
1621 310 1692 345 ut-

228 373 329 421 pote
359 366 529 422 quidam
558 365 773 406 thesaurus
802 364 1102 418 possessoribus
1124 362 1300 413 habitus,
1329 361 1598 401 auferebatur
1624 362 1692 401 in-

230 424 359 463 visum
389 426 421 474 *)
466 423 517 463 de
543 430 687 462 cetero
718 421 993 461 efficiendum.
1050 420 1132 459 tale
1161 417 1261 472 quid
1293 422 1334 456 et
1365 418 1404 456 in
1439 417 1691 471 pretiosissi-

226 494 341 519 mum
370 478 585 519 laudabilis
614 478 810 534 martyris
843 476 1097 530 Euphemiae
1131 474 1332 527 profanus
1362 473 1428 513 hic
1457 473 1691 528 imperator

226 535 432 589 lipsanum
460 536 601 590 gessit,
646 536 688 574 in
720 533 978 588 profundum
1016 531 1059 572 id
1098 544 1180 569 una
1211 544 1308 570 cum
1349 529 1490 570 locuto
1526 530 1692 582 iaciens,

227 607 310 631 non
339 592 474 632 ferens
501 591 646 632 videre
677 589 877 645 unguenti
903 588 1028 629 etiam
1054 600 1100 627 ex
1130 600 1173 626 se
1195 600 1322 641 super
1354 599 1519 627 omnem
1549 601 1690 641 popu-

224 647 311 688 lum
339 648 584 688 suavitatem
631 647 896 695 reddentem,
927 649 967 684 et
1005 649 1252 698 arguentem
1283 642 1367 683 eius
1398 642 1593 683 adversus
1622 643 1690 683 in..

224 704 490 746 tercessiones
519 709 760 744 sanctorum
798 700 1083 741 deliramenta.
1156 698 1227 740 sed
1257 699 1378 750 deus,
1408 699 1481 753 qui
1505 699 1691 740 custodit

224 775 313 800 ossa
343 760 596 814 placentium
624 757 850 799 secundum
879 755 1018 796 divina
1047 756 1230 811 eloquia,
1259 755 1442 796 illaesum
1469 754 1553 796 hoc
1582 770 1691 796 con-

221 817 414 867 servavit,
446 830 586 856 rursus
620 822 856 856 ostensurus
882 811 985 851 illud
1011 812 1123 866 apud
1151 813 1354 853 Lemnum
1385 811 1582 852 insulam:
1611 827 1691 866 per

223 878 475 914 nocturnam
505 872 612 913 enim
632 871 830 910 visionem
854 868 987 909 iacens
1007 868 1252 909 elevandum
1274 868 1492 923 praecepit
1512 875 1554 909 et
1584 883 1690 908 con-

220 929 481 970 servandum.
538 928 612 968 sub
630 925 903 967 Constantino
932 938 1035 964 vero
1069 930 1111 965 et
1137 925 1317 966 Heirene
1349 924 1426 979 piis
1455 924 1691 979 imperato-

222 985 352 1032 ribus,
390 984 616 1024 indictione
653 987 828 1038 quarta,
869 995 965 1020 cum
1009 980 1173 1022 decenti
1210 980 1534 1022 honorificentia
1563 981 1690 1021 rediit

224 1041 275 1080 ad
306 1042 505 1095 templum
543 1055 677 1080 suum.
747 1036 864 1092 quod
904 1038 990 1091 ipse
1031 1038 1224 1092 quidem,
1268 1045 1466 1092 tanquam
1500 1037 1689 1080 inimicus

223 1097 500 1147 ecclesiarum,
533 1109 752 1136 commune
780 1093 878 1134 fecit
900 1094 1267 1134 armamentarium
1297 1094 1690 1149 sterquiliniumque

227 1156 314 1193 sore
345 1153 553 1203 decrevit,
599 1151 656 1191 illi
706 1157 980 1205 repurgatum
1021 1150 1104 1191 hoc
1135 1151 1287 1190 iterum
1323 1157 1606 1201 sacraverunt,
1636 1149 1688 1190 ad

92 1219 210 1266 p.680
226 1209 560 1263 redargutionem
605 1206 772 1262 quidem
815 1206 934 1246 huius
967 1206 1209 1261 impietatis,
1239 1207 1516 1263 ostensionem
1548 1214 1688 1248 autem

223 1266 375 1306 horum
404 1265 581 1319 pietatis.
643 1264 724 1304 hoc
752 1270 888 1303 autem
934 1263 989 1303 ob
1019 1264 1271 1318 stupendum
1301 1269 1343 1304 et
1374 1264 1590 1318 scriptura
1621 1263 1689 1303 di-

220 1337 344 1374 gnum
376 1320 622 1361 miraculum
653 1327 749 1374 post
778 1320 830 1359 22
861 1333 990 1359 anuos
1011 1319 1145 1375 iniqui
1175 1319 1379 1374 principis
1410 1320 1574 1370 mortis,
1606 1335 1687 1360 una

217 1385 310 1417 enm
340 1378 525 1432 piissimis
569 1376 893 1430 imperatoribus
935 1382 977 1416 et
1004 1376 1178 1417 Tarasio
1222 1376 1474 1417 sanctissimo
1503 1376 1687 1431 patriar-

215 1434 310 1485 cha,
344 1449 418 1474 nos
450 1439 489 1474 et
518 1433 692 1472 vidimus
725 1438 765 1472 et
785 1447 879 1473 cum
908 1433 963 1473 eis
993 1433 1171 1487 amplexi
1203 1434 1369 1485 fuimus,
1398 1433 1497 1474 lieet
1529 1432 1688 1486 indigui

216 1505 405 1545 magnam
435 1490 611 1545 gratiam
632 1496 936 1543 promerentes,
993 1503 1128 1543 porro
1159 1489 1320 1530 decimo
1351 1496 1463 1530 sexto
1494 1489 1687 1530 kalendas

214 1548 496 1597 Deoembrias,
529 1545 709 1586 eiusdem
741 1546 912 1601 quintae
939 1545 1192 1597 indictionis,
1221 1547 1394 1588 decreto
1419 1545 1688 1600 imperatoris

215 1610 495 1657 promovetur
523 1603 683 1643 Nicctas
723 1602 935 1642 eunuchus
980 1617 1025 1642 ex
1055 1602 1209 1644 Sclavis
1246 1610 1365 1643 ortus
1394 1602 1690 1657 irregulariter

215 1660 455 1714 patriarcha
495 1658 928 1712 Constantinopoleos.
989 1667 1046 1701 .et
1084 1660 1192 1699 facta
1241 1668 1302 1700 est
1330 1659 1519 1710 siccitas,
1552 1659 1609 1698 ita
1641 1665 1689 1698 ut

217 1730 293 1756 nec
325 1730 392 1756 ros
422 1716 472 1755 de
500 1716 614 1755 caelo
657 1714 853 1767 caderet,
893 1714 1128 1771 defecitque
1156 1716 1323 1771 penitus
1358 1716 1410 1755 ab
1442 1716 1550 1756 urbe
1579 1730 1688 1770 aqua

216 1777 258 1812 ct
288 1772 446 1812 otiosae
486 1777 774 1812 remanserunt
820 1777 905 1811 tam
946 1772 1151 1812 cisternae
1193 1788 1318 1828 quam
1360 1773 1547 1823 lavacra,
1584 1771 1686 1826 quin

215 1829 356 1882 potius
386 1834 428 1868 et
461 1828 614 1868 fluenta
638 1828 824 1879 fontalia,
855 1843 962 1884 quae
991 1828 1107 1883 prius
1128 1829 1281 1884 iugiter
1304 1829 1537 1871 effluebant.
1570 1829 1687 1883 quod

217 1886 378 1924 intuens
411 1884 641 1938 imperator
661 1885 802 1938 coepit
827 1899 1034 1925 renovare
1053 1886 1360 1941 aquaeductum
1389 1884 1687 1936 Valentiniani,

216 1940 288 1996 qui
317 1955 411 1980 cum
440 1955 570 1995 usqne
602 1941 653 1980 ad
684 1941 923 1981 Heraclium
962 1942 1250 1996 perdurasset,
1298 1943 1350 1982 ab
1394 1941 1595 1982 Avaribus
1628 1948 1688 1982 est

217 1997 464 2037 destructus.
523 1997 659 2037 electis
684 2011 784 2051 ergo
827 2012 874 2038 ex
911 1997 1081 2039 diversis
1118 1998 1220 2039 locis
1251 1998 1483 2039 artificibus
1514 1998 1566 2038 ab
1595 1998 1688 2038 Asia

218 2052 535 2108 quidem—duxit
581 2060 622 2093 et
661 2059 795 2107 ponto
837 2054 1125 2096 aedificatores
1153 2056 1267 2096 mille
1298 2061 1339 2095 et
1383 2054 1598 2094 liniatores
1631 2058 1687 2105 **)

216 2109 431 2159 ducentos,
462 2109 680 2149 a‘Graecia
713 2125 813 2149 vero
836 2117 877 2150 et
899 2110 1035 2152 insulis
1065 2111 1300 2156 testatarios
1318 2114 1394 2163 ***)
1423 2111 1686 2167 quingentos,

217 2179 353 2220 porro
377 2180 424 2205 ex
443 2165 531 2219 ipsa
542 2164 704 2205 Thrace
725 2167 942 2220 operarios
962 2169 1148 2223 quinque
1163 2168 1273 2208 milia
1295 2168 1506 2223 ettegulas
1528 2167 1687 2207 facien-

84 2244 119 2279 p,
134 2231 202 2267 681
219 2227 277 2262 tes
307 2219 519 2272 ducentos,
541 2228 582 2260 et
599 2223 842 2276 praeposuit
861 2224 914 2263 eis
934 2225 1146 2279 principes
1175 2232 1414 2265 executores
1428 2238 1608 2279 operum
1638 2238 1687 2264 ae

216 2278 443 2332 patricium
476 2292 627 2325 unum;
657 2279 797 2332 sicque
815 2294 944 2333 opere
960 2287 1245 2322 consummato
1280 2297 1389 2337 aqua
1419 2281 1614 2322 introivit
1644 2281 1684 2321 in

216 2334 378 2375 urbem.
408 2340 594 2374 ceterum
620 2334 760 2374 eadem
792 2337 936 2390 quinta
971 2337 1202 2378 indictione
1230 2337 1430 2392 provehit
1462 2337 1524 2376 sui
1550 2351 1687 2377 sensus

216 2398 437 2445 praetores
468 2397 510 2430 et
540 2391 759 2444 operarios
809 2394 993 2446 nequitia
1034 2410 1104 2435 sua
1153 2395 1408 2449 condignos,
1438 2394 1685 2434 Michaelem

217 2447 410 2487 videlicet
450 2446 709 2487 Melissenum
752 2447 792 2486 ir.
838 2448 1020 2492 themate
1063 2450 1343 2492 Orientalium
1374 2457 1415 2491 et
1441 2450 1685 2490 Michaelem

216 2503 655 2544 Lachanadracontem
687 2503 726 2542 in
746 2503 989 2559 Thraccsiis,
1016 2523 1142 2563 super
1170 2507 1443 2549 buccellarios
1477 2521 1578 2548 vero
1593 2509 1686 2547 Ma-

264 2623 295 2670 *)
319 2624 486 2672 invisum]
509 2623 683 2670 Apuleius
708 2624 754 2657 5:
788 2631 870 2670 post
898 2627 1035 2673 opimas
1083 2629 1194 2677 dapes
1232 2630 1381 2677 quidam
1416 2628 1623 2664 introcessit
1649 2634 1686 2662 et

313 2673 471 2705 cantavit
499 2671 646 2706 invisus.
697 2672 801 2706 Faun-

242 2735 292 2783 *')
317 2735 515 2784 liniatoresl
542 2736 787 2776 Glossarium:
811 2737 940 2783 χρίσις
964 2739 1143 2783 liniatura,
1170 2742 1320 2776 oblitus.
1371 2742 1475 2776 Fun.

217 2795 287 2841 ''“)
314 2796 557 2829 testacearios.
607 2795 711 2830 mna.
