1728 3184
177 200 274 245 332
680 202 734 242 ΙΝ
774 200 1149 242 THEOPHANEM

287 317 356 371 49,
374 319 417 363 8.
472 317 795 375 Ἀλεξανδρείας
823 320 1066 375 ἐπίσκοπος]
1096 319 1244 361 eodem
1272 315 1535 360 Constantini
1567 317 1649 358 im·-

179 377 363 432 perantis
404 391 514 417 anno
550 377 826 418 Alexandrum
869 378 955 418 vita
987 377 1202 426 functum,
1239 381 1280 415 et
1310 375 1577 415 Athanasium
1609 374 1649 414 in

178 434 422 489 episcopatu
450 434 578 475 subro
610 441 722 475 atum
751 434 898 474 scribit
919 431 1276 473 chromAleicand.
1293 431 1516 473 Athanasio
1545 444 1655 486 pon-

177 491 354 531 tificatus
383 505 513 530 annos
543 449 613 542 43,
646 491 730 531 dies
766 490 815 531 15
845 491 1021 545 assignat
1049 489 1336 530 Ecchellensis.
1415 502 1544 528 annos
1573 501 1654 541 pa-

178 547 284 588 riter
311 545 366 587 46
397 547 551 602 reliqui
577 547 703 588 codd.
737 547 986 598 attribuunt.
1045 553 1193 586 auctor
1227 547 1313 599 ipse
1345 544 1525 585 canonio
1557 558 1654 583 suc..

179 603 353 646 cedente
382 604 560 644 totidem
591 611 806 653 numerat;
852 617 1159 658 numerumque
1197 597 1258 642 46
1284 601 1452 657 reliquis
1493 601 1535 640 in
1581 614 1654 640 ca-

179 661 314 701 noniis
342 666 508 714 servat,
553 660 667 700 annis
697 660 794 701 licet
828 660 1021 701 omnibus
1049 659 1257 715 sigillatim
1289 657 1514 708 recensitis,
1546 671 1657 696 non-

181 717 257 758 nisi
284 714 339 758 43
370 717 507 758 lector
550 717 680 772 possit
716 717 921 771 reperire.
991 716 1326 756 hallucinationis
1355 729 1519 755 causam
1551 726 1658 753 con..

181 773 279 814 iicio
319 773 528 814 Athanasii
561 773 854 828 pontificatum
895 774 936 813 in
969 787 1098 813 annos
1138 778 1222 813 tres
1251 772 1464 827 sequiores
1497 770 1548 811 ab
1580 785 1658 808 au..

180 836 301 872 ctore
327 837 551 871 semotum:
584 830 693 870 unde
713 835 755 870 et
770 829 1046 870 Ecchellensis
1077 830 1118 869 in
1144 845 1298 869 annum
1329 844 1350 868 a
1376 826 1519 867 mundi
1553 840 1659 866 con..

183 887 276 927 ditu
306 886 415 927 5819
444 886 560 926 illum
590 892 788 937 revocat,
821 901 947 942 quem
974 893 1022 926 ut
1061 886 1231 940 legimus
1275 885 1317 924 in
1358 883 1470 924 5892
1502 889 1659 923 auctor

179 943 359 998 seponit.
390 944 726 997 praecessoribus
775 943 904 998 igitur
946 942 1214 983 Alexandriae
1241 941 1498 997 praesulibus
1531 952 1661 979 annos

181 1007 356 1056 praeter
386 1000 448 1040 ius
481 999 584 1040 duos
609 1014 833 1055 perperam
866 999 1099 1054 assignavit,
1131 1014 1179 1039 ac
1207 1000 1428 1052 praeterea
1457 997 1550 1037 solis
1580 1011 1662 1035 un-

183 1057 459 1097 decimPetro
493 1057 684 1112 martyri,
714 1072 761 1097 ex
792 1057 970 1096 aliorum
1001 1057 1125 1096 etiam
1159 1055 1459 1096 historicorum
1492 1059 1660 1093 senten-

182 1115 239 1154 tia
270 1112 488 1163 concessis,
521 1113 607 1167 ipse
638 1113 681 1153 in
712 1113 827 1152 annis
860 1110 1006 1152 mundi
1024 1110 1246 1152 duodecim
1266 1110 1439 1165 reliquit
1469 1110 1662 1164 spatium,

184 1176 334 1211 octavo
378 1169 576 1210 nimirum
615 1177 655 1210 et
687 1169 955 1225 sequentibus
997 1168 1183 1224 propriis
1223 1183 1244 1209 e
1274 1167 1439 1209 sedibus
1468 1166 1662 1220 depulsis-

184 1228 348 1282 relege,
373 1227 547 1279 amabo,
576 1241 673 1283 pag.
707 1224 733 1266 6
762 1226 822 1267 lit.
862 1226 893 1265 B
940 1231 983 1266 et
1030 1220 1214 1266 defectus
1254 1224 1463 1280 originem
1498 1237 1669 1263 mecum.

187 1284 377 1325 observa.

299 1355 408 1398 Ibid.
457 1354 497 1398 9.
568 1352 754 1395 ἐπέτεινε
796 1354 1122 1402 Κωνσταντῖνος
1158 1350 1182 1393 ὅ
1225 1350 1420 1407 εὐσεβής]
1462 1351 1670 1393 consentit

187 1418 338 1454 auctor
367 1412 627 1467 Hieronymo
661 1411 862 1452 scribenti
901 1411 953 1452 ad
985 1426 1140 1452 annum
1171 1410 1432 1452 Constantini
1465 1408 1533 1451 26.
1578 1407 1669 1449 edi-

184 1479 245 1511 cto
278 1469 531 1511 Constantini
557 1469 769 1523 gentilium
796 1469 949 1524 templa
976 1469 1171 1509 subversa
1201 1477 1307 1508 sunt.

306 1553 412 1595 Ibid.
448 1551 514 1596 16.
572 1548 812 1606 μελλούσης
855 1547 1040 1605 ἑβδόμης
1069 1551 1347 1606 ι’νδικτιῶνος]
1381 1550 1452 1591 ubi
1483 1547 1669 1604 primum

188 1609 380 1665 superius
411 1609 686 1650 indictionem
715 1610 910 1650 observat
940 1610 1237 1664 TlieophaneS‚
1270 1623 1380 1649 anno
1415 1603 1671 1648 Christisslfi

192 1666 482 1708 duodecimam
510 1666 682 1707 statuit:
712 1680 760 1706 ac
790 1667 862 1707 ubi
906 1680 1047 1706 rursus
1080 1666 1261 1707 eiusdem
1292 1671 1386 1720 aget
1417 1663 1674 1704 mentionem

192 1738 301 1764 anno
335 1722 490 1763 Christi
521 1718 607 1762 444
639 1723 830 1777 quintam
863 1737 947 1763 esse
970 1723 1180 1773 decernet,
1215 1728 1313 1776 post
1342 1728 1440 1762 octo
1471 1721 1673 1760 nimirum

193 1781 246 1821 ab
276 1780 358 1820 hoc
386 1786 606 1835 praesente
636 1779 789 1819 Christi
827 1794 937 1819 anno
969 1777 1053 1819 324
1083 1779 1361 1819 indictionum
1386 1778 1566 1832 integras
1597 1791 1673 1831 pe-

194 1836 359 1877 riodos:
401 1836 548 1892 quinta
588 1835 731 1890 itaque
766 1836 812 1888 (si
854 1835 984 1875 modo
1020 1835 1316 1890 praecedenti,
1351 1839 1392 1874 et
1419 1840 1675 1889 sequuturae

195 1893 441 1945 consentiat)
485 1891 585 1933 huie
621 1907 731 1932 anno
772 1888 856 1933 324
900 1893 1024 1932 debet
1069 1892 1250 1946 adiungi.
1323 1896 1589 1946 quapropter
1628 1885 1675 1929 τό

194 1943 407 2003 ἑβδόμης,
456 1948 572 2005 quod
613 1949 778 1990 codices
823 1963 964 1990 omnes
996 1950 1248 2003 proferunt,
1274 1947 1472 1988 vitiosum
1501 1954 1574 1998 est,
1605 1951 1678 1986 aut

196 2013 312 2048 certe
356 2013 454 2060 post
492 2019 621 2046 annos
662 2006 766 2046 duos
792 2005 901 2045 hanc
947 2006 1237 2046 narrationem
1276 2003 1495 2059 transponi
1540 2003 1676 2043 decet.

197 2070 385 2104 ceterum
428 2062 461 2103 si
490 2062 748 2117 Septembris
788 2062 978 2102 nondum
1013 2063 1155 2103 fuerat
1201 2061 1376 2102 indictio
1410 2060 1605 2110 delibata,
1638 2063 1680 2099 et

198 2135 295 2161 cum
325 2120 415 2174 ipso
449 2133 588 2160 mense
609 2120 781 2173 paribus
806 2119 951 2160 diebus
968 2134 1161 2170 emensa,
1192 2119 1263 2159 sed
1293 2117 1430 2158 adbuc
1456 2123 1544 2157 erat
1574 2115 1681 2167 μέλ-

201 2178 335 2218 λουσα
363 2172 744 2229 ἐπιλαμβάνεσθαι,
771 2176 965 2216 iamiam
995 2176 1246 2229 attingenda,
1281 2178 1448 2227 (octavo
1482 2173 1681 2213 nimirum

201 2233 286 2274 kal.
321 2233 515 2283 Octobr.)
559 2238 711 2272 auctor
753 2232 891 2273 verbis
922 2231 1159 2273 huiusmodi
1192 2231 1456 2272 Constantini
1487 2236 1683 2283 tempore

203 2290 288 2331 eius
319 2289 555 2343 primordia
586 2289 843 2343 Septembris
888 2289 1035 2338 initio,
1070 2296 1119 2329 ut
1156 2303 1291 2343 aequo
1322 2302 1444 2342 passu
1474 2284 1684 2341 procede-

202 2352 312 2398 rent,
341 2346 529 2386 nondum
553 2345 675 2386 fuisse
704 2345 930 2386 coniuncta
957 2346 1189 2401 significat:
1221 2345 1272 2386 de
1303 2360 1391 2401 quo
1424 2343 1684 2385 doctissimus

201 2402 396 2444 Petavius
425 2402 499 2443 lib.
536 2401 585 2443 11
618 2401 669 2443 de
700 2402 816 2443 doct.
848 2408 975 2457 temp.
1007 2417 1098 2458 cap.
1127 2400 1154 2441 4
1190 2431 1201 2442 .

315 2487 428 2529 Ibid.
451 2485 517 2528 19.
573 2483 646 2527 ε’πὶ
675 2486 751 2539 τῆς
779 2486 927 2539 χώρας
950 2484 1222 2541 Ἀντιοχέων]
1254 2485 1403 2525 famem
1434 2484 1546 2523 illam
1575 2497 1684 2522 anno

205 2543 467 2584 Constantini
484 2542 677 2584 vicesimo
692 2544 867 2597 septimo
884 2544 1102 2599 consignat
1118 2544 1414 2597 Hieronymus:
1436 2555 1486 2580 eo
1506 2554 1687 2593 namque

204 2600 328 2640 terris
359 2600 578 2641 incubuit:
611 2601 867 2641 rusticorum
900 2614 1001 2641 vero
1033 2600 1217 2653 irruptio
1249 2598 1396 2639 mensis
1428 2596 1686 2650 Septembris

206 2655 328 2697 initio
366 2658 449 2698 visa
495 2656 759 2697 Constantini
806 2656 1045 2697 vicesimum
1093 2663 1287 2697 octavum
1337 2658 1533 2709 penetrat
1574 2650 1688 2706 apud

205 2712 521 2767 Theophanem,
553 2728 660 2768 quae
690 2713 801 2768 apud
823 2713 1128 2769 Hieronymum
1158 2727 1310 2752 annum
1345 2727 1367 2750 a
1389 2707 1584 2750 Ianuario
1615 2724 1690 2748 au-

207 2768 452 2822 spicantem,
485 2771 595 2811 intra
626 2770 810 2811 vicesimi
826 2770 989 2824 septimi
1009 2771 1157 2810 limites
1179 2772 1432 2824 perseverat.
1462 2766 1519 2805 sic
1549 2771 1690 2805 autem

209 2824 261 2866 de
289 2840 337 2866 ea
365 2827 522 2869 scribit.
575 2828 814 2886 pestilencia
839 2836 877 2868 et
892 2828 1018 2881 same
1056 2825 1372 2868 innumerabilis
1399 2822 1616 2864 multitudo
1650 2822 1712 2861 in
