1768 3268
533 246 537 250 Α
566 213 637 259 Ex
655 222 659 225 “
675 214 1024 259 mmmmm.
1433 213 1528 261 157

58 331 230 387 penitus
259 329 556 372 incenderunt.
625 329 698 371 sed
723 336 767 372 et
792 330 980 371 tentoria
1006 328 1205 371 Chosrois
1236 337 1364 387 atque
1390 331 1528 372 corti..

57 403 144 439 nas,
173 401 276 444 quas
302 387 345 428 in
379 387 554 428 modum
590 386 791 427 tendebat
818 387 1077 440 porticuum,
1106 387 1273 441 quando
1304 389 1346 428 in
1375 402 1526 442 oempo

55 451 192 484 castra
213 444 467 497 metabatur,
499 451 652 484 cuncta
674 449 929 494 cremarunt,
958 443 1062 497 quin
1081 450 1124 483 et
1138 450 1293 484 statuas
1310 445 1396 485 eius
1414 445 1528 484 mul-
1535 448 1654 497 9495

55 507 132 541 tas.
189 501 440 542 invenerunt
468 506 611 542 autem
637 506 682 540 et
712 500 754 539 in
781 500 843 540 bis
874 499 1038 554 palatiis
1066 499 1227 540 aviaria
1252 507 1296 541 et
1326 500 1527 543 dorcades

54 563 99 598 et
126 557 262 598 asinos
287 563 469 612 agrestes
494 563 539 598 et
574 569 760 611 pavones
789 562 835 597 et
870 556 1047 597 fasianos
1075 556 1263 598 infinitae
1287 556 1527 598 multitudi-

55 614 132 665 nis,
163 627 243 654 nec
269 627 356 653 nou
398 614 443 653 iu
480 613 643 654 vivario
687 613 777 653 eius
822 613 964 654 leones
994 627 1043 653 ac
1072 613 1245 667 tigrides
1274 613 1407 653 mirae
1434 629 1527 653 ma-

54 669 282 725 guitudinis
325 670 458 711 vivos.
526 668 583 710 de
625 675 771 710 cetero
820 670 1103 725 confugerunt
1140 668 1193 709 ad
1227 670 1527 724 imperatorem

51 726 228 781 plurimi
255 740 304 767 ex
331 725 522 782 captivis,
550 724 720 767 Edesiui
743 725 901 767 scilicet
928 732 972 767 et
990 726 1273 776 Alexandrini,
1301 726 1374 766 sed
1406 732 1449 766 et
1477 742 1526 767 ex

51 783 141 822 aliis
173 783 350 824 urbibus
386 782 674 823 multitudines
709 783 916 837 copiosae.
972 782 1075 823 fecit
1105 782 1266 824 interea
1292 783 1527 837 imperator

49 839 317 881 festivitatem
356 839 561 880 luminum
590 854 717 893 penes
756 839 991 894 Dastagerd
1027 838 1230 890 laetatus,
1260 844 1303 880 et
1331 853 1525 880 recreans

49 901 137 954 tam
176 897 385 951 populum
426 910 553 951 quam
590 896 800 947 iumenta,
826 896 929 952 quin
965 899 1010 937 et
1036 894 1235 936 Chosrois
1265 895 1421 950 palatia
1448 896 1525 936 de-

47 957 227 1004 struens,
253 951 443 994 aedificia
478 952 679 993 videlicet
717 966 829 1008 quae
854 957 980 994 erant
1006 952 1285 1007 comptissima
1317 958 1361 993 et
1389 952 1525 992 admi..

49 1008 199 1061 tanda,
227 1007 462 1064 domosque
487 1008 724 1064 stupendas,
751 1024 853 1064 quas
894 1023 1026 1065 usque
1053 1009 1107 1049 ad
1133 1009 1420 1063 pavimentum
1448 1008 1524 1049 de-

46 1066 222 1120 posuit,
312 1066 450 1106 utinus
474 1065 681 1107 Chosroes
710 1066 917 1107 edisceret
955 1081 1082 1120 quam
1110 1065 1268 1106 durum
1298 1065 1524 1106 habuerint

46 1122 227 1163 Romani
283 1123 448 1164 olorem
476 1123 652 1163 urbibus
679 1122 760 1163 suis
790 1122 982 1163 desolatis
1013 1122 1067 1162 ab
1097 1136 1149 1163 eo
1175 1122 1446 1163 nihilominus
1480 1128 1529 1162 et

46 1178 234 1220 incensis,
265 1180 372 1220 tenti
400 1184 541 1219 autem
561 1187 656 1219 sunt
670 1186 714 1219 et
729 1193 777 1219 ex
799 1179 940 1219 aulicis
956 1178 1102 1233 palatii
1127 1179 1266 1231 multi,
1294 1179 1367 1234 qui
1386 1179 1524 1219 inter-

47 1236 184 1291 rogati
212 1235 647 1290 quando·discesserit
678 1235 885 1276 Chosroae
915 1251 939 1275 a
966 1234 1221 1290 Dastagerd.
1251 1242 1522 1276 asseruerunt

46 1295 172 1334 “ante
197 1291 227 1333 9
247 1292 333 1333 dies
358 1291 478 1346 prius
500 1307 627 1347 quam
654 1306 728 1332 vos
745 1292 955 1332 veniretis.
984 1290 1130 1332 audito
1173 1290 1357 1332 adventu
1377 1297 1519 1332 vestro

44 1348 225 1390 latenter
245 1355 418 1403 pertuso
442 1362 567 1388 muro
585 1348 779 1399 civitatis,
808 1348 881 1404 qui
896 1355 957 1389 est
980 1348 1091 1388 iuxta
1118 1348 1333 1403 palatium,
1362 1354 1522 1389 temere

43 1420 124 1460 per
151 1405 301 1445 hortos
327 1405 468 1456 exivit,
499 1405 588 1459 ipse
617 1412 660 1445 et
688 1419 797 1445 uxor
827 1411 870 1445 et
895 1404 970 1445 filii
998 1404 1101 1457 eius,
1129 1420 1182 1446 ne
1207 1405 1327 1446 fieret
1358 1406 1521 1445 tumul—

39 1467 109 1502 tus
138 1462 181 1502 in
213 1461 421 1502 civitate-'³
489 1467 533 1502 et
575 1476 714 1517 neque
744 1461 917 1503 militiae
958 1461 1084 1516 ipsius
1116 1475 1356 1516 cognovere
1382 1476 1518 1516 neque

42 1517 256 1573 principes
276 1517 376 1568 eius,
406 1532 625 1574 usquequo
647 1517 835 1558 miliariis
865 1518 1054 1573 quinque
1081 1518 1284 1572 perrexit,
1310 1518 1516 1572 siquidem

42 1581 145 1616 tunc
177 1574 392 1616 mandavit
431 1589 518 1631 quo
561 1588 604 1615 se
634 1580 916 1631 sequerentur
946 1574 1253 1628 Ctisiphontem
1284 1573 1515 1615 tendentes.
1530 1596 1565 1632 p.
1579 1583 1655 1621 496

40 1638 86 1674 et
114 1633 145 1674 is
178 1632 250 1687 qui
279 1645 365 1672 non
393 1637 569 1686 poterat
598 1632 788 1687 quinque
814 1630 994 1671 miliaria
1020 1632 1161 1672 facere
1188 1645 1270 1684 per
1302 1630 1426 1682 diem,
1451 1632 1517 1671 su-

40 1689 156 1743 giens
182 1688 282 1729 fecit
318 1687 467 1743 viginti
499 1688 712 1743 quinque,
741 1688 1022 1743 mulieresque
1058 1702 1108 1728 ac
1133 1687 1208 1728 filii
1236 1688 1340 1737 eius,
1370 1687 1444 1742 qui
1474 1703 1517 1728 se

38 1746 156 1800 prius
182 1746 411 1786 alterutros
438 1758 523 1784 non
541 1745 755 1795 videbant,
784 1750 887 1785 tunc
914 1745 1075 1785 mixtim
1093 1744 1310 1799 fugiebant
1337 1743 1515 1785 invicem

40 1802 314 1857 impellentes.
384 1816 567 1856 cumque
604 1816 686 1842 nox
728 1801 972 1852 accessisset,
1012 1801 1208 1842 introivit
1236 1801 1443 1842 Cbosroes
1473 1801 1515 1841 in

39 1860 212 1900 domum
240 1859 451 1911 agricolae
489 1858 631 1908 nihili,
675 1858 718 1898 in
749 1858 865 1899 cuius
902 1857 1012 1898 ostio
1040 1859 1108 1898 vix
1134 1872 1308 1899 manere
1334 1871 1514 1911 praeva-

37 1915 143 1964 luit3
175 1915 293 1971 quod
322 1915 464 1956 videns
496 1914 765 1968 postmodum
793 1914 1011 1956 Heraclius
1051 1914 1278 1955 admiratus
1304 1918 1376 1955 oet.
1433 1929 1514 1968 per

35 1980 122 2014 tres
151 1978 292 2012 autem
318 1971 404 2013 dies
433 1970 538 2012 adiit
565 1971 898 2026 Ctisophontem.
974 1985 1072 2012 saue
1099 1970 1307 2012 Chosroes
1335 1984 1511 2024 respou-

33 2045 125 2070 sum
154 2035 380 2083 acceperat
407 2043 431 2068 a
458 2028 652 2068 maleficis
681 2034 725 2069 et
767 2027 988 2082 astrologis
1017 2032 1115 2068 ante
1141 2033 1347 2083 quattuor
1376 2033 1419 2068 et
1447 2027 1510 2067 vi-

34 2100 158 2127 cenos
187 2099 331 2134 annos,
360 2085 531 2140 quando
550 2086 684 2125 Dacas
705 2084 984 2139 depopulatus
1014 2090 1076 2125 est
1102 2084 1365 2139 temporibus
1391 2083 1508 2123 Pho-

33 2157 107 2183 cae
141 2141 324 2182 Romani
350 2141 568 2196 principis,
600 2141 718 2197 quod
746 2148 942 2196 tempore
969 2156 1056 2196 quo
1085 2141 1222 2182 adiret
1251 2139 1510 2194 Ctisophon-

31 2204 118 2239 tem
146 2198 321 2252 periret.
389 2204 433 2238 et
460 2198 620 2239 idcirco
663 2212 749 2238 non
780 2204 842 2239 est
877 2212 1016 2252 passus
1045 2213 1068 2237 a
1097 2197 1329 2252 Dastagerd
1358 2202 1509 2238 extunc

30 2255 75 2295 in
105 2262 271 2310 partem
315 2254 427 2294 illam
458 2269 545 2295 nno
580 2255 727 2296 saltem
762 2254 946 2295 miliario
985 2269 1177 2309 pergere,
1205 2254 1276 2295 sed
1308 2253 1409 2293 hinc
1436 2254 1507 2292 fu-

30 2312 145 2366 giens
174 2312 230 2352 ad
261 2312 367 2351 hauc
395 2311 509 2351 abiit.
565 2325 713 2352 verum
739 2325 818 2352 nec
847 2311 890 2351 in
919 2311 1009 2365 ipsa
1027 2311 1252 2366 persistere
1281 2324 1401 2350 ausus
1430 2316 1504 2359 est,

28 2369 102 2409 sed
128 2369 334 2410 transiens
364 2373 541 2422 pontem
578 2368 763 2423 Tigridis
799 2367 982 2408 fluminis
1010 2367 1223 2409 civitatem
1254 2367 1366 2406 ultra
1390 2365 1505 2419 posi-

29 2430 116 2465 tam
144 2425 260 2479 adiit,
288 2439 397 2480 quae
418 2423 587 2480 quidem
615 2423 729 2478 apud
760 2438 835 2464 nos
849 2424 1056 2476 Seleucia,
1088 2423 1200 2479 apud
1227 2424 1371 2463 Persas
1397 2435 1502 2462 vero

29 2481 221 2522 Guheser
255 2481 486 2531 vocitatur,
532 2480 577 2521 in
607 2495 691 2536 qua
716 2495 859 2522 omnes
887 2481 1084 2535 pecunias
1113 2479 1315 2535 reposuit.
1372 2478 1502 2518 sedit-

88 2553 113 2578 e
144 2537 229 2579 illic
266 2552 363 2578 cum
401 2538 539 2578 Sirem
581 2552 714 2578 uxore
741 2552 814 2577 sua
854 2543 899 2578 et
937 2538 1026 2579 aliis
1065 2537 1201 2578 tribus
1243 2534 1501 2586 mulieribus,

29 2608 137 2649 quae
164 2601 209 2636 et
239 2594 348 2635 filiae
374 2594 500 2649 ipsius
528 2599 671 2641 erant;
700 2594 883 2650 reliquas
926 2609 1030 2635 vero
1060 2593 1251 2634 mulieres
1279 2605 1369 2632 suas
1394 2591 1500 2631 mul·
1513 2601 1633 2649 p,497

29 2655 179 2706 tosque
204 2650 359 2691 liberos
404 2665 500 2691 suos
535 2650 810 2705 quadraginta
848 2650 1016 2691 milibus
1045 2650 1168 2703 longe
1196 2647 1421 2688 transmisit
1447 2646 1499 2687 ad

26 2706 275 2748 interiorem
300 2715 467 2762 partem
486 2707 673 2748 Orientis
700 2708 743 2749 iu
766 2707 1086 2748 munitissimum
1116 2706 1267 2744 locum.
1325 2704 1495 2759 quidam

10 2777 122 2804 ·sane
153 2764 377 2805 Persarum
408 2765 722 2818 derogaverunt
750 2764 935 2804 Sarbaro
967 2777 1094 2817 penes
1114 2761 1347 2805 chosroen,
1379 2761 1497 2816 quod

26 2833 121 2861 oum
148 2821 345 2863 Romanis
370 2821 546 2862 sentiret
572 2826 617 2861 et
645 2819 705 2860 illi
734 2819 999 2868 detraherem
1029 2824 1070 2860 et
1096 2817 1208 2861 misit
1236 2817 1496 2872 spatharium
