1794 3250
593 193 662 236 Ex
703 194 1051 240 THEOPHANE.

82 318 379 372 Diocletianus,
406 327 448 362 et
473 320 638 365 Maxim.
673 321 784 362 Her-

141 377 285 430 culius,
313 375 387 419 20.
442 420 450 425 x

82 469 142 512 Et
177 471 251 528 qui
265 471 458 525 Byzantii
493 473 789 529 imperaverunt

321 538 550 581 Chnku‘ani.

80 610 375 651 Constantinus
391 625 576 666 magnuS,
601 611 668 654 32.

81 667 398 717 Constantinus,
434 668 504 710 24.

83 723 278 774 lulianus,
313 722 354 767 3.

79 779 411 830 Valentinianus,
447 781 510 821 11.

82 836 287 888 lobizmus,
315 851 472 878 menses
502 837 543 879 8.

78 892 242 943 Valens,
273 907 402 933 annos
431 893 503 935 33.

78 949 391 990 Valentinianus
419 957 462 991 et
490 951 713 993 Gratianus
739 959 782 994 et

137 1005 397 1046 Theodosius
424 1009 572 1062 maior,
605 1007 668 1049 17.

83 1062 297 1113 Arcadius,
329 1062 393 1102 14.
602 1104 605 1112 .

81 1117 339 1160 Theodosius
364 1121 516 1172 minor,
543 1118 611 1160 42.

77 1175 330 1227 Marcianus,
355 1175 396 1217 7.

79 1231 164 1271 Leo
195 1232 345 1280 maior,
381 1231 445 1272 17.

74 1288 203 1338 Zeno,
233 1287 295 1328 17.

76 1344 325 1396 Anastasius,
356 1343 426 1385 27.

75 1400 262 1452 lustinus,
289 1399 327 1441 9.

77 1456 334 1507 lastinianus,
360 1456 428 1498 39.

75 1513 264 1564 Iustinus,
296 1513 361 1553 13.

72 1569 279 1621 Tiberius,
300 1567 341 1611 4.

73 1627 303 1678 Mauritius,
334 1625 400 1667 20.

73 1682 248 1733 phocas,
279 1682 318 1724 7.

70 1739 298 1791 Heraclius,
327 1739 392 1780 21.
449 1765 454 1770 ·

71 1796 364 1838 Constantinus
383 1795 491 1836 filius
518 1795 619 1845 eius,
650 1809 771 1836 men-

126 1867 187 1894 ses
218 1851 260 1893 3.

1450 198 1596 265 287,

851 323 1118 377 Heraclonas‚
1144 341 1299 370 menses
1329 327 1370 369 6.

851 380 1170 433 Constantinus,
1218 389 1292 440 qui
1340 386 1381 425 in
1422 380 1553 428 Occi-'-

907 437 1031 477 dente
1061 438 1218 480 occisus
1249 447 1322 492 est,
1351 457 1480 484 annos
1505 442 1551 484 7.

851 492 1146 535 Constantinus
1158 504 1294 540 sextae
1309 498 1472 554 synodi,
1484 498 1550 543 17.

852 550 1115 602 iustinianus,
1148 551 1213 593 10.

849 607 1062 658 Leontius,
1092 606 1133 652 3.

849 663 1104 715 Absimarus,
1124 664 1199 720 qui
1221 671 1264 707 et
1284 665 1494 721 Tiberium,
1505 666 1550 710 7.

850 719 1098 761 lastinianus
1128 721 1295 773 iterum,
1324 721 1368 763 6.

847 776 1119 832 Philippicas,
1133 778 1207 834 qui
1225 785 1268 820 et
1279 778 1501 831 Bardanus,
1510 781 1552 822 2.

847 834 1092 886 Anastasius,
1107 835 1237 891 quiet
1251 835 1499 890 Arthemius,
1511 838 1552 879 2.

847 889 1122 941 Theodosius,
1158 891 1196 934 1.

847 946 933 986 Leo
967 948 1140 1001 isaurus,
1172 945 1240 1000 24,

848 1003 1147 1045 Constantinus
1173 1010 1440 1060 persecutor,
1452 1004 1523 1048 35.

847 1060 934 1099 Leo
967 1060 1188 1112 Chazarus,
1217 1061 1260 1103 5.

850 1116 1145 1157 Constantinus
1164 1132 1261 1159 cum
1286 1123 1425 1161 matre
1445 1118 1548 1161 flei-

906 1187 1020 1223 rene,
1060 1172 1123 1214 10.

849 1228 1144 1270 Constantinus
1172 1230 1298 1285 solus,
1327 1230 1370 1271 8.

846 1284 1026 1326 Heirene
1048 1287 1148 1338 sola,
1179 1286 1220 1327 5.

844 1341 1119 1396 Nicephorus,
1149 1341 1188 1383 9.

844 1399 1085 1440 stauracius
1125 1399 1230 1440 filius
1273 1399 1383 1451 eius,
1430 1415 1548 1442 men-

901 1469 960 1495 ses
991 1455 1029 1495 2.

843 1511 1021 1551 Michael
1051 1511 1338 1566 Curopalatoe,
1359 1526 1488 1555 anuos
1503 1514 1545 1558 2.

843 1568 928 1607 Leo
960 1569 1177 1620 Armenus‚
1206 1568 1245 1609 7.

843 1623 1035 1675 Michael,
1064 1623 1105 1665 9.

838 1680 1097 1734 Theophilus
1127 1680 1233 1722 filius
1261 1680 1361 1735 eius,
1393 1680 1457 1722 12.

838 1737 1018 1777 Michael
1048 1752 1143 1777 cum
1174 1743 1322 1790 matre,
1352 1767 1365 1779 .
1394 1767 1406 1779 .
1437 1767 1449 1778 .
1479 1770 1494 1783 .

837 1793 1016 1834 Michael
1041 1794 1164 1847 solim,
1191 1821 1205 1836 .
1234 1823 1246 1836 .
1279 1823 1291 1835 .
1321 1822 1335 1835 .

837 1849 1023 1902 Basilius,
1057 1878 1070 1892 .
1106 1880 1117 1891 .
1199 1880 1211 1890 .

190 2007 298 2048 Sunt
326 2022 427 2064 ergo
472 2008 525 2050 ab
557 2006 689 2051 Adam
731 2021 860 2064 usque
906 2006 959 2048 ad
998 2006 1302 2059 cataclismum,
1329 2021 1540 2048 annorum

72 2062 197 2106 2242.

178 2136 236 2177 Et
269 2152 294 2177 a
330 2137 577 2179 Cataclismo
616 2152 748 2194 usque
792 2137 845 2179 ad
893 2135 1164 2179 centesimum
1210 2150 1366 2178 annum
1401 2136 1538 2177 Abra-

69 2192 148 2235 hae
180 2195 200 2233 1
209 2191 303 2236 169.

183 2273 242 2314 Et
281 2288 305 2313 a
341 2273 566 2314 centesimo
616 2288 724 2314 anno
754 2272 949 2314 Abrahae
978 2286 1111 2328 usque
1142 2271 1194 2312 ad
1226 2273 1381 2313 exitum
1409 2272 1540 2311 Israe-

68 2328 116 2370 lis
145 2343 193 2371 ex
224 2331 415 2385 Aegypto
446 2332 724 2385 octuagesimo
755 2345 866 2370 anno
893 2331 1056 2370 Moseos
1084 2330 1255 2380 factam,
1286 2329 1382 2368 anni
1411 2323 1508 2367 405.

180 2407 236 2448 Et
262 2407 315 2448 ab
346 2408 628 2462 octuagesimo
659 2423 769 2448 anno
803 2409 965 2449 Moseos
1009 2422 1141 2462 usque
1169 2406 1223 2447 ad
1250 2405 1538 2459 captivitatem

67 2463 324 2521 Babyloniae
351 2465 492 2519 primo
523 2478 635 2504 anno
666 2464 866 2506 Sedeciae
895 2465 1062 2516 factam,
1090 2464 1186 2503 anni
1222 2461 1340 2503 1076.

176 2547 232 2589 Et
260 2563 283 2588 a
303 2548 443 2602 primo
466 2563 574 2588 anno
595 2547 794 2590 Sedeciae
812 2562 944 2605 usque
968 2547 1020 2589 ad
1041 2548 1281 2588 vicesimum
1307 2545 1536 2587 secundum

66 2619 222 2644 annum
253 2606 425 2659 Augusti
457 2605 655 2657 Caesaris,
683 2606 726 2646 iu
764 2619 849 2661 quo
879 2612 999 2646 natus
1040 2610 1100 2646 est
1128 2603 1313 2643 Christus
1346 2601 1535 2643 dominus

67 2668 223 2712 noster,
255 2661 352 2701 anni
380 2660 477 2702 608.

177 2745 311 2786 Simul
347 2746 607 2802 colliguntur
635 2745 688 2786 ab
718 2744 851 2786 Adam
880 2759 1012 2801 usque
1038 2743 1093 2784 ad
1120 2742 1382 2784 nativitatem
1409 2742 1534 2785 Chri-

63 2802 131 2854 sti,
157 2802 254 2842 anni
281 2801 406 2844 5500.
