1768 3268
257 211 318 257 56
455 210 737 255 ANASTAsu
778 203 1037 250 HiSTORiA
1086 195 1497 244 ECCLESIASTICA

255 334 395 369 exorta
432 332 504 366 est.
541 324 585 365 hi
616 323 831 379 psallentes
858 318 1054 361 incedunt
1074 323 1114 358 et
1144 313 1329 356 manibus
1357 307 1576 364 plaudunt,
1605 319 1712 368 quae

256 383 365 437 apud
392 381 527 423 David
556 387 652 422 sunt
692 380 892 421 insensate
933 391 979 416 ac
1021 373 1219 415 velociter
1255 366 1519 421 excipientes.
1591 360 1712 401 huius

256 438 564 480 haeresiarchae
594 436 759 478 Dadoes
800 440 843 475 et
869 432 1021 473 Sabbas
1058 436 1100 471 et
1128 425 1351 481 Adelphius
1381 420 1608 463 extiterunt
1627 448 1638 466 ,
1669 422 1712 458 et

255 503 301 536 ut
329 495 497 551 quidam
519 494 636 534 aiunt
666 491 901 533 Eustathius
923 489 1189 534 Sebastenus3
1223 482 1370 537 quihus
1394 477 1586 519 restitere
1616 475 1711 513 sor-

253 553 353 592 titer
381 549 691 606 Amphilochius
722 546 956 596 Iconiensis,
999 543 1158 584 Litoius
1183 539 1413 585 Melitanus,
1443 529 1712 589 postmodnm

253 616 392 648 autem
425 615 467 648 et
494 606 711 647 Flavianus
732 603 1023 645 Antiochenus.
1079 603 1296 655 praeterea
1316 590 1465 634 Valens
1495 589 1609 630 omni
1639 601 1712 651 ec-

254 664 374 705 clesia
402 664 608 704 devastata
638 661 751 703 venit
772 659 1004 701 caesariam
1035 657 1087 697 ab
1118 653 1303 702 Oriente,
1336 652 1485 690 contra
1515 649 1712 686 sacratis-

254 721 400 761 simum
430 720 621 760 Basilium
654 717 878 764 insaniens;
918 714 990 769 qui
1020 713 1103 767 egit
1141 724 1248 766 quae
1277 719 1445 761 magnus
1480 700 1712 756 Gregorius

48 800 83 833 p.
102 787 166 821 100
200 787 242 820 13
255 777 297 816 in
328 775 541 830 epitaphio
561 774 694 816 Basilii
723 772 871 828 arguit.
931 770 1079 811 deinde
1112 782 1209 808 vero
1243 763 1378 806 Mavia
1405 762 1715 801 Saracenorum

254 833 396 887 regina
424 833 554 872 multa
581 830 686 872 mala
718 828 913 870 Romanis
943 826 1092 866 faciens
1121 837 1266 878 pacem
1296 817 1526 875 quaesivit,
1558 820 1600 855 et
1615 814 1714 853 Mo—

255 904 324 930 sen
356 887 562 943 quendam
597 886 887 941 religiosorum
930 883 972 922 in
1021 883 1190 922 heremo
1230 872 1580 918 commorantium
1620 868 1715 923 epi-

255 959 429 999 scopum
457 943 547 984 dari
578 942 810 992 Saracenis,
840 940 912 996 qui
955 938 1066 993 apud
1096 951 1137 978 se
1180 930 1555 980 christianizaliant,
1587 940 1715 980 expe-

257 1001 336 1041 tiit.
395 1001 648 1054 imperatore
692 1005 831 1038 autem
871 996 1064 1036 alacriter
1104 993 1185 1034 hoc
1214 990 1405 1038 faciente,
1433 987 1594 1040 Moyses
1627 996 1714 1022 non

380 1085 388 1096 .
421 1073 442 1096 a
478 1056 660 1096 Luciano
701 1054 854 1095 Ariano
886 1050 1148 1100 consecrari,
1188 1046 1257 1088 sed
1286 1062 1308 1086 a
1338 1042 1521 1100 quodam
1549 1038 1715 1094 episco-

256 1127 408 1167 porum
440 1111 512 1166 qui
543 1111 584 1151 in
614 1111 734 1151 exilio
765 1111 952 1156 fuerant;
996 1106 1111 1162 quod
1139 1110 1180 1145 et
1208 1105 1364 1143 factum
1387 1104 1457 1140 est.
1515 1097 1599 1137 hoc
1626 1108 1716 1134 sus-

258 1175 379 1222 cepto
410 1167 546 1209 Mavia
573 1168 723 1207 multos
753 1165 1006 1206 Christianos
1045 1162 1096 1203 de
1123 1158 1340 1202 Saracenis
1387 1153 1539 1196 effecit.
1598 1152 1716 1192 aiunt

257 1231 394 1264 autem
429 1223 526 1279 quia
558 1230 598 1264 et
630 1223 714 1277 ipsa
743 1220 972 1262 Christiana
1001 1223 1103 1268 erat,
1141 1217 1309 1256 natione
1339 1215 1540 1261 Romana,
1572 1215 1614 1250 et
1644 1222 1716 1248 ca·

219 1318 221 1321 .
257 1281 371 1335 ptiva
391 1281 513 1320 ducta
543 1279 699 1334 placuit
725 1284 906 1331 propter
924 1272 1252 1329 pulcritudinem
1281 1269 1369 1325 regi
1389 1269 1713 1311 Saracenorum,

256 1343 299 1376 et
325 1337 382 1376 sic
412 1350 582 1389 regnum
614 1334 808 1375 obtinuit.
835 1332 980 1373 scribit
1006 1345 1109 1371 vero
1137 1329 1267 1369 multa
1301 1327 1352 1367 de
1383 1325 1532 1366 eodem
1563 1334 1717 1376 genere

256 1392 524 1441 sozomenus,
552 1391 664 1431 unde
706 1389 909 1444 originem
939 1388 1100 1442 ceperit
1135 1393 1177 1426 et
1208 1384 1319 1425 unde
1345 1381 1403 1422 sic
1433 1384 1716 1432 nuncupetur,

258 1454 300 1488 et
328 1448 439 1502 quod
471 1446 521 1487 13
562 1462 672 1486 anno
706 1444 1042 1486 circumcidatur.
1120 1455 1255 1496 porro
1298 1437 1430 1480 Gothi
1467 1436 1520 1476 ab
1554 1432 1716 1474 Hunnis

257 1504 485 1558 impugnati
515 1502 707 1543 auxilium
738 1503 788 1542 ab
817 1501 1075 1556 imperatore
1097 1498 1328 1552 postulant,
1361 1499 1402 1535 et
1430 1507 1509 1548 per
1539 1490 1719 1531 Hulfiam

259 1562 499 1613 episcopum
528 1574 647 1600 suum
675 1559 887 1609 Arianum,
917 1557 988 1612 qui
1014 1562 1202 1596 moratus
1237 1553 1312 1594 sub
1345 1547 1590 1591 Constantio
1624 1547 1720 1585 fue-

260 1622 327 1656 rat
355 1631 448 1656 cum
489 1615 679 1655 Eudoxio
723 1620 765 1655 et
805 1614 956 1654 Acacio
987 1611 1162 1653 Arianis.
1237 1609 1307 1649 hic
1339 1606 1500 1648 Gothos
1541 1603 1722 1644 Arianos

60 1691 93 1725 p.
114 1678 178 1714 101
206 1678 249 1714 16
262 1687 345 1712 esse
372 1672 539 1722 docuit,
574 1672 645 1726 qui
684 1670 852 1711 adunati
895 1670 1027 1711 ferme
1052 1666 1202 1724 viginti
1229 1664 1430 1706 Graeciae
1454 1660 1720 1716 depopulan-

261 1734 334 1768 tur
362 1727 609 1781 provincias.
651 1742 735 1782 quo
768 1725 907 1767 audito
937 1726 1100 1776 Valens,
1131 1739 1226 1765 cum
1256 1719 1502 1763 Antiochiae
1531 1717 1725 1772 degeret,

262 1783 375 1824 venit
406 1783 819 1837 Constantinopolim.
891 1782 1078 1838 Byzantii
1123 1794 1224 1822 vero
1266 1776 1464 1820 conviciis
1503 1774 1619 1815 illuni
1649 1780 1721 1813 ut-

263 1846 365 1894 pote
395 1839 616 1878 invalidum
659 1845 700 1880 et
737 1839 942 1880 bellorum
983 1840 1172 1894 fugacem
1211 1833 1540 1876 accumulabant.
1598 1830 1722 1870 Hisa-

264 1896 350 1936 cius
380 1901 539 1947 autem,
579 1910 693 1936 sacer
723 1894 970 1946 monachus,
991 1940 993 1942 ,
1011 1901 1152 1935 tenens
1192 1893 1358 1934 frenum
1387 1890 1484 1945 equi
1516 1887 1729 1938 Valentis,-

264 1966 359 1992 cum
391 1952 604 1992 novissime
647 1953 917 2006 egrederetur
947 1952 988 1992 in
1016 1950 1245 2006 praelium,
1283 1948 1342 1989 ait
1383 1946 1436 1987 ad
1477 1959 1572 1987 eum
1605 1947 1720 1999 “quo

263 2007 389 2072 vadis,
421 2007 646 2061 imperator
682 2007 873 2049 adversus
911 2006 1034 2048 deum
1076 2020 1261 2062 pugnans
1304 2010 1347 2046 et
1375 2003 1498 2044 deum
1526 2000 1724 2042 adversa-

266 2078 376 2104 rium
406 2063 556 2103 liabens
570 2064 609 2102 ’δ”
641 2078 763 2118 quem
791 2065 918 2105 iratus
937 2064 1096 2105 carceri
1119 2061 1307 2114 tradidit,
1339 2066 1522 2101 mortem
1553 2057 1611 2098 illi
1640 2056 1724 2097 mi-

266 2125 409 2168 natus,
454 2120 486 2159 si
514 2120 683 2170 rediret,
715 2119 1061 2174 quemadmodum
1094 2119 1281 2160 Micheae
1322 2116 1538 2172 quondam
1566 2113 1721 2154 Achab.

266 2181 361 2229 post
393 2176 665 2230 egressionem
713 2182 848 2217 autem
888 2177 973 2217 eius
1020 2176 1190 2232 quidam
1218 2190 1265 2216 ex
1304 2174 1385 2214 suis
1422 2171 1597 2212 confessi
1626 2176 1723 2210 sunt

268 2229 384 2295 quod
427 2231 688 2295 praeceperit
730 2232 1000 2273 divinationes
1048 2233 1139 2273 fleri
1183 2231 1235 2272 de
1266 2230 1426 2284 impetu
1453 2228 1578 2278 belli,
1609 2225 1723 2281 quod

268 2287 346 2327 sibi
374 2288 622 2327 imminebat.
695 2303 779 2342 quo
824 2303 919 2328 cum
947 2283 1094 2329 Gothis
1133 2288 1237 2328 inito
1278 2281 1496 2341 superatus
1542 2284 1649 2338 fugit
1679 2283 1722 2322 in

270 2343 479 2407 quandam.
504 2343 790 2384 domunculam
807 2379 818 2398 ,
855 2345 905 2385 ad
936 2361 1060 2400 quam
1099 2360 1194 2385 cum
1222 2342 1396 2385 barbari
1423 2340 1725 2395 pervenissent,

271 2404 440 2438 domum
469 2400 741 2451 incendentes,
771 2401 1022 2455 ignorantes,
1052 2416 1193 2441 omnes
1226 2400 1298 2456 qui
1329 2399 1369 2438 in
1394 2398 1460 2438 illa
1490 2403 1611 2438 erant
1631 2410 1725 2435 cre-

271 2461 498 2519 maverunt.
567 2456 680 2496 aiunt
720 2464 857 2497 autem
899 2458 1012 2512 quod
1054 2457 1216 2497 divinus
1258 2454 1442 2496 Hisacius
1482 2454 1524 2494 in
1555 2466 1727 2492 carcere

272 2510 444 2575 foetoris
469 2511 700 2563 Valentem,
728 2512 825 2552 dum
855 2519 1129 2563 cremaretur,
1160 2511 1297 2553 divina
1328 2511 1461 2567 gratia
1493 2515 1534 2550 et
1564 2509 1725 2548 animae

271 2566 471 2630 munditia
500 2567 830 2622 deprehenderit,
867 2569 1203 2623 praedixeritque
1245 2566 1610 2621 interemptionem
1641 2565 1726 2605 eius

272 2619 332 2660 liis
363 2636 433 2685 qui
463 2637 598 2663 secum
627 2632 757 2676 erant,
800 2632 1022 2680 antequam
1052 2625 1186 2664 nuntii
1220 2625 1477 2665 advenissent
1506 2622 1578 2677 qui
1613 2628 1727 2674 gesta

273 2678 420 2739 praelii
450 2680 698 2720 nuntiarent.
757 2695 841 2735 quo
872 2686 1090 2734 comperto
1109 2681 1329 2721 Gratianus
1344 2683 1548 2734 Augustus
1581 2677 1728 2718 Theo-

276 2732 435 2771 dosium
463 2736 685 2798 Augus-tum
713 2736 849 2776 induit
880 2743 921 2776 et
960 2737 1183 2790 appellavit
1211 2738 1523 2791 imperatorem,
1554 2740 1596 2775 et
1627 2748 1729 2774 con-

276 2792 341 2828 tra
371 2787 530 2830 Gothos
561 2792 718 2834 direxit.
779 2791 939 2833 Gothos
966 2799 1105 2834 autem
1150 2794 1273 2849 vulgo
1304 2791 1477 2848 Scythas
1507 2791 1589 2833 dici
1617 2791 1730 2831 Tra-
