1728 3184
697 188 899 234 NOTAE.
1432 183 1531 233 449

52 299 109 343 δι
140 296 194 357 ἦν
221 299 366 345 αἷτιάν
391 299 692 371 παρελάβομεν
717 301 797 357 τῆν
825 301 1077 357 ὄρθοδοξιάν
1098 300 1306 346 ἐπιτελεῖν
1334 304 1388 361 τῇ
1417 320 1535 358 πρω-

52 374 104 415 τῃ
133 359 317 415 κυριακῇ
343 374 430 400 των
451 355 584 412 αγίων
602 360 832 412 νηστειῶν·
860 361 913 400 ob
941 375 1062 416 quam
1078 376 1240 401 causam
1267 363 1537 403 orthodoxiae

52 401 339 456 celebritatem
369 415 515 471 prima
553 417 792 457 ieium‘omm
838 426 1064 457 sanctorum
1102 417 1305 457 dominica
1336 433 1537 474 peragere

54 473 300 540 accepimus.
321 487 343 511 a
345 471 623 538 Tyropbago
652 472 798 528 itaque
825 473 910 512 sive
942 488 966 512 a
985 474 1168 514 casearia
1198 473 1422 526 dominica,
1451 480 1566 515 non'

57 523 144 566 α’πὸ
172 526 248 581 τῆς
270 525 485 581 (intimem,
517 543 625 585 quae
654 529 910 583 praecedens
940 536 1034 581 est,
1050 537 1092 570 et
1120 544 1385 584 carnisprivii
1400 534 1539 572 Grae-

58 598 157 622 cum
184 584 546 640 quadragesimam
577 584 796 627 exordium
834 597 998 626 sumere
1037 587 1247 626 censebis:
1302 601 1397 626 cum
1426 588 1539 629 inter

57 647 300 696 utramque,
330 656 459 682 carne
478 643 567 691 sola
595 641 830 697 prohibita,
863 642 987 682 etiam
1017 648 1169 698 quirta
1198 649 1395 698 sextaque
1422 645 1539 684 feriis

60 700 177 751 (quas
204 710 340 738 canon
371 699 625 753 apostolicus
646 697 700 738 65
734 698 890 738 ieiunio
927 697 1105 748 dedicat)
1137 715 1159 739 a
1181 713 1298 739 caseo
1330 714 1377 739 ex
1408 701 1541 741 sancti

58 753 288 808 Nicephori
327 754 598 808 patriarchae
640 755 898 805 indulfrentia
926 754 1127 796 sumendo
1155 770 1239 795 non
1268 755 1346 795 sibi
1375 762 1542 810 tempe-

60 815 182 860 rent,
212 815 317 851 teste
345 809 587 866 horologii,
628 812 714 852 sive
742 812 882 852 diurni
918 827 1039 852 sacro
1080 818 1183 868 typo
1217 812 1258 851 in
1289 813 1543 880 protheoria

61 866 115 906 ad
146 873 264 906 notas
294 866 337 906 in
369 867 656 933 Nicephorum
699 884 721 908 a
754 868 927 908 Petavio
959 869 1119 909 relato:
1162 867 1321 908 εἰδέναι
1359 866 1467 935 χρη
1476 884 1541 909 οτι

60 921 113 978 τῇ
142 922 315 975 τετράδι
350 921 426 964 καὶ
458 925 713 993 παρασκευῇ
736 924 811 977 τῆς
833 920 1098 989 τυοοφάγου
1130 921 1235 976 μετὰ
1267 922 1343 977 τήν
1370 922 1543 979 ἐννάτην

59 965 263 1030 ἐσθίομεν
293 976 427 1032 τυρὸν
445 981 521 1020 καί
551 977 629 1030 ωά,
666 967 737 1021 διὰ
767 977 870 1028 τούς
888 980 1143 1031 ’[ακωβίτας,
1166 977 1242 1019 καί
1270 980 1541 1034 τετραδίτας,

62 1049 169 1075 κατα
187 1031 265 1075 τόν
280 1033 438 1076 κανόνα
450 1037 531 1078 τοῦ
544 1038 589 1078 ἐν
604 1033 735 1090 ἁγίοις
750 1034 908 1089 πατρὸς
927 1035 1049 1089 ἡμῶν
1068 1032 1322 1090 Νικηφόρον
1341 1051 1415 1077 του
1402 1037 1540 1077 ΚΠ.

60 1091 267 1132 sciendum
279 1093 406 1144 seria
433 1104 583 1150 quarta
609 1103 648 1133 et
668 1108 894 1150 parasceve
924 1103 1015 1147 post
1033 1096 1262 1134 caseariam
1289 1093 1542 1134 dominicam

60 1161 174 1187 nona
203 1147 332 1199 dicta,
362 1163 527 1190 caseum
553 1159 593 1190 et
620 1165 700 1190 ova
731 1165 801 1190 nos
828 1150 1037 1190 comedere
1061 1160 1231 1216 propter
1256 1148 1474 1200 lumbicus,
1505 1159 1546 1190 et

60 1204 271 1244 tetraditas
301 1220 358 1246 ex
386 1221 538 1246 canone
578 1205 621 1246 S.
651 1207 700 1249 P.
741 1207 794 1246 N.
826 1206 1047 1261 Niceplzori
1083 1206 1264 1270 episcopi
1307 1205 1395 1246 CP.
1429 1212 1544 1246 cete-

62 1274 159 1300 rum
189 1275 274 1316 qua
305 1263 471 1303 ratione
493 1278 687 1303 numerus
719 1262 1073 1317 quadragenaiius
1103 1265 1275 1318 mystice
1295 1267 1337 1300 et
1362 1262 1543 1315 figurate

59 1316 103 1355 in
135 1317 293 1357 ieiunio
320 1319 375 1358 sit
407 1320 684 1361 attendendus
729 1319 901 1374 exponit
938 1319 1142 1360 Blastares
1172 1319 1269 1359 loco
1294 1331 1424 1372 supra
1450 1333 1543 1359 me-

60 1380 246 1417 morato.

173 1442 270 1497 349,
300 1445 342 1490 8.
411 1445 673 1503 παρελήφθη
720 1446 745 1502 ἦ
785 1446 947 1504 Ῥώμη]
995 1446 1450 1489 Pseudo-Marcellinus
1489 1448 1544 1488 ad

62 1503 278 1543 Iustiniani
307 1519 461 1543 annum
489 1504 741 1545 vicesimum.
805 1506 847 1545 Τ
842 1507 944 1545 οιιία
965 1506 1063 1545 dolo
1093 1509 1332 1545 Isaurorum
1364 1506 1544 1558 ingredi·

56 1559 170 1600 ditur
196 1561 373 1601 Romam
401 1561 470 1600 die
505 1560 558 1601 16
587 1561 673 1602 kal.
705 1563 827 1602 Ianu.
857 1576 910 1602 ac
940 1564 1084 1602 evertit
1116 1576 1265 1611 nmros,
1292 1562 1430 1601 domos
1458 1563 1543 1600 ali·
1579 1605 1587 1612 ¹

55 1625 232 1670 quantas
258 1617 346 1670 igni
370 1618 621 1669 comburens,
651 1632 705 1659 ac
728 1633 865 1658 omnes
882 1619 1159 1659 Romanorum
1190 1632 1254 1657 res
1275 1619 1319 1657 in
1336 1617 1540 1672 praedam

55 1674 224 1728 accepit,
260 1680 342 1714 etc.

168 1746 278 1788 Ibid.
295 1744 335 1787 9.
391 1742 466 1786 καί
490 1744 513 1785 ὅ
545 1743 690 1794 πάντας
712 1747 901 1798 Etyma:
918 1746 1173 1799 παρεγένετο
1192 1744 1238 1787 ἐν
1255 1745 1385 1801 ΚΠ]
1415 1746 1539 1787 idem.

59 1816 176 1858 papa
205 1802 252 1842 V
247 1803 384 1857 igilius
412 1804 607 1858 ingressus
633 1814 690 1844 est
719 1805 802 1844 CP.
833 1803 860 1844 8
887 1804 968 1844 kal.
997 1804 1041 1842 F
1037 1804 1146 1846 ebru-

169 1876 281 1916 Ibid.
312 1875 377 1917 10.
436 1874 683 1929 ὑπισχνεῖτο
716 1881 853 1917 ποιεῖν
880 1874 1049 1930 ἕνωσιν]
1082 1875 1307 1917 Facundus
1345 1876 1541 1917 Hermia·

62 1932 196 1972 nensis
229 1939 378 1973 contra
400 1934 660 1974 Mociauum:
688 1936 880 1991 quoniam
909 1934 1071 1974 occulta
1104 1933 1193 1972 cius
1220 1943 1314 1973 ante
1343 1934 1541 1973 iudicium

52 1989 298 2044 pollicitatio
324 1991 547 2041 tenebatur,
578 1992 621 2031 in
645 2006 729 2047 qua
756 2005 800 2030 sc
827 1991 1041 2055 spopondit
1068 1990 1211 2029 eadem
1244 1991 1429 2044 capitula
1458 1990 1540 2028 da·

56 2053 301 2096 mnatarum,
330 2052 410 2086 etc.
452 2047 573 2086 infra.
600 2047 653 2087 de
680 2048 805 2104 ipsius
835 2047 1017 2103 episcopi
1043 2047 1224 2086 Romani
1249 2047 1539 2100 chirographis,

55 2107 135 2141 etc.
164 2104 432 2142 necessarium
471 2103 671 2144 demimus
712 2118 792 2144 non
823 2113 986 2155 tacere,
1018 2108 1096 2143 etc.
1137 2102 1285 2144 eadem
1315 2103 1537 2142 Liberatus

54 2156 261 2198 breviarii
287 2172 379 2213 cap.
413 2158 477 2199 22.

164 2231 362 2276 Ibid.12.
421 2229 479 2280 ὥς
500 2231 763 2285 ἐπαρθέντα]
796 2233 1029 2274 correctius
1058 2231 1276 2285 ἐπαρθείς.
1333 2244 1456 2271 voces
1483 2230 1534 2270 ab

54 2288 270 2328 Anastasio
316 2288 357 2328 in
403 2290 608 2343 excerptis
659 2291 849 2331 omissae.
910 2291 1051 2329 forsan
1093 2290 1145 2328 ab
1178 2288 1320 2342 aliquo
1354 2287 1534 2326 additae.

51 2346 237 2385 suaviter
261 2346 616 2400 interpretandae.
673 2356 791 2387 tanta
818 2349 956 2387 animi
962 2346 1140 2401 fiducia
1160 2359 1262 2395 usus,
1295 2358 1342 2383 eo
1367 2358 1409 2382 sc
1438 2344 1535 2382 ani-

52 2414 122 2440 mo
148 2403 321 2442 effendit.-
361 2403 462 2442 adeo
505 2404 711 2443 animatus
742 2413 813 2443 est.
885 2403 1077 2457 displicet
1107 2401 1265 2456 quippe
1290 2414 1337 2439 ex
1367 2401 1533 2439 Graeco

51 2456 283 2512 Nicephori
316 2457 422 2500 baec
452 2460 607 2499 versio.
667 2474 713 2499 eo
737 2460 978 2500 insolentiae
1003 2471 1235 2514 progressus
1263 2465 1334 2495 est.

165 2532 275 2573 Ibid.
301 2531 369 2572 13.
427 2529 792 2585 ἅκοινωνησιάνδ’
818 2531 983 2586 μηνῶν]
1019 2529 1238 2572 Facundus
1258 2527 1535 2568 Hermianen..

51 2586 104 2627 sis
133 2587 206 2633 lib.
234 2589 277 2631 4.
331 2590 407 2629 sed
432 2603 521 2630 ecce
545 2604 629 2628 ιαηι
659 2591 825 2629 veniens
859 2604 916 2630 ex
943 2590 1085 2628 itinere
1114 2584 1328 2639 (Vigiiius)
1356 2584 1471 2640 quod
1497 2600 1536 2624 et

51 2643 265 2685 mdebacur
291 2647 438 2697 ediae·,1t
469 2655 508 2685 et
518 2647 642 2696 sacti
666 2646 780 2686 huius
808 2646 970 2685 auctori
998 2645 1215 2698 (Mennae)
1245 2642 1534 2681 correctionem

50 2701 338 2743 tumultuariae
376 2717 479 2742 suae
509 2703 833 2768 transgressionis
877 2702 1044 2750 indixit,
1080 2705 1157 2740 etc.
1188 2703 1339 2737 contra
1368 2698 1533 2737 Mocia-

55 2770 180 2797 num.
204 2769 375 2814 propter·
396 2759 507 2813 quod
532 2759 624 2798 illos
655 2761 726 2814 qui
754 2759 900 2813 talibus
924 2757 1338 2802 communicaverant,
1367 2755 1534 2793 veniens

51 2813 94 2850 in
126 2816 280 2867 regiam
310 2817 523 2855 civitatem
550 2831 578 2855 a
606 2816 878 2855 communione
905 2813 1126 2868 suspendit.
1200 2810 1406 2850 videndus
1438 2810 1531 2848 Sin-

196 2897 436 2944 Theophanes
466 2899 517 2934 11
1217 2892 1262 2925 29
