1728 3184
218 191 314 238 382
727 197 783 239 m
804 195 1180 239 THEOPHANEM

217 311 453 354 debuisset:
486 317 580 352 ante
612 311 635 352 7
668 312 864 353 nimirum
902 313 966 353 vel
998 312 1026 353 8
1054 326 1197 363 annos,
1229 312 1378 367 quibus
1407 318 1610 367 occupata
1643 313 1683 354 in

216 368 356 409 Sicilia
387 366 579 408 adversus
607 369 868 409 Giserichum
898 369 1122 410 Theodosii
1154 369 1277 410 classe
1308 369 1433 409 Attila
1462 369 1686 413 Thraciam

218 425 342 465 armis
373 425 614 465 infestabat:
645 431 687 466 et
708 426 745 466 ei
768 425 1022 481 depulsando
1046 431 1257 477 revocata,
1277 440 1353 465 nec
1381 426 1537 466 levibus
1554 441 1688 480 proe-

218 482 278 521 liis
310 495 406 521 cum
434 495 484 522 eo
532 481 671 534 initis,
714 497 902 537 paceque
943 483 1112 523 tandem
1147 483 1223 523 sub
1263 482 1413 523 tributi
1445 483 1689 523 conditione

217 538 463 592 composita,
491 538 750 580 Theodosius
779 538 995 579 defunctus
1031 544 1102 580 est.

333 609 426 658 158,
454 603 492 646 9.
551 605 822 662 Ὀμνουδίο-υ]
861 606 1155 647 Mandzaccum
1195 605 1344 646 scribit
1376 605 1602 647 lornandes
1636 605 1689 645 de

219 663 341 703 rebus
373 665 467 704 Get.
503 663 756 703 Omundium
790 663 886 703 Vat.
918 679 992 713 ms,
1027 664 1067 703 in
1098 662 1223 703 variis
1259 662 1351 702 lect.
1383 663 1561 703 fratrem
1593 676 1692 703 vero

217 720 392 770 Bletam‚
419 720 618 774 Prosper,
647 720 823 768 Budam,
847 719 1115 760 aliiBledam.

334 788 426 838 160,
459 789 522 830 12.
581 784 810 842 νουμέρου]
842 793 1016 840 possunt
1046 787 1129 827 huc
1156 785 1350 826 accersiri
1380 799 1489 841 quae
1507 783 1558 824 de
1587 798 1692 824 voce

217 838 405 894 ἀριθμὸς
450 843 500 882 ad
528 857 652 897 pagg.
684 841 739 882 43
758 849 799 883 et
818 841 873 882 64
901 842 1091 898 superius
1130 842 1428 882 annotavimus,
1488 838 1696 894 νούμερον

219 900 328 938 enim
359 914 405 940 ex
424 900 572 939 Latina
604 913 706 938 voce
751 898 974 940 deductam
1013 898 1186 940 eandem
1221 898 1536 953 significantiam
1565 897 1691 937 sorti-

221 962 302 1005 tur,
330 958 526 996 cohor-tem
569 954 786 1006 videlicet,
820 955 884 995 vel
927 957 1135 1010 legionem.
1197 955 1439 1010 Apollonius
1467 954 1694 1008 presbyter

220 1011 332 1065 apud
360 1013 587 1052 Meursium
620 1011 671 1052 (le
714 1013 875 1052 excidio
905 1013 1108 1052 Hierosol.
1150 1010 1219 1051 lib.
1250 1011 1290 1052 3.
1330 1011 1515 1051 laudavit
1541 1011 1694 1065 ineptus

218 1070 344 1109 verba
374 1070 490 1108 ducis
523 1067 657 1122 Vafri
681 1083 880 1112 numerus.
924 1068 1212 1108 oecumenicus
1245 1068 1297 1107 ad
1326 1073 1404 1106 act.
1435 1071 1570 1121 apost.
1602 1081 1692 1119 cap.

224 1128 287 1167 15.
319 1125 392 1165 καί
420 1121 498 1177 τὴν
526 1123 648 1174 α’ξίαν
678 1120 917 1180 ἐδήλωσεν,
948 1124 993 1164 ἐκ
1023 1124 1198 1176 σπείρης
1223 1119 1353 1163 εἰπών
1381 1124 1456 1175 τῆς
1486 1122 1695 1172 καλουμέ-

219 1195 292 1234 νης
315 1179 531 1233 Ἰταλικῆς.
589 1184 744 1232 σπεῖρα
776 1180 823 1221 δέ
847 1181 963 1221 ἐστιν
993 1176 1016 1219 ὃ
1049 1180 1260 1231 καλοῦμεν
1288 1180 1361 1219 νῦν
1389 1175 1605 1231 νούμερον.
1631 1178 1696 1217 di-

215 1239 408 1291 gnitatem
434 1251 589 1292 quoque
617 1237 911 1289 manifestavit,
941 1253 996 1277 ex
1027 1237 1184 1291 legione
1214 1237 1351 1277 dicens
1379 1235 1562 1276 Italica:
1593 1235 1696 1289 legio

217 1295 364 1350 qnippe
394 1303 452 1334 est
478 1292 592 1350 qaod
615 1308 824 1334 numerum
854 1309 957 1335 nunc
987 1308 1191 1334 vocamus.

335 1375 427 1423 161,
463 1371 526 1416 14.
586 1371 858 1429 δομὲστικος]
891 1372 1052 1414 Suidas.
1077 1371 1318 1423 δομὲστικοι
1348 1366 1386 1411 οἱ
1405 1370 1488 1410 τῶν
1508 1364 1696 1420 ‘Panem'-

221 1444 280 1470 ων
296 1425 448 1478 ἱππεῖς.
481 1426 520 1469 οἱ
543 1426 646 1468 κατὰ
670 1426 904 1480 Ῥωμαίους
929 1427 1133 1471 οἰκειακοί
1159 1427 1435 1480 στρατιῶται.
1493 1426 1698 1467 domestici

218 1495 308 1527 sunt
339 1487 613 1526 Romanorum
645 1489 807 1542 equite&
880 1487 1072 1527 satellites
1116 1485 1330 1525 domestici
1364 1481 1584 1523 secundam
1615 1484 1697 1523 Ro-

223 1557 377 1583 manos.
435 1543 619 1582 Zonaras
653 1544 692 1582 in
725 1542 1006 1584 Diocletiano.
1037 1539 1314 1593 δομεστίκους
1343 1539 1390 1579 δὲ
1419 1536 1520 1585 τούς
1546 1536 1700 1586 ἱππέας

222 1599 333 1646 τινὲς
362 1597 597 1649 νομίζουσι.
671 1599 910 1639 domesticos
951 1599 1118 1656 quidam
1162 1605 1320 1637 censent
1365 1596 1516 1651 equites
1543 1596 1702 1635 vocari.

203 1655 457 1709 Procopius
490 1654 676 1696 debello
705 1655 936 1696 vandalico
983 1655 1053 1696 lib.
1085 1658 1106 1699 1
1135 1654 1396 1694 Marcianum
1429 1651 1703 1692 domesticum

223 1712 410 1766 exponit.
467 1712 540 1752 ille
568 1727 609 1753 se
637 1713 814 1768 Aspar-is
841 1726 1090 1753 arcanorum
1130 1710 1311 1750 omnium
1349 1710 1504 1749 socium
1532 1722 1614 1749 esse
1640 1708 1704 1748 in-

223 1769 334 1826 quit,
362 1783 478 1824 quem
507 1769 692 1809 Romani
719 1769 980 1809 domesticum
1010 1776 1170 1808 vocant.

346 1839 438 1887 162,
463 1839 502 1880 9.
562 1831 583 1874 ὅ
608 1836 655 1876 δὲ
678 1830 892 1890 Ἀττιλᾶς]
926 1835 975 1875 ad
997 1850 1150 1875 annum
1172 1832 1374 1874 Marciani
1394 1831 1580 1887 primum
1607 1829 1705 1871 lda-

225 1892 275 1933 tii
305 1893 592 1947 Prosperique
623 1893 772 1933 chron.
804 1892 907 1933 haec
939 1893 1139 1933 referunt.

339 1966 450 2007 Ibid.
487 1965 551 2009 14.
610 1964 728 2018 παρὰ
759 1963 938 2018 Λῆγουν
967 1960 1174 2016 ποταμόν]
1222 1962 1278 2003 ita
1309 1962 1539 2017 Gregorius
1567 1961 1707 2002 Turo-

230 2023 378 2063 nensis.
435 2022 616 2070 matius,
646 2028 688 2062 et
725 2022 950 2061 lornandcs
989 2021 1040 2061 de
1085 2020 1206 2060 rebus
1237 2019 1416 2070 Geticis,
1454 2017 1625 2059 Attilam
1655 2017 1708 2058 ad

230 2093 398 2134 campos
413 2079 702 2118 Catalaunicos
733 2083 997 2132 prostratum
1028 2083 1226 2117 asserunt.

345 2159 438 2209 163,
474 2159 513 2202 6.
572 2155 596 2210 ἦ
629 2155 673 2197 ἐν
704 2152 947 2208 Χαλκηδόνι
995 2150 1096 2208 ἁγία
1126 2155 1200 2197 καί
1239 2150 1538 2208 οἰκουμενική]
1572 2151 1708 2204 ldatii,

230 2222 272 2257 et
301 2214 626 2256 Alexandrinum
653 2211 854 2253 chronica
885 2211 1167 2253 consentiunt.

347 2293 439 2345 164,
461 2295 526 2338 10.
558 2288 862 2345 ἐχειροτονήθη
885 2290 931 2332 δὲ
955 2286 974 2331 ὅ
1000 2290 1254 2343 Προτέριος]
1279 2288 1587 2344 diagrammatis
1611 2288 1709 2328 Ale-

230 2351 430 2393 xandriae
464 2348 805 2406 patriarcharum
834 2353 984 2388 auctor
998 2347 1212 2387 Abraham
1226 2345 1515 2396 Ecchessensis,
1544 2344 1709 2385 diverso

229 2423 402 2463 prorsus
434 2407 606 2457 ordine,
633 2410 675 2445 et
714 2404 949 2444 nominibus
981 2403 1031 2443 ad
1048 2403 1316 2444 Athanasium
1346 2403 1522 2442 nominis
1554 2415 1708 2442 secun-

232 2465 331 2505 dum
361 2463 646 2519 patriarcham
666 2461 863 2501 Alexand.
895 2466 1111 2516 sequentes
1129 2466 1226 2514 post
1253 2460 1509 2499 Dioscorum
1540 2458 1712 2499 ordinat

232 2523 315 2561 hoc
344 2527 484 2575 pacto.
559 2520 601 2559 Τ
596 2519 787 2558 imotlteas
819 2527 912 2572 post
949 2519 1096 2558 obitum
1126 2517 1318 2556 Dioscori
1359 2517 1593 2557 constitutus
1630 2522 1711 2554 est:

236 2593 402 2632 magnas
430 2577 603 2634 pertulit
629 2574 683 2615 ab
722 2575 948 2614 hominibus
986 2574 1219 2614 contrariae
1245 2573 1447 2625 factionis
1475 2572 1709 2611 tribulatio-

233 2649 315 2685 nes,
346 2648 501 2675 necnon
530 2634 575 2672 in
621 2631 793 2672 exilium
832 2640 1003 2670 exactus
1045 2639 1101 2669 est
1126 2644 1219 2669 cum
1246 2629 1444 2668 Anatolio
1455 2629 1613 2680 fratre,
1643 2627 1715 2666 sed

229 2699 320 2745 post
349 2690 593 2731 novennium
636 2688 846 2728 restitutus,
915 2687 1015 2727 obiit
1052 2685 1346 2726 Alexandriae
1375 2685 1550 2740 septima
1584 2683 1716 2722 Most-i

235 2746 302 2785 die
335 2747 521 2789 Veneris.
554 2746 639 2799 egit
674 2744 715 2783 in
740 2743 990 2798 pontificatu
1019 2742 1248 2783 secundum
1286 2739 1464 2782 eundem
1495 2752 1623 2780 annos
1645 2738 1713 2787 22,

196 2827 199 2831 ·
238 2802 321 2843 dies
351 2801 446 2845 330.
507 2801 709 2858 sequitur.
745 2800 888 2842 Petras
910 2800 1036 2855 paulo
1067 2808 1284 2854 postquam
1322 2796 1504 2852 saffectus
1535 2805 1607 2847 est,
1627 2793 1715 2849 fuit
