1768 3268
243 217 260 241 .,·
407 207 443 234 .·
553 204 619 248 Ex
659 206 1009 249 TnEOPl-IANE.
1451 200 1514 248 95

38 322 285 364 lastinianus
323 322 562 378 imperator
600 323 886 377 promulgavit
915 336 968 363 ne
997 323 1228 366 militarent
1255 322 1406 379 pagani
1436 336 1512 362 nec

35 381 248 431 baeretici,
282 379 358 421 nisi
386 379 462 420 soli
493 378 721 420 orthodoxi
752 379 991 432 Christiani,
1030 381 1130 422 dans
1157 382 1235 422 illis
1263 387 1306 422 et
1334 379 1512 421 indutias

31 450 168 494 usque
198 437 250 478 ad
279 433 437 477 menses
464 442 546 477 tres
575 437 628 476 ad
660 436 992 478 conversionem.

148 509 339 567 Septimo
379 508 544 566 imperii
587 509 803 550 Iustiniani
848 523 958 550 anno
1006 510 1118 550 facta
1157 515 1254 550 suut
1283 508 1513 551 Vandalica
1528 514 1642 558 1³·287
1677 514 1700 548 5

34 567 168 618 bella,
206 573 248 608 et
291 567 454 622 recepit
491 565 710 607 Belisarius
750 565 949 607 Africam.
1022 566 1205 623 denique
1231 566 1411 608 Vandali
1439 567 1513 608 sub

33 624 215 665 Arcadio
244 627 287 666 et
314 622 508 664 Honorio
542 622 593 663 ad
625 623 869 678 Hispaniam
903 622 1118 664 venientes
1151 639 1247 664 cum
1275 623 1514 678 Godigisclo

34 695 135 737 rege
162 682 324 734 suo,'et
351 695 399 721 ex
427 694 474 722 ea
507 679 550 721 in
583 680 762 736 Libyam
792 685 1067 732 transeuntes,
1099 680 1208 721 banc
1234 679 1516 735 comprehen-

34 737 202 779 derunt.
262 735 502 794 Godigisclo
532 751 636 778 vero
658 743 831 778 mortuo
850 737 1092 778 Gizerichus
1121 738 1207 778 eius
1227 737 1515 792 principatum

32 795 225 850 suscepit.
283 794 350 835 cui
389 794 582 835 successit
624 793 893 835 Honorichus
937 794 1044 834 filius
1074 794 1174 847 eius,
1208 809 1384 850 regnum
1414 794 1514 834 ade-

31 859 155 907 ptus3
187 851 262 908 qni
298 851 430 892 multa
463 851 571 891 mala
604 850 847 892 Christianis
889 851 963 907 qui
992 851 1033 891 in
1063 851 1197 908 Libya
1223 858 1347 893 erant
1378 857 1516 891 osten-

33 908 123 960 dit,
161 915 205 950 et
244 907 478 949 arianizare
527 908 693 964 coegit,
739 915 780 949 et
813 907 967 948 multos
995 908 1176 960 occidit,
1209 915 1252 950 et
1280 908 1465 963 linguam
1493 923 1515 947 a

34 971 208 1021 gutture
239 965 512 1022 quorundam
544 964 734 1017 abscidit,
766 965 840 1021 qui
861 965 989 1006 etiam
1017 964 1083 1006 dei
1103 965 1240 1021 gratia
1268 971 1415 1020 postea
1449 965 1516 1004 lo-

34 1022 286 1079 quebantur.
355 1022 576 1077 episcopus
620 1029 760 1063 autem
802 1021 972 1077 quidam
1015 1022 1241 1063 Orientalis
1270 1022 1403 1077 partis
1435 1021 1648 1069 im-p·29¹
1678 1020 1702 1054 3

33 1085 279 1135 peratorem
309 1079 581 1120 lastinianum
609 1078 831 1131 deterruit,
867 1079 1007 1120 dicens
1028 1093 1076 1120 ex
1097 1078 1176 1120 deo
1208 1079 1285 1119 sibi
1315 1079 1516 1120 visionem

32 1139 211 1189 iactam,
248 1136 464 1177 iubentem
505 1136 582 1178 sibi
613 1136 666 1178 ad
700 1135 1003 1191 imperatorem
1037 1136 1267 1188 accedere,
1297 1142 1339 1177 et
1368 1141 1516 1191 postu-

33 1193 122 1234 lare
150 1199 200 1234 ut
230 1192 485 1234 Christianos
529 1192 602 1248 qui
643 1198 766 1235 erant
796 1192 840 1232 in
869 1193 1002 1249 Libya
1029 1192 1232 1234 liberaret
1262 1208 1285 1233 a
1313 1192 1517 1249 tyrannis.

34 1250 185 1307 quibus
209 1249 443 1305 imperator
482 1249 633 1290 auditis
664 1249 851 1291 retinere
887 1256 1070 1291 mentem
1101 1249 1214 1290 ultra
1246 1263 1331 1290 non
1359 1249 1516 1305 potuit,

34 1307 105 1348 sed
138 1314 223 1348 tam
254 1306 485 1348 exercitum
515 1312 557 1347 et
587 1321 710 1348 naves
743 1307 867 1347 armis
888 1306 1166 1348 circumdedit
1196 1311 1239 1348 et
1266 1306 1463 1347 victualia
1482 1309 1515 1358 *)

34 1363 334 1420 praeparavit,
364 1363 695 1419 Belisariumque
741 1363 782 1403 in
832 1363 1061 1418 procinctu
1100 1378 1182 1405 esse
1227 1363 1445 1418 praecepit
1473 1363 1515 1403 in

33 1421 208 1477 Libyam
238 1426 482 1476 praetorem
513 1420 781 1471 mittendum,
812 1435 937 1476 quem
981 1426 1022 1462 et
1053 1426 1299 1476 praetorem
1327 1421 1513 1475 impera-

34 1485 107 1518 tor
135 1477 443 1532 principaliter,
476 1482 518 1518 et
548 1477 589 1516 in
610 1477 804 1517 omnibus
834 1477 992 1518 statuit.
1050 1485 1144 1519 erat
1171 1483 1312 1518 autem
1336 1491 1431 1518 cum
1462 1491 1511 1518 eo
1529 1486 1645 1530 p.293

34 1541 76 1576 et
105 1535 366 1588 Procopius,
396 1531 547 1574 harum
579 1548 723 1575 rerum
753 1534 1037 1589 conscriptor.
1095 1534 1411 1589 proficiscentes
1440 1549 1515 1574 au-

34 1598 120 1632 tem
147 1606 171 1631 a
202 1592 317 1646 regia
343 1590 451 1632 urbe
479 1591 678 1632 adierunt
696 1589 904 1647 Abydum.
960 1591 1179 1632 Belisarius
1206 1606 1311 1632 vero
1341 1592 1518 1632 curabat

35 1648 231 1704 quatinus
277 1647 492 1689 universus
533 1649 661 1689 stolus
707 1647 828 1688 simul
866 1647 1084 1703 navigaret
1125 1654 1167 1689 et
1208 1648 1249 1688 in
1294 1648 1517 1702 praedium

35 1705 147 1747 idem
176 1705 313 1760 ipsum
339 1703 584 1748 diverteret.
645 1719 829 1761 cumque
855 1704 907 1745 ad
929 1704 1111 1746 Siciliam
1135 1706 1404 1761 pervenisset,
1434 1705 1517 1745 mi-

31 1761 86 1803 sit
123 1762 385 1816 Procopium
425 1762 759 1817 conscriptorem
791 1763 1070 1818 Syracusam,
1102 1763 1135 1803 si
1165 1763 1279 1803 forte
1308 1762 1518 1803 inveniret

35 1819 239 1874 quosdam
267 1818 340 1874 qui
364 1833 408 1859 se
437 1818 480 1858 in
508 1819 685 1875 Libyam
715 1818 931 1862 ducerent.
1004 1819 1092 1873 ipse
1118 1832 1222 1860 vero
1252 1819 1361 1859 stolo
1393 1833 1515 1859 acce-

33 1882 111 1929 pto
144 1875 194 1916 ad
222 1876 458 1916 Caucanam
489 1875 740 1931 properavit
778 1876 943 1926 villam,
974 1874 1055 1917 200
1089 1890 1112 1916 a
1140 1876 1345 1931 Syracusa
1373 1876 1516 1916 stadiis

34 1931 309 1974 differentem.
368 1933 604 1987 Procopius
630 1947 734 1987 ergo
762 1933 1012 1988 Syracusam
1039 1933 1241 1988 ingressus
1274 1947 1382 1974 escas
1414 1933 1516 1974 emit

33 1988 147 2043 apud
187 1988 548 2040 Amalasuntbam,
589 2004 764 2031 uxorem
801 1989 1118 2040 Tbeuderiehi,
1157 1996 1335 2031 matrem
1374 1995 1514 2030 autem

34 2045 263 2086 Atalarichi
292 2047 398 2101 regis
430 2047 585 2097 ltaliae,
615 2046 840 2087 amicitiam
856 2061 956 2101 erga
976 2047 1249 2087 lastinianum
1274 2046 1512 2087 habentem.

34 2108 281 2143 consecutus
313 2118 486 2158 quoque
514 2110 575 2144 est
605 2103 823 2158 inopinate
851 2104 991 2144 virum
1022 2103 1096 2158 qui
1128 2103 1206 2144 sibi
1235 2104 1375 2145 fuerat
1406 2104 1513 2144 ami-

35 2173 106 2199 cus
139 2175 164 2199 a
189 2173 342 2213 puer0‚
373 2160 531 2215 quique
571 2161 906 2215 experimentum
939 2161 1093 2202 habens
1131 2160 1290 2216 Libyae
1319 2160 1515 2201 locorum

35 2222 78 2256 et
100 2216 239 2275 mark,
267 2221 352 2256 tres
382 2223 547 2258 tantum
578 2217 663 2258 dies
693 2217 951 2259 transierant
981 2231 1028 2258 ex
1058 2231 1143 2272 quo
1164 2216 1416 2272 Carthagine
1442 2232 1516 2256 ve-

36 2279 174 2313 nerat.
243 2278 287 2313 et
334 2274 593 2314 asseverabat
635 2289 802 2315 omnem
849 2274 1116 2316 securitatem
1145 2273 1304 2316 habere
1332 2274 1444 2324 illos,
1476 2278 1518 2313 et

33 2327 148 2370 haud
176 2336 367 2370 metuere
396 2344 636 2385 quenquam
664 2330 838 2372 illorum
881 2331 996 2386 quod
1023 2329 1219 2372 adversus
1247 2345 1290 2372 se
1320 2343 1516 2370 movere-

34 2391 108 2426 tur
131 2386 349 2438 exercitus,
373 2386 432 2427 ita
453 2393 500 2428 ut
521 2402 545 2426 a
564 2393 770 2442 quattuor
795 2387 1076 2428 mansionibus
1094 2389 1151 2437 **)
1181 2387 1306 2428 maris
1328 2387 1514 2427 Gelimer

35 2448 296 2485 moraretur.
367 2442 482 2484 hunc
522 2457 625 2499 ergo
668 2451 924 2500 assumptum
965 2444 1203 2500 Procopius
1232 2444 1286 2485 ad
1317 2444 1513 2484 caucana

80 2577 113 2624 *)
138 2577 327 2625 victualia]
352 2581 603 2620 commeatum,
629 2578 739 2614 victui
759 2580 972 2615 necessaria.
1001 2580 1151 2613 Glossae
1167 2577 1348 2612 Dositbei:
1375 2577 1511 2611 alimo-

128 2625 203 2666 nia,
233 2626 418 2660 victualia.
444 2626 669 2661 Flodoardus
705 2627 790 2663 hist.
818 2629 905 2663 eccl.
943 2629 1041 2662 Rem.
1066 2628 1090 2663 2
1120 2627 1178 2661 11:
1217 2625 1431 2660 sufficientia
1453 2626 1510 2660 vi-

128 2673 266 2707 ctualia
292 2675 495 2709 constituit.
549 2675 651 2708 Fun.

57 2738 106 2785 ⁰)
129 2738 393 2786 mansionibus]
420 2739 602 2787 Sulpicius
629 2740 781 2774 Severus
807 2740 844 2774 in
871 2740 1051 2774 Mai-tino:
1082 2737 1238 2771 sedecim
1263 2735 1513 2770 mansionibus

131 2785 247 2868 ibest.
297 2787 405 2834 plura
435 2787 481 2822 de
521 2788 776 2823 mansionibus
803 2787 887 2822 dico
912 2788 958 2822 ad
998 2788 1054 2822 tit.
1082 2786 1105 2820 3
1129 2785 1248 2819 dictae
1273 2785 1513 2819 collectionis.

163 2846 243 2868 Ana.
