1728 3184
677 201 877 245 NOTAE.
1417 190 1515 239 325

42 311 168 355 cratis
194 291 453 355 auctoritate
478 327 674 355 errorem
703 315 842 370 priori
881 321 980 356 nota
1010 316 1314 359 manifestatum
1340 317 1386 360 in
1415 329 1513 357 suos

45 370 227 411 calculos
257 368 428 411 deduxit
453 370 744 426 Theophanes,

155 435 229 489 32,
261 437 302 480 2.
371 437 666 493 μυστικωτέρᾳ
699 437 937 493 χειροτονίᾳ
976 438 1279 495 βεβαιοῦσθαι]
1323 439 1516 480 Meletia..

42 507 118 534 nos
146 491 383 534 sacerdotes
424 495 621 535 ecclesiae
664 494 967 545 restituendos,
1008 511 1206 536 manuum
1248 496 1516 551 impositione

42 554 167 605 (quae
195 549 262 589 vel
284 549 442 590 ordinis
469 551 744 598 consecratio,
778 551 839 590 vel
867 551 1151 604 poenitentiae
1170 567 1287 592 sacer
1302 552 1406 592 ritus
1433 552 1517 592 exi-

39 606 191 657 stebat]
215 605 336 646 fuisse
354 607 624 647 confirmatos
643 606 800 661 triplici
815 612 942 661 pacto
973 608 1146 662 intelligi
1178 623 1295 663 posse
1315 608 1516 648 arbitror.

48 663 81 702 l.
103 667 151 702 ut
168 667 309 716 patres
329 663 493 718 antiqui
520 663 831 703 haereticorum
850 670 893 703 et
908 663 1264 705 schismaticorum
1284 678 1518 704 sacramen-

42 718 95 758 tis
124 718 334 774 quibusvis
362 725 532 773 praeter
562 720 813 774 baptismum
842 720 1029 772 reiectis,
1058 721 1376 761 Meletianorum
1406 734 1517 774 quo-

45 789 128 830 que
156 774 423 816 sacerdotum
459 777 776 830 promotionem
814 776 965 817 nullius
997 791 1081 818 esse
1111 777 1279 818 roboris
1312 777 1517 816 deberent

44 831 294 872 aestimare:
327 837 370 872 et
401 839 633 887 eapropter
663 833 715 873 ad
745 833 939 874 ecciesiae
971 835 1235 874 consortium
1265 833 1407 873 redire
1436 846 1514 872 cu-

43 887 217 941 pientes,
246 888 540 944 μυστικωτέρᾳ
567 890 808 944 χειροτονίᾳ
846 890 1187 935 κατασταθέντας
1214 891 1414 929 sanctiore
1448 902 1518 927 01·-

40 943 255 984 dinaeione
287 944 419 998 (quasi
435 946 560 999 prior
588 946 785 986 extitisset
808 945 1045 1000 prophana)
1074 947 1297 986 constitutos
1326 952 1366 985 et
1396 959 1517 984 crea-

43 1005 108 1039 tos
137 998 384 1040 sacerdotes.
415 1015 503 1040 eam
532 1002 790 1053 sententiam,
821 1016 946 1056 quam
976 1004 1200 1042 Gratianus
1221 1002 1319 1041 olim
1353 1007 1394 1041 et
1417 1001 1517 1040 Pal·

43 1057 106 1096 lca
138 1061 299 1097 certam
328 1062 569 1107 tenuerunt,
601 1058 771 1098 ecelesia
798 1066 840 1098 et
869 1058 1164 1113 theologorum
1194 1058 1333 1098 schola
1362 1071 1516 1111 repro-

47 1113 145 1152 bat:
190 1127 366 1165 verum,
395 1115 467 1168 qui
511 1129 620 1153 nunc
658 1122 744 1164 est,
786 1128 868 1154 non
904 1115 1008 1154 adeo
1039 1115 1219 1170 antiquis
1251 1114 1517 1153 manifestum

45 1169 167 1209 fuisse
195 1169 392 1209 ecclesiae
419 1185 581 1210 sensum
610 1170 827 1210 declarare
865 1171 1116 1211 obnituntur
1143 1186 1190 1211 ex
1222 1172 1364 1212 lnnoc.
1396 1169 1517 1223 epist.

51 1225 118 1274 18,
146 1225 297 1266 Leonis
326 1226 443 1279 epist.
462 1225 531 1280 38,
564 1227 660 1266 alias
679 1225 747 1277 40,
782 1225 834 1265 ad
863 1228 1025 1267 Anatol.
1055 1242 1144 1281 cap.
1163 1227 1187 1267 Ω
1216 1232 1258 1267 et
1286 1241 1334 1267 ex
1361 1240 1514 1266 canon.

45 1296 117 1323 nos
143 1284 485 1323 consecrationem
500 1314 512 1333 ‚
543 1289 605 1333 et,
635 1285 991 1334 excommunicati,
1022 1298 1127 1339 quos
1148 1284 1234 1323 aliis
1254 1280 1517 1336 exagitandos

47 1337 264 1392 permitto-
338 1338 380 1378 2.
418 1353 561 1379 manus
591 1339 856 1393 impositione
888 1339 951 1379 vel
975 1339 1228 1394 χειροτονίᾳ,
1259 1353 1338 1392 per
1365 1338 1516 1392 poeni-

47 1394 223 1435 tentiam
260 1409 356 1434 cum
397 1395 566 1436 ecclesia
599 1395 984 1435 reconciliationem
1023 1395 1091 1435 hic
1122 1394 1444 1448 intelligendam:
1473 1400 1517 1433 at:

50 1465 159 1506 quae
184 1450 354 1505 publica
382 1451 462 1492 fuit
492 1452 778 1506 poenitentia,
809 1467 890 1506 qua
921 1452 1084 1491 ratione
1112 1451 1422 1502 μυστικωτέρα,
1451 1449 1517 1490 vel

49 1522 135 1562 quo
164 1513 291 1562 pacto
335 1506 580 1561 χειροτονία
625 1508 783 1547 ordinis
838 1514 998 1548 secreta
1042 1507 1300 1547 consecratio
1338 1507 1515 1556 dicatur,

47 1563 160 1604 haud
188 1563 300 1604 clare
326 1563 535 1618 percipio.
594 1579 726 1618 quare
763 1563 803 1604 3.
837 1565 877 1604 in
909 1564 1045 1618 gravis
1089 1563 1290 1603 momenti
1331 1563 1516 1616 negotio,

48 1620 174 1675 quale
199 1621 525 1661 Meletianorum
547 1622 812 1660 sacci-dotum
844 1621 1007 1660 extabat
1024 1620 1251 1669 ordinatio,
1278 1619 1518 1673 aliquorum

46 1676 193 1717 animis
238 1676 411 1717 dubium
459 1677 656 1728 haesisse,
700 1691 798 1716 num
827 1682 915 1716 rata
944 1677 1007 1717 vel
1050 1676 1235 1730 reproba
1264 1682 1518 1723 censeretur,

47 1733 168 1774 facile
198 1733 299 1772 mihi
332 1733 561 1786 persuadeo
594 1749 640 1773 ex
675 1733 796 1773 dictis
829 1748 910 1787 pro
942 1733 1088 1787 priore
1118 1731 1350 1785 exponendi
1379 1730 1518 1770 modo:

49 1789 230 1846 ideoque
262 1789 390 1830 dubio
421 1790 551 1830 cuivis
583 1789 768 1830 tollendo
799 1790 850 1829 de
871 1804 1020 1829 eorum
1042 1789 1268 1842 repetenda
1299 1802 1519 1827 consecra-

49 1846 167 1887 tione
195 1845 255 1886 ad·
289 1846 517 1896 cautelam,
551 1853 592 1887 et
620 1849 695 1888 sub
726 1846 984 1897 conditione,
1012 1846 1128 1901 quod
1161 1846 1293 1894 aiunt,
1324 1845 1447 1883 latam
1477 1844 1519 1882 in

48 1901 209 1957 synodo
239 1903 361 1943 fuisse
401 1904 664 1943 sententiam.
736 1918 783 1944 ea
815 1902 1013 1957 opinandi
1046 1902 1111 1941 via
1141 1916 1186 1941 ex
1217 1901 1351 1940 tribus
1382 1899 1519 1940 verbis

52 1958 166 2010 istis,
202 1958 494 2015 μυστικωτέρᾳ
530 1959 768 2015 χειροτονίᾳ
810 1959 1098 2010 βεβαιοῦσθαι
1135 1957 1236 1996 mibi
1269 1964 1367 1997 tuto
1398 1956 1519 1996 colli-

48 2015 174 2070 gitur.
235 2017 271 2055 1.
317 2016 584 2068 χειροτονία,
626 2016 743 2071 quod
777 2015 1079 2056 sacerdotalem
1105 2014 1449 2055 consecrationem
1479 2016 1521 2052 et

53 2086 196 2111 veram
222 2070 528 2112 ordinationem
557 2073 696 2112 infert.
761 2072 799 2112 2.
826 2071 1147 2124 μυστικωτέρα,
1178 2070 1294 2125 quod
1326 2069 1391 2108 vel
1419 2082 1522 2108 san-

51 2129 212 2168 ctiorem
240 2133 282 2167 et
314 2127 545 2181 puriorem,
577 2129 630 2167 ita
651 2128 798 2179 dicam,
830 2128 956 2183 exigit
981 2127 1121 2176 vitam,
1155 2141 1280 2181 quam
1309 2126 1381 2180 qui
1409 2122 1524 2177 apud

50 2184 331 2224 schismaticos
364 2184 415 2224 de
442 2185 669 2239 prophano
702 2192 745 2225 et
779 2184 903 2225 irrito
944 2185 1057 2224 foret
1085 2190 1310 2236 suspectus,
1342 2180 1405 2220 vel
1434 2179 1521 2233 qui,

50 2240 166 2280 velut
191 2239 341 2281 dubius
370 2247 413 2280 et
443 2240 649 2292 incertus,
674 2241 818 2282 saltem
848 2244 890 2281 ιἰι
918 2250 1065 2279 secreto
1113 2239 1301 2293 reparari
1335 2237 1520 2284 deberet,

49 2302 92 2338 et
121 2296 340 2344 innovari3
378 2311 474 2336 cum
505 2305 620 2338 certa
656 2298 869 2353 quaelibet
907 2304 949 2338 et
976 2311 1093 2336 sacra
1125 2295 1337 2335 ordinatio
1371 2293 1412 2330 in
1448 2306 1523 2331 ec-

51 2353 199 2394 clesiae
223 2359 463 2408 prospectu,
494 2360 538 2394 et
565 2354 659 2393 loco
688 2355 859 2408 publico
888 2353 1204 2393 celebraretur:
1237 2349 1353 2405 quod
1381 2347 1522 2387 Theo·

54 2409 191 2464 philus
222 2409 521 2450 Alexandrinus
560 2410 701 2450 edixit.
730 2413 983 2462 χειροτονεῖν
1024 2409 1068 2447 ἐν
1095 2409 1202 2462 μέσῃ
1242 2405 1294 2461 τῇ
1326 2401 1523 2465 ἐκκλησίᾳ

54 2471 96 2507 et
124 2466 290 2518 iterum,
314 2464 551 2518 χειροτονία
588 2465 636 2505 ὑὲ
662 2466 882 2518 λαθραίως
924 2461 984 2518 μὴ
1014 2465 1180 2516 γινέθω.
1254 2460 1448 2502 ordinare
1478 2472 1524 2497 m

57 2523 194 2562 media
219 2522 381 2562 ecclesia
397 2552 409 2572 ,
437 2531 475 2561 et
494 2523 648 2577 populo
670 2530 884 2577 praesente
921 2527 1146 2576 oportere:
1190 2531 1263 2557 nec
1290 2515 1523 2579 clanculum

50 2577 335 2619 ordinacioeoes
373 2579 600 2618 celebrari.-
640 2593 720 2618 vox
764 2578 922 2632 quippe
954 2574 1247 2627 μυστικωτέρα
1278 2580 1524 2611 sanctzorem

55 2640 98 2675 et
125 2636 377 2675 secretiorem
399 2634 625 2690 significat..
675 2633 719 2674 3.
741 2633 1039 2684 βεβαιοῦσθαι,
1066 2630 1316 2680 confirmari
1330 2632 1451 2666 sonat
1482 2631 1527 2666 et

53 2692 304 2746 approbari:
334 2697 461 2745 atque
490 2690 710 2745 accipere,
741 2691 804 2730 vel
850 2689 1025 2730 stabiliri
1058 2687 1108 2726 de
1139 2699 1249 2725 novo
1276 2683 1523 2723 subindicat-

55 2746 199 2786 eadem
228 2761 364 2800 porro
419 2746 544 2786 verba
591 2746 760 2801 legimus
802 2745 914 2800 apud
944 2746 1161 2784 Socratem
1203 2741 1276 2779 lib.
1312 2740 1331 2779 1
1365 2753 1458 2792 cap.
1485 2735 1524 2777 6.

52 2799 151 2850 τούς
179 2802 226 2844 δὲ
258 2801 331 2844 ὑπ’
360 2798 497 2843 αὕτοῦ
544 2801 802 2858 (ΙΠελετίου)
832 2800 1196 2849 κατασταθέντας,
1238 2794 1528 2849 μυστικωτὲρᾳ
