1728 3184
215 186 314 236 486
720 195 775 234 ιΝ
813 191 1189 234 THEOPHANEM

217 321 290 350 rae
324 307 408 346 hoc
435 312 497 347 est
536 305 785 358 exordium,
817 322 902 362 quo
933 304 1333 361 pseudoprophetae
1367 303 1589 355 innovatae
1621 321 1690 346 re-

213 363 400 418 ligionis,
431 363 589 417 prioris
619 363 805 404 desertae
835 379 941 415 reus,
973 364 1113 417 fugam
1148 361 1366 415 arripiens,
1397 361 1540 413 divini,
1573 364 1690 417 quod

216 420 346 469 aiunt,
378 421 512 459 cultus
542 420 670 473 positi
698 434 826 460 annos
859 434 906 460 ac
934 418 1200 460 durationem
1220 417 1386 459 emetiri
1417 419 1594 473 posteris
1622 434 1692 459 su..

215 476 474 529 perstitionis
504 476 701 518 inductae
728 476 973 532 sequacibus
1006 490 1170 516 causam
1187 474 1314 518 dedit.
1375 474 1472 528 hoe,
1501 476 1691 531 inquam,

216 547 325 572 anno
355 540 603 587 portentum
633 533 736 574 illud
764 534 979 574 exitiosum
1003 530 1155 587 ἐφάνη,
1182 538 1225 572 et
1246 532 1288 571 in
1326 530 1542 572 hominum
1571 547 1693 572 men-

216 596 275 629 tes
307 588 512 629 dominari
544 591 709 644 coepit,
751 587 922 642 οἴμηρᾶς
967 589 1078 629 enim
1098 588 1292 643 princeps
1322 593 1383 628 est
1413 593 1455 628 et
1484 588 1689 639 dominus,

215 652 337 686 etex
383 647 483 686 falso
524 646 611 686 ritu
652 645 925 700 mendacique
968 644 1161 686 doctrina
1199 644 1353 685 doctor
1393 644 1460 685 ille
1503 645 1689 685 falsarius

214 708 463 755 potestatem
494 702 534 742 in
565 702 750 743 subditos
790 701 975 756 accepit,
1006 717 1130 757 quam
1175 701 1261 755 ipse
1292 714 1441 741 novem
1469 701 1584 742 annis
1614 716 1694 742 ex-

214 759 363 799 ercuit.
395 774 491 799 cum
523 773 623 799 vero
658 760 688 798 is
717 765 819 799 esset
835 758 1020 798 Heraclii
1052 758 1233 799 decimus
1266 757 1425 808 tertius,
1462 757 1511 798 ad
1536 773 1692 798 annum

212 821 479 870 sequentem,
513 822 555 856 et
595 816 678 856 eius
712 815 961 855 laterculum
985 821 1248 869 praesentem
1278 813 1482 869 epocham
1512 814 1692 855 attinere

213 877 328 912 recta
373 878 617 925 temporum
658 872 767 911 ratio
815 871 967 925 arguit.
1045 871 1276 911 vindendus
1315 870 1366 911 tle
1397 870 1458 911 his
1496 871 1691 912 Petavius

212 928 284 968 lib.
317 929 341 968 2
387 929 438 969 de
462 928 574 968 doct.
605 935 732 982 temp.
762 928 967 982 capitibus
1009 927 1171 983 aliquot
1210 943 1233 968 a
1264 929 1620 983 quinquagesimO,
1651 935 1692 969 et

211 983 285 1024 lib.
317 988 365 1028 11
397 1000 486 1038 cap.
531 985 654 1026 etiam
686 985 1047 1040 quinquagesimo.
1114 984 1310 1040 legendus
1353 999 1525 1038 quoque
1558 985 1691 1025 Abra-

211 1040 307 1080 ham
352 1041 626 1082 Ecchellensis
669 1041 720 1081 de
768 1041 1165 1081 Moslarnanicorum
1219 1040 1399 1094 imperio
1444 1040 1693 1095 Theophani

213 1099 489 1138 consentiens.
550 1113 675 1153 qnam
707 1098 822 1137 varie
848 1112 984 1152 porro
1015 1097 1245 1138 Mahometi
1277 1111 1428 1138 nomen
1462 1098 1691 1150 scribatur,

213 1154 451 1195 observabis
480 1168 600 1209 pagg.
640 1153 722 1195 258
753 1151 847 1194 263.

322 1237 418 1287 471,
452 1237 516 1278 17.
547 1236 726 1294 ἄφίκετο
750 1237 810 1286 εἰς
838 1236 1080 1290 Ἀρμενίαν]
1111 1254 1133 1278 a
1162 1237 1402 1291 Nicephoro
1436 1238 1615 1277 narratis
1639 1238 1690 1278 ad

212 1309 366 1334 annum
381 1294 461 1335 625
496 1294 597 1335 haec
629 1293 920 1350 adiungenda:
965 1301 1013 1335 ut
1058 1294 1255 1335 nimirum
1293 1294 1507 1335 Heraclius
1548 1295 1688 1348 primo

210 1366 310 1392 vere
337 1352 544 1407 legatione
580 1351 634 1392 ad
662 1353 827 1392 Turcos
872 1351 1088 1403 destinata,
1127 1352 1222 1392 belli
1257 1352 1391 1391 socios
1421 1350 1586 1391 eosdem
1617 1366 1688 1391 ac-

210 1408 390 1462 ceperit,
422 1414 464 1448 et
494 1409 545 1448 ab
577 1422 724 1448 eorum
756 1408 927 1462 regione
959 1408 1174 1462 digressus,
1206 1409 1437 1463 perLazos,
1468 1414 1511 1448 et
1541 1409 1691 1448 Arme-

211 1479 286 1504 nos
317 1465 358 1504 in
403 1464 620 1505 Persidem
665 1465 884 1520 irruperit.
952 1465 1069 1506 cuius
1114 1466 1238 1505 armis
1285 1465 1490 1504 Chosroe's
1518 1465 1692 1504 territus

211 1520 501 1572 Sarbarazarn,
534 1521 606 1576 qui
636 1521 888 1576 Theophani
923 1535 1226 1577 nonnunquam
1257 1520 1499 1575 Nicephoro
1526 1535 1692 1575 semper

208 1577 439 1628 Sarbarus,
485 1578 680 1618 Heraclio
725 1578 1030 1633 opponendum
1072 1585 1185 1620 ratus
1227 1579 1316 1634 (sua
1356 1593 1534 1633 namque
1559 1578 1685 1627 tueri,

209 1648 336 1688 quam
366 1633 499 1674 aliena
529 1649 680 1689 rapere
707 1635 832 1675 satius
848 1634 1092 1689 videbatur)
1123 1636 1250 1677 missis
1278 1635 1428 1675 litteris
1459 1634 1510 1674 ad
1540 1650 1583 1675 se
1617 1650 1687 1675 re-

207 1697 351 1731 vocat:
382 1691 494 1730 idem
524 1691 794 1745 postmodum
824 1706 934 1731 anno
954 1692 1136 1733 Heraclii
1173 1691 1224 1733 16
1255 1692 1334 1733 CP.
1366 1691 1584 1731 obsidione
1617 1705 1687 1730 so-

208 1745 307 1800 luta,
338 1746 647 1788 chalcedonem
677 1748 830 1788 iterum
863 1764 1053 1790 reversus
1100 1765 1120 1789 a
1153 1748 1342 1788 Chosroe
1374 1762 1514 1787 rursus
1546 1762 1690 1788 accer-

206 1803 326 1846 situr.
396 1818 543 1843 verum
583 1804 801 1845 Heraclius
846 1805 1090 1860 interceptis
1121 1805 1319 1845 Chosrois
1372 1804 1534 1855 litteris,
1573 1806 1690 1844 fictas

209 1859 306 1899 alias
336 1861 537 1914 supponit
577 1860 629 1900 ad
658 1861 954 1912 sarbarazmn,
990 1876 1038 1902 ac
1072 1877 1124 1903 ne
1154 1861 1263 1902 vires
1292 1862 1515 1901 Persarum
1547 1875 1690 1901 omnes

210 1916 250 1954 in
280 1930 322 1956 se
352 1923 636 1967 converteret,
669 1918 897 1958 Chosroe‘xn
926 1918 1059 1958 solum
1100 1919 1220 1958 facile
1248 1917 1531 1972 superandum
1564 1924 1692 1970 ratus,

208 1972 295 2012 eius
329 1973 497 2013 nornine
517 1973 1144 2015 SarbarazamiubetRomanos
1187 1976 1285 2015 fines
1321 1975 1525 2015 continuo
1555 1981 1691 2014 marte

208 2029 418 2069 infestare.
487 2030 593 2069 fictis
633 2029 745 2070 hisce
790 2030 920 2071 literis
956 2032 1008 2071 ad
1048 2032 1319 2072 Sarbarazam
1355 2031 1520 2082 delatis,
1554 2046 1692 2086 eoque

211 2085 431 2140 Bithyniae
459 2100 581 2140 agros
607 2086 717 2127 bello
749 2087 984 2138 lacessente,
1017 2087 1163 2128 Persia
1193 2103 1505 2144 quaquaversus
1539 2088 1689 2128 victri-

208 2155 297 2181 cem
314 2142 496 2182 Heraclii
527 2143 742 2183 fortunam
765 2144 942 2184 reverita
965 2144 1051 2184 eius
1079 2145 1204 2185 armis
1219 2145 1534 2185 subiiciebatur.
1565 2146 1690 2199 plura

206 2197 400 2239 Petavius
430 2200 470 2238 in
506 2198 792 2255 Nicephorum
821 2215 914 2255 pag.
947 2199 1015 2241 68.

320 2278 416 2334 474,
444 2283 504 2324 15.
575 2279 598 2323 ὅ
627 2283 674 2325 δὲ
703 2281 905 2336 βασιλεὺς
940 2284 1135 2326 ἐκέλευσε
1178 2282 1254 2326 τὸν
1285 2281 1389 2326 λαὸν
1418 2283 1689 2341 ἁγνίζεσθαι]

209 2352 256 2378 cx
271 2338 443 2380 Homeri
467 2341 531 2381 vel
547 2340 713 2396 Virgilii
735 2341 934 2395 operibns
952 2343 1335 2399 στονχειομαντείᾳ,
1357 2357 1438 2397 qua
1462 2357 1508 2382 ex
1539 2357 1688 2382 eorum

206 2394 349 2448 primo
383 2411 504 2436 versu
528 2404 783 2438 occurrente
804 2412 892 2437 sors
923 2399 1166 2451 consulitur,
1197 2399 1389 2439 successit
1419 2400 1528 2453 apud
1560 2399 1688 2437 Chri..

203 2450 360 2491 stianos
405 2454 571 2505 apertio
611 2468 828 2494 sacrorum
868 2454 1091 2507 librorum,
1123 2471 1205 2510 qua
1238 2455 1428 2495 nonnihil
1457 2457 1685 2495 obscurum

203 2508 384 2549 revelari
412 2516 603 2563 putatur.
663 2510 735 2565 qui
768 2526 813 2550 ea
849 2512 1004 2551 suerint
1034 2512 1121 2563 usi,
1153 2513 1366 2568 principes
1392 2512 1507 2551 viros
1539 2527 1688 2551 recen-

203 2570 265 2604 set
293 2565 440 2606 Delrio
485 2566 651 2622 disquiS.
698 2568 841 2621 magio.
887 2567 957 2608 lib.
989 2567 1017 2607 4
1060 2583 1151 2624 cap.
1187 2570 1211 2610 2
1255 2574 1414 2624 quaest.
1443 2569 1468 2608 7
1513 2576 1612 2609 sect.
1642 2568 1684 2608 3.

202 2618 330 2673 illam,
362 2623 394 2662 si
425 2623 554 2663 modo
593 2623 742 2663 debitis
776 2623 1086 2666 conditionibus
1126 2627 1322 2676 societur,
1350 2626 1568 2679 theologus
1599 2640 1682 2664 non

205 2678 427 2722 recusabit.
487 2679 622 2734 prima
655 2686 715 2720 est
745 2680 882 2735 gravis
915 2682 1144 2735 necessitas,
1172 2690 1214 2723 et
1246 2684 1284 2722 ni
1317 2681 1580 2732 adhibeatur,
1613 2681 1681 2720 ni-

203 2733 287 2773 mia
317 2734 356 2774 in
385 2736 583 2789 periculis
616 2737 885 2790 desperatio:
927 2738 1081 2789 altera,
1113 2746 1160 2779 ut
1190 2739 1276 2780 eius
1310 2739 1441 2779 ductu
1470 2738 1522 2779 ad
1557 2739 1681 2778 deum

200 2790 334 2831 solum
365 2805 540 2846 preces,
581 2794 730 2834 mentis
769 2793 1000 2846 subiectio,
1040 2810 1130 2849 spes
1174 2796 1408 2837 Christiana
1441 2802 1682 2836 recurrant.
