1728 3184
214 195 311 247 3861
710 207 765 247 1N
803 204 1179 248 THEOPHANEM

331 319 424 369 169,
457 320 523 363 10.
580 314 682 373 ἐκάη
712 316 741 374 ἦ
783 314 1005 375 Ῥαβέννα]
1052 319 1168 376 quod
1210 319 1310 360 haec
1351 319 1554 374 perioche
1591 326 1682 361 tota

218 376 415 430 respiciat
443 375 635 427 Avitum,
663 382 707 417 et
748 378 834 418 eius
863 377 914 417 ab
959 377 1137 431 imperio
1169 373 1464 431 depulsi0nem‚
1487 391 1539 417 an
1570 376 1683 418 Tre-

212 433 334 483 veris,
364 432 430 473 vel
443 433 636 473 Ravenna
665 433 750 474 eius
768 434 984 474 occasione
1007 433 1136 474 fuerit
1157 433 1334 485 incensa,
1363 432 1507 474 sedulo
1537 433 1680 488 inqui-

216 489 411 529 rendum.
478 488 687 530 Aimoinus
717 489 788 531 lib.
824 494 859 544 1,
887 489 981 532 hist.
1025 491 1058 530 F
1062 503 1175 532 rane.
1206 503 1298 544 cap.
1333 487 1373 540 3,
1402 489 1681 544 Fredegarius

215 544 490 586 Scholasticus
525 545 609 586 lib.‘
631 549 666 598 1,
697 561 785 601 cap.
810 546 859 598 7,
884 552 927 586 et
956 560 1003 586 ex
1030 546 1272 600 Fredegarii
1314 546 1452 587 verbis
1493 546 1683 586 Bedanus

213 602 448 657 presbyter,
488 602 584 642 alias
631 602 859 643 chronicon
898 603 1181 644 Moissiacense
1221 606 1446 657 Augustam
1477 602 1683 643 Treviro-

216 673 310 698 rum
340 658 597 699 ulciscendae
623 659 734 700 Aviti
766 659 950 700 luxuriae
980 675 1004 699 a
1031 659 1163 700 Lucio
1197 666 1391 700 senatore
1418 660 1684 699 Francorum

216 715 341 754 armis
370 715 596 768 expositam
635 716 909 757 corcordibus
946 716 1110 771 scriptis
1153 716 1354 756 referunt.
1418 715 1684 756 Treverorum

212 772 368 822 civitas,
397 772 456 811 ait
495 770 685 827 Fredeg„
697 774 889 825 factione
918 773 1034 812 unius
1066 787 1121 813 ex
1152 772 1422 823 senatoribus,
1450 772 1515 812 cui
1541 785 1685 811 nomen

216 828 376 878 Lucius,
405 842 432 867 a
450 828 623 868 Francis
651 838 773 885 capta
799 839 838 870 et
862 830 1025 870 incensa
1053 838 1119 868 est.
1147 843 1236 869 cum
1274 828 1421 868 Avitus
1459 829 1561 882 imp.
1590 835 1688 867 esset

218 885 412 924 luxuriae
439 883 624 936 dedicta,
662 895 702 925 et
726 886 801 925 iste
831 885 980 925 Lucius
1024 885 1189 925 haberet
1215 885 1427 925 mullerem
1453 885 1684 940 pulcherri-

218 954 331 980 mam
360 949 606 991 cunctarum,
616 941 790 997 fingens
819 943 967 982 Avitus
992 942 1042 982 oh
1063 941 1350 995 infirmitatem
1376 941 1559 995 corporis
1587 940 1686 979 lecto

218 1011 258 1036 se
284 997 526 1051 depremere,
555 997 659 1037 iussa
688 998 751 1038 ad
773 1012 907 1038 omnes
935 998 1148 1037 senatrices
1175 1006 1216 1036 nt
1257 1011 1346 1036 eum
1372 998 1581 1036 visitarent
1610 997 1687 1035 mi-

217 1054 280 1092 sit.
300 1067 463 1108 cumque
481 1066 590 1093 nacor
613 1054 791 1093 venisset
810 1054 939 1103 Lucii,
969 1054 1018 1093 vi
1046 1053 1098 1093 ab
1122 1054 1251 1094 Avito
1279 1067 1464 1108 oppressa
1475 1052 1587 1104 fuit.
1644 1052 1688 1090 in

218 1111 436 1149 crastinum
481 1122 644 1161 surgens
685 1110 736 1150 de
774 1118 903 1150 stratu
941 1110 1093 1151 Avitus
1124 1110 1235 1149 discit
1275 1110 1333 1148 ad
1357 1109 1527 1149 Luctum
1543 1126 1554 1147 .·
1582 1109 1684 1163 pul..

219 1167 337 1206 claras
361 1167 536 1205 thermas
563 1166 701 1216 habes,
730 1175 768 1206 et
778 1165 952 1220 frigida
978 1166 1107 1206 lavas.
1165 1167 1266 1205 haec
1297 1165 1529 1220 indignante
1543 1164 1686 1216 Lucio,

218 1235 296 1262 sua
309 1223 508 1274 factione
533 1221 693 1278 direpta
720 1233 778 1262 est
804 1223 968 1273 civitas,
999 1231 1037 1262 ec
1074 1223 1238 1262 incensa
1263 1236 1290 1260 α
1318 1222 1506 1261 Francis.
1566 1221 1689 1260 fabu-

219 1278 299 1317 lam
346 1293 490 1318 rerum
527 1278 827 1319 Francicarum
871 1278 1068 1333 scriptori
1104 1292 1266 1331 nupero
1308 1278 1504 1332 quidem,
1541 1291 1690 1317 verum

220 1335 315 1374 alias
347 1334 545 1389 diligenti,
577 1334 756 1388 erudito,
788 1341 829 1375 et
858 1336 1037 1390 posteris
1076 1334 1185 1387 fideli
1216 1333 1498 1389 praedicando
1531 1335 1691 1387 proba-

220 1398 318 1442 tam,
349 1398 391 1431 et
424 1391 633 1446 exquisitis
673 1391 840 1446 scriptis
881 1392 1077 1432 insertam
1107 1391 1268 1445 miror,
1299 1406 1345 1431 ac
1374 1390 1517 1444 paucis
1545 1390 1690 1444 explo-

221 1448 411 1490 dendam.
477 1447 629 1488 Idatius
661 1463 745 1488 non
776 1447 881 1488 adeo
914 1463 1138 1500 summam,
1187 1463 1312 1503 quam
1341 1447 1450 1488 Aviti
1480 1452 1691 1502 gestorum

219 1505 368 1545 seriem
391 1504 649 1558 expositurus
680 1505 730 1545 ab
753 1506 938 1546 exercitu
955 1506 1170 1546 Gallicano
1192 1511 1233 1545 et
1261 1504 1473 1544 honoratis
1504 1503 1691 1557 primum

220 1562 410 1610 Tolosae,
442 1560 591 1601 dehinc
617 1561 728 1616 apud
755 1563 968 1602 Arelatum
1010 1562 1310 1616 imperatorem
1343 1561 1579 1609 salutatum,
1607 1561 1691 1599 Ro-

221 1633 331 1656 mam
373 1618 630 1671 perrexisse,
671 1618 784 1658 etin
822 1633 869 1658 ea
912 1624 1177 1672 susceptum,
1222 1617 1336 1657 annis
1376 1617 1643 1671 sequentibus
1668 1631 1691 1654 a

222 1673 439 1714 Marciano
469 1674 668 1728 collegam
710 1674 877 1729 imperii
918 1678 1092 1716 ascitum
1139 1690 1228 1716 rem
1258 1672 1468 1728 publicam
1513 1672 1694 1712 admini-

223 1737 382 1782 strasse,
413 1736 454 1770 et
473 1732 732 1771 Gotthorum
752 1732 904 1772 auxilio
926 1733 1170 1773 destitutum
1190 1736 1409 1785 potestate,
1429 1731 1514 1769 vita
1546 1730 1693 1770 etiam.-

213 1800 324 1826 ⁴num
368 1785 534 1827 demum
579 1787 756 1828 caruisse
809 1789 961 1828 refert:
1003 1788 1054 1828 de
1093 1788 1358 1842 profectione
1396 1786 1447 1826 ad
1484 1788 1692 1826 Treveros

224 1843 439 1897 Aquitanis
467 1844 677 1898 oppositos
696 1874 708 1896 ,
740 1858 792 1884 ne
821 1845 1013 1887 voculam
1052 1843 1232 1899 quidem.
1291 1845 1521 1898 Gregorius
1549 1843 1694 1882 Turo-

225 1900 356 1940 nensis
385 1899 478 1940 hist.
509 1902 659 1940 Franc.
696 1915 789 1955 cap.
821 1904 873 1944 21
912 1902 984 1942 lib.
1017 1901 1041 1941 2
1086 1915 1180 1940 cum
1224 1900 1433 1940 luxuriose
1465 1914 1586 1953 agere
1617 1913 1694 1938 vo-

224 1955 379 1996 lentem
405 1971 427 1994 a
458 1957 720 1997 senatoribus
742 1957 921 1998 eiectum
951 1957 1062 2011 apud
1077 1957 1332 1998 Placentiam
1361 1957 1601 2011 episcopum
1621 1969 1697 1995 or-

227 2011 416 2052 dinatum
448 2020 621 2054 narrat:
655 2014 845 2054 barbaris
869 2014 1093 2068 imperium
1114 2012 1410 2067 diripiendum,
1429 2020 1471 2054 et
1489 2014 1697 2052 Treveros

227 2068 456 2110 Galliarum
485 2074 612 2122 caput
641 2069 722 2109 suis
750 2071 993 2111 criminibus
1015 2069 1207 2109 incendio
1237 2068 1453 2110 vastandos
1481 2068 1699 2109 tradidisse

227 2130 350 2165 tacet.
424 2126 573 2180 quidni
606 2131 766 2177 taceat,
796 2142 891 2167 cum
922 2125 1148 2167 Iornandes
1180 2128 1305 2166 etiam
1335 2127 1457 2166 rebus
1490 2126 1531 2166 in
1561 2124 1696 2166 Gallia

228 2181 476 2236 compositiS,
507 2196 602 2221 mox
635 2189 843 2237 assumpto
875 2183 1070 2238 imperio,
1098 2183 1139 2222 in
1174 2183 1335 2223 ltaliam
1365 2183 1565 2223 involasse
1593 2181 1698 2221 scri-

227 2239 326 2279 bat?
359 2238 598 2292 Sigebertus
631 2239 705 2278 sub
738 2238 916 2279 Arcadio
948 2240 1169 2280 Treverim
1201 2239 1697 2291 incensam,rPaulusAe-

231 2294 367 2334 milius
399 2309 508 2335 anno
539 2294 677 2335 salutis
707 2291 809 2346 404,
858 2296 1002 2336 eodem
1032 2296 1211 2336 Arcadio
1242 2297 1486 2350 imperante,
1513 2296 1698 2335 Francos

229 2351 383 2392 relictis
413 2351 560 2406 patriis
597 2350 787 2403 sedibus,
818 2352 1008 2392 Rhenum
1036 2359 1306 2408 transgressos
1338 2353 1380 2392 in
1410 2351 1619 2401 Treveris,
1652 2364 1699 2390 ac

230 2408 506 2448 circumiectis
535 2407 683 2448 finibus
714 2408 942 2450 consedisse
973 2410 1205 2450 testentur?
1261 2411 1446 2449 Francos
1480 2407 1647 2463 quidem
1676 2422 1698 2446 a

230 2466 349 2504 Gallo
375 2463 556 2520 quodam
588 2464 642 2504 ob
668 2469 860 2518 stuprum
886 2466 1054 2521 coniugi
1085 2482 1107 2505 a
1137 2466 1267 2506 Lucio
1295 2466 1539 2520 provinciae
1568 2478 1701 2518 prae-

230 2521 316 2561 side
348 2521 507 2561 illatum
548 2522 739 2570 irritato,
784 2523 1002 2562 Treverim
1045 2522 1268 2562 advocatos
1313 2523 1461 2562 urbem
1505 2520 1697 2560 incendio

232 2577 426 2618 delevisse
458 2584 603 2617 narrat
641 2577 867 2631 Duplexius
909 2579 960 2618 de
992 2579 1112 2619 rebus
1142 2579 1307 2619 Gallicis
1337 2579 1405 2618 lib.
1435 2578 1475 2617 8.
1533 2577 1702 2616 Avitum

233 2634 283 2672 ab
314 2637 367 2674 eis
397 2634 659 2688 temporibus
691 2637 770 2685 (res
812 2635 970 2688 quippe
1002 2635 1169 2675 Arcadii
1208 2641 1343 2674 aetate
1373 2640 1500 2689 gestas
1531 2636 1699 2682 tractat)

233 2696 454 2741 remotum,
484 2691 541 2731 sic
571 2706 592 2730 a
615 2704 734 2730 causa
753 2691 947 2731 Treveris
977 2690 1260 2732 incendendae
1276 2691 1371 2731 data
1404 2691 1583 2731 alienum
1615 2690 1702 2729 exi-

233 2746 385 2786 stimat.
442 2749 527 2800 ipsa
563 2747 706 2801 itaque
739 2749 934 2787 Ravenna
971 2749 1178 2802 scriptore
1215 2747 1478 2801 sheophane,
1507 2745 1619 2786 Aviti
1649 2746 1703 2784 li-

232 2801 421 2843 bidinum
451 2803 652 2845 ultionem
677 2818 790 2858 passa
819 2811 899 2845 est:
929 2805 1043 2844 cuius
1074 2805 1318 2845 calamitatis
1338 2803 1474 2844 illatae
1505 2803 1707 2844 rationem
