1728 3184
172 174 280 228 444
674 187 731 227 m
782 183 1158 226 THEOPHANEM

174 301 382 350 xumitae,
414 299 600 354 perveni.
659 298 711 341 de
752 299 828 342 iilis
854 300 1059 340 Bai-onius
1105 299 1156 338 ad
1189 312 1344 338 annum
1372 297 1465 339 529
1488 304 1529 339 et
1558 292 1653 341 542.

173 358 277 398 haec
307 356 407 395 olim
438 356 845 412 regumAethiopiae
873 357 1000 411 regia,
1035 362 1082 395 ut
1113 354 1400 395 aedificiorum
1433 361 1474 396 et
1504 356 1655 410 ampli-

173 414 329 454 tudinis
359 414 561 469 leliquiae
594 413 716 454 fidem
747 419 956 453 astruunt.
993 412 1229 476 pyramides
1264 411 1422 477 quippe
1449 412 1656 453 sexdecim

172 471 238 511 vel
267 470 561 524 septemdecim
594 484 679 510 uno
711 470 933 525 solidoque
972 469 1108 523 lapide
1134 469 1290 508 excisae
1320 470 1511 509 visuntur
1540 467 1652 508 inter

175 527 365 582 antiquas
394 527 514 567 aedes
547 528 598 567 de
624 528 759 581 gioria
791 541 885 567 cum
917 526 1177 582 Aegyptiacis
1209 524 1517 576 contendentes,
1551 540 1651 580 quas

178 591 371 624 veterum
410 597 554 638 regum
584 584 822 624 Mausolaea
866 583 987 624 fuisse
1030 582 1299 623 crediderim.
1369 581 1431 620 his
1469 583 1662 636 proxime

177 640 282 694 lapis
313 647 475 680 erectus
511 641 755 681 eubitmum
788 654 938 680 novem
970 639 1214 692 latitudinis,
1274 639 1445 680 Graecis
1473 638 1656 679 Latinis-

173 712 256 753 que
280 696 438 737 litteris
457 711 564 751 pene
585 697 770 738 corrosis
801 698 1044 751 insculptuS,
1074 711 1121 736 ac
1140 696 1284 735 foedus
1307 696 1453 736 initum
1483 710 1657 760 pacem-

172 769 256 808 que
286 768 382 793 cum
412 753 608 794 Romanis
638 753 996 808 Aethiopibusque
1015 753 1158 793 Iustini
1191 758 1325 793 aetate
1358 752 1650 807 compositam,

169 809 401 865 legentibus
442 810 562 850 facile
608 809 910 850 demonstrans.
983 809 1033 849 de
1073 809 1155 849 istis
1193 810 1429 864 Procopius
1460 808 1512 849 de
1538 809 1649 849 helio

170 866 343 907 Persico
375 874 471 907 ante
502 867 572 906 lib.
607 867 643 918 1,
674 867 810 906 finem.
868 866 1122 906 Heliodorus
1152 866 1351 920 Aethiop.
1387 866 1460 906 lib.
1491 866 1566 905 ult.

282 949 378 1001 346,
398 950 438 992 4.
498 950 656 1004 συνέβη
686 950 923 1003 πολεμῆσαι
945 946 1232 1002 τὸνβασιλέα]
1262 950 1554 990 Exumitarum
1581 963 1651 989 re-

171 1007 229 1061 ¹qis
265 1008 307 1048 in
348 1007 587 1047 Homeritas
627 1007 736 1047 belia
778 1008 1083 1061 victoriamque
1125 1007 1375 1061 perstringit
1415 1005 1651 1060 Procopius

168 1065 240 1106 lib.
276 1065 294 1104 1
332 1064 383 1105 de
426 1064 536 1105 bello
564 1064 750 1107 Persico.
821 1064 1035 1128 ipsorum,
1079 1078 1184 1118 quos
1215 1064 1452 1103 Auzumitas
1484 1076 1653 1102 nuncu-

164 1127 254 1177 pat,
282 1127 324 1161 et
356 1121 539 1161 bostium
568 1120 884 1161 Homeritalum
915 1121 1150 1175 regionem,
1185 1121 1420 1160 adiacentes
1458 1119 1653 1174 popu105,

170 1178 371 1228 civitates,
402 1178 548 1227 maria,
579 1184 620 1218 et
649 1192 756 1232 quae
779 1177 1068 1218 narrationem
1097 1176 1168 1216 hic
1196 1179 1348 1217 factam
1379 1183 1475 1217 sunt
1503 1191 1652 1217 conse-

169 1241 266 1275 cuta
301 1234 479 1287 posteris
513 1235 792 1288 temporibus,
821 1233 945 1288 longe
973 1233 1141 1289 lateque
1169 1234 1459 1289 prosequitur.
1519 1247 1651 1288 quare

165 1291 219 1332 ud
250 1291 488 1344 superiores
516 1306 645 1331 annos
686 1297 727 1331 et
760 1291 983 1345 imperium
1024 1291 1169 1331 Iustini
1199 1290 1477 1331 revocandam
1511 1290 1648 1330 nullus

165 1347 402 1398 dubitabit,
431 1347 502 1403 qui
540 1362 630 1387 eam
663 1347 775 1403 apud
807 1348 1061 1402 scriptorem
1104 1349 1189 1388 eius
1221 1348 1403 1402 regionis
1437 1353 1479 1388 et
1506 1353 1650 1401 gesto-

164 1419 260 1445 rum
290 1410 436 1444 testem
469 1419 490 1443 a
521 1418 562 1444 se
594 1405 740 1444 lectam
772 1404 968 1445 volueiit.
1029 1420 1051 1443 a
1085 1418 1169 1458 quo
1200 1404 1309 1445 inter
1326 1405 1542 1469 Symeouis
1560 1405 1648 1444 Me-

161 1461 382 1515 taphi-ustis
414 1461 518 1501 vitas
547 1461 814 1513 translatam,
841 1461 883 1501 in
927 1457 984 1502 24
1016 1461 1218 1502 Octobris
1263 1461 1372 1502 diem
1403 1461 1549 1502 Surius
1579 1476 1648 1501 re-

161 1517 317 1573 posuit.

273 1586 693 1642 347‚14.u‹10,uov
733 1586 823 1646 ἐτη]
856 1592 907 1633 ad
944 1592 1058 1632 istius
1091 1591 1258 1632 canonii
1266 1591 1547 1661 marginem
1553 1592 1645 1645 lego

159 1647 203 1687 in
235 1647 360 1687 Barb.
391 1647 486 1687 cod.
519 1649 649 1688 verba
682 1647 806 1689 haec:
839 1648 884 1688 ἐν
926 1648 974 1690 δὲ
1001 1649 1059 1705 τῷ
1096 1642 1346 1713 α’ντιγροῖφω
1376 1663 1426 1702 ην
1453 1643 1547 1688 α’ντι
1572 1649 1646 1699 τῆς

154 1699 321 1757 Ῥωμης
347 1699 399 1744 τά
431 1705 928 1753 vaozavvwovno'zewg
956 1702 1029 1756 ἐτη
1051 1718 1097 1745 τε
1126 1719 1198 1744 και
1229 1718 1363 1755 ονομα
1393 1702 1512 1751 ἐκτὸς
1537 1701 1649 1745 Ῥώ-

157 1773 267 1814 μης·
325 1761 581 1826 transposito
614 1761 813 1802 nimirum
841 1770 936 1816 post
959 1762 1043 1802 CP.
1074 1761 1261 1815 episcopi
1292 1775 1427 1815 papae
1454 1761 1643 1812 nomine,

159 1823 204 1857 et
231 1816 273 1857 in
304 1817 470 1858 canonii
499 1817 646 1859 loculis
687 1818 770 1859 hoc
796 1825 968 1871 sextum,
1009 1818 1082 1858 illo
1113 1818 1309 1873 quintum
1340 1817 1533 1859 ordinem
1564 1818 1646 1859 ob-

159 1873 334 1915 tinente.

272 1957 382 2001 Ibid.
417 1955 485 1999 16.
544 1956 618 1998 καί
644 1957 705 2014 τῷ
749 1955 864 2014 αυτῷ
894 1954 979 1999 ἔτει
1009 1956 1260 2015 ἐπληρωθη]
1289 1958 1438 2001 Suidas
1465 1974 1508 2001 v.
1534 1959 1641 2001 ’Iov-

157 2011 386 2064 στινιανός.
419 2021 461 2055 et
487 1999 725 2069 Procopius
758 2014 809 2055 de
839 2015 962 2056 aedit.
998 2016 1142 2056 lustin.
1175 2023 1284 2057 orat.
1317 2016 1356 2056 2.

270 2098 476 2140 Ibid.17.
549 2093 572 2139 ὃ
615 2093 839 2152 λεγόμενος
880 2098 1177 2154 Αὖγουστεύς]
1220 2097 1527 2154 Av’yovotsvc,
1556 2101 1644 2157 ipsa

158 2161 321 2197 statua:
353 2155 650 2209 Αὔγουστεῖον
678 2157 834 2209 forum,
865 2164 906 2198 et
936 2157 1090 2198 locus·
1079 2173 1122 2198 m
1153 2173 1239 2214 quo
1259 2164 1416 2200 erecta.
1474 2160 1643 2200 Proco—

157 2212 252 2269 pius
284 2212 455 2254 ibidem.

272 2293 469 2349 348,11.
527 2297 695 2349 πνεῦμα
742 2293 834 2350 ἔχει
866 2294 1098 2363 Πυθωνος]
1132 2298 1215 2340 hoc
1247 2304 1328 2350 est,
1358 2296 1641 2354 πυθομάντιν,

158 2368 231 2394 και
263 2357 348 2401 τοῖς
378 2355 714 2406 πυνθανομένοις
739 2353 1068 2410 μαντευόμενον,
1098 2329 1446 2411 pythomaiitem‚
1479 2364 1520 2398 et
1558 2359 1643 2398 sci-

159 2410 404 2451 scitantibus
432 2410 702 2452 divinantem.
759 2412 1038 2468 Hieionymus
1070 2412 1112 2452 in
1130 2413 1283 2455 Ezech.
1315 2427 1406 2468 cap.
1440 2413 1492 2454 14
1519 2422 1642 2456 vocat

159 2467 377 2519 Pythicum
403 2469 603 2524 spiritum

273 2552 383 2595 Ibid.
410 2551 475 2598 13
532 2552 743 2608 ἐπανέστη
773 2551 799 2606 ἦ
827 2551 1045 2608 θάλασσα]
1077 2555 1185 2596 hanc
1213 2556 1337 2596 maris
1367 2556 1642 2597 exaestuatio..

160 2621 255 2647 nem
284 2610 455 2672 reponit
481 2610 714 2665 Procopius
743 2611 813 2651 lib.
846 2611 897 2651 dc
926 2612 1034 2652 bello
1064 2613 1310 2654 Gothorum
1336 2612 1363 2652 3
1400 2612 1453 2653 ad
1484 2612 1533 2652 17
1567 2615 1638 2653 Iu·-

158 2664 326 2762 ῗὲίῐιὶίἒῒηί
362 2681 544 2722 annum,
575 2668 649 2725 qui
693 2683 716 2709 a
750 2668 992 2723 Septembri
1038 2668 1246 2711 decimum
1296 2676 1491 2710 octavum
1536 2670 1639 2711 sub-

271 2795 378 2837 Ibcd.
414 2795 481 2839 20.
548 2794 747 2853 χειμερία
790 2796 954 2855 πολλή]
992 2798 1158 2854 χειμών
1202 2801 1368 2857 scripsit
1412 2799 1638 2844 Cedrenus.
