1728 3184
190 144 290 196 602
692 150 767 192 AD
810 148 1184 193 TnEoPuANEM

189 252 270 293 diei
300 251 446 293 mensis
475 253 668 294 confuso.
729 255 875 294 mensis
907 253 1094 294 Octobris
1133 253 1201 292 die
1233 252 1393 292 decima
1416 266 1536 304 nona,
1566 253 1664 293 heb-

187 310 398 350 domadae
425 309 492 349 die
519 319 648 350 sexta.
679 312 895 365 quomodo
918 310 1042 351 etiam
1060 310 1167 350 bene
1197 324 1431 364 expressum
1461 323 1553 364 pag.
1567 308 1663 349 197.

301 381 511 424 Ibid.18.
570 382 799 424 κατέπεσον
846 382 893 424 δὲ
932 380 975 422 ἐν
1000 382 1216 436 Ἐξαιοέτω
1257 378 1303 422 αἱ
1330 379 1563 436 ἐκκλησιαι]
1596 382 1662 422 vix

188 438 343 478 adduci
373 439 552 492 possim,
584 445 630 479 ut
659 454 752 479 cum
786 439 1017 494 interprete
1058 439 1138 478 loci
1167 438 1395 493 proprium
1422 438 1662 491 existimem,

186 495 425 560 malirnque,
450 505 689 551 praesertim
720 497 936 547 ecelesiae‚·
974 511 1150 565 qualum
1189 495 1364 535 subinde
1395 493 1534 535 ruinas
1563 510 1660 549 per-

186 558 340 592 censet.
371 553 429 591 sic
459 559 501 593 et
533 552 653 592 Cedr.
685 551 780 592 §mo
771 552 902 606 ησιάι
932 555 1036 592 πολ)
1040 549 1112 592 αι’·
1154 559 1388 592 corruerunt
1418 552 1579 592 multae
1596 567 1659 591 ec-

184 609 348 648 clesiae.
379 615 496 649 certe
527 608 577 648 ad
604 609 740 649 bonae
781 610 1076 663 grammiticae
1106 609 1212 663 leges
1252 608 1520 648 smibendum
1550 614 1661 660 erat,

187 662 233 705 αἱ
259 664 305 706 ἐν
328 660 550 723 ‘Egatoe'tcp
581 639 809 719 ἐκκλησίαι,
840 671 886 705 ut
912 671 954 705 et
977 665 1103 719 paulo
1140 665 1325 705 inferius.

298 731 394 785 358,
429 733 470 773 5.
534 730 581 774 αἶ
619 726 745 773 ουσαι
784 733 830 772 ἐν
863 732 920 772 τῶ
942 730 1115 790 Ῥηγίῳ]
1159 733 1349 774 ecclesiae
1376 733 1591 774 existentes
1616 732 1662 773 in

185 789 347 844 Rlaegio.
406 790 560 846 cuique
588 795 726 829 tamen
758 789 873 845 quod
900 790 1001 830 velit
1031 791 1223 831 liberum.

302 861 400 915 358,
434 867 477 909 8.
534 858 659 903 ἔπεσε
693 862 740 903 δὲ
769 878 842 903 και
875 860 902 917 ἦ
934 861 1147 917 ἐκκλησία.

293 937 405 978 Ibid.
438 936 503 977 11.
576 936 923 990 καταληφθέντες
962 932 1044 975 ὖπὸ
1081 935 1166 976 τῶν
1201 935 1543 992 συμπτωμάτων]
1570 937 1662 976 rui-

181 995 246 1034 nis
274 994 451 1034 involuti
464 1024 474 1044 ,
511 1002 609 1048 post
649 993 750 1032 duos
789 1002 918 1033 tresve
955 992 1043 1033 dies
1073 994 1226 1033 servati
1250 1001 1376 1043 sunt,·
1407 993 1504 1034 inde
1533 993 1659 1033 nimi-

183 1065 293 1102 rum,
321 1065 452 1105 exque
484 1049 707 1091 ruderibus
739 1050 886 1090 effossi.
943 1045 1048 1101 μετά
1081 1049 1424 1103 φιλανθρωηιας.
1480 1064 1560 1090 vox
1589 1049 1659 1089 hit:

183 1106 549 1154 obsc11m3hahet
588 1112 726 1148 tamen
758 1106 879 1146 Ccdr.
923 1106 999 1147 etsi
1027 1106 1248 1160 imperitae
1276 1120 1419 1146 manus
1448 1106 1555 1147 vitio
1588 1119 1661 1146 ex-

183 1165 388 1218 scriptum
425 1164 534 1217 apud
568 1178 684 1214 eum,
716 1161 928 1216 φιλανίας.
987 1163 1047 1202 An
1054 1169 1126 1203 ist
1149 1172 1244 1219 post
1269 1163 1406 1203 decem
1434 1164 1659 1203 miseric-or

179 1221 275 1261 dias
304 1221 383 1260 dei.
445 1235 491 1260 ex
518 1220 654 1261 verbis
674 1226 810 1260 tamen
839 1219 1124 1275 sequentihus,
1158 1215 1486 1273 φιλανθρωπίας
1517 1219 1566 1259 δὲ
1592 1232 1660 1272 γε-

179 1276 378 1330 νομένης,
431 1292 539 1332 quae
578 1284 620 1318 et
659 1278 804 1318 eadem
847 1276 1008 1318 dixerat
1051 1291 1091 1330 p.
1137 1275 1229 1327 194,
1261 1275 1394 1331 liquet
1423 1275 1558 1330 accipi
1588 1274 1658 1315 hie

179 1348 258 1389 pio
286 1333 514 1374 cessatione
561 1349 583 1373 a
612 1340 898 1382 terraemotu3
943 1340 991 1374 ut
1031 1333 1234 1388 significet
1264 1332 1385 1373 fuisse
1413 1347 1659 1375 concussam

179 1396 339 1431 terram
370 1390 420 1430 ad
454 1390 538 1431 dies
568 1391 740 1443 decem,
779 1396 821 1430 at
862 1405 944 1430 non
977 1391 1177 1430 continua
1220 1389 1463 1445 agitatione,
1509 1389 1580 1430 sed
1611 1394 1659 1429 ut

180 1448 437 1502 quandoque
468 1462 549 1502 per
570 1463 708 1488 moras
733 1448 799 1489 dei
828 1447 1060 1503 benignitas
1092 1448 1229 1503 aliqua
1259 1446 1457 1498 eluceret,
1488 1461 1537 1487 ac
1564 1461 1662 1486 mo-

179 1510 244 1544 tus
275 1505 480 1560 tantispel
509 1504 740 1546 sisteretur.

294 1571 390 1624 359,
424 1573 464 1613 2.
541 1571 602 1620 εἰς
630 1570 682 1614 τὰ
717 1569 774 1614 eff
804 1567 1041 1627 α’κοὺβητα]
1073 1573 1174 1627 Reg.
1205 1577 1285 1613 etc.
1320 1569 1442 1611 Cedr.
1471 1569 1549 1610 τοῦ
1575 1569 1662 1610 δω-

180 1627 447 1682 ὃεκαημέοου
479 1632 525 1669 κ)
517 1625 694 1684 ητόρια
751 1629 948 1671 convivia
970 1629 1180 1670 duodecim
1208 1630 1368 1670 dierum
1398 1628 1528 1683 spacio
1554 1627 1664 1667 circa

181 1686 328 1726 Christi
357 1689 532 1727 natalem
560 1689 715 1742 agitari
743 1689 874 1728 solita.

290 1757 386 1813 360,
417 1759 457 1800 3.
515 1757 573 1808 ὥς
604 1755 671 1800 ὅτι
706 1761 802 1816 περ]
836 1762 936 1816 Reg.

292 1830 388 1887 361,
424 1832 488 1878 13.
568 1829 738 1884 πιάζειν
776 1834 822 1883 ἐξ
863 1832 1010 1875 αὐτῶν
1055 1832 1199 1887 τινας]
1240 1833 1343 1887 Reg.
1385 1831 1565 1887 insequi,
1610 1843 1663 1871 ac

182 1902 232 1930 ca
262 1902 340 1929 ere.

226 1903 259 1946 p
294 1960 392 2012 362,
419 1960 460 2000 4.
522 1955 623 2002 ὅθεν
650 1958 689 2003 οἱ
715 1961 927 2016 βάρβαροι
965 1961 1180 2016 εἰσῆλθον]
1211 1975 1296 2018 qua
1320 1969 1443 2017 parte
1470 1958 1663 2014 collapsis

183 2019 311 2059 muris
357 2019 539 2060 barbari
578 2020 747 2072 ingressi
766 2020 975 2071 siceram,-
1017 2032 1121 2073 quos
1172 2018 1256 2058 iam
1298 2017 1537 2058 Belissarius
1565 2016 1663 2056 inde

184 2082 415 2116 amoverat.
473 2075 715 2129 α’παντῆσαι
744 2079 829 2122 τοῖς
860 2071 1100 2129 βαρβάοοις
1129 2073 1342 2128 περνοῦσι.
1374 2075 1478 2130 ch

296 2153 396 2206 363,
425 2154 465 2195 4.
522 2151 596 2194 καί
620 2154 721 2208 περὶ
753 2148 868 2207 ὥραν
896 2156 1053 2208 roim
1084 2148 1152 2194 ὁτι
1182 2152 1354 2208 ὖγιάνεν
1385 2150 1417 2193 ὅ
1437 2148 1659 2206 βασιλεύς]

186 2212 401 2253 obscurius
422 2211 654 2253 redditum.
683 2226 761 2267 pro
781 2213 908 2252 salute
940 2212 1206 2268 imperatoris.
1236 2212 1380 2252 melius
1393 2211 1532 2250 Anast.
1562 2222 1660 2264 quo-

183 2271 302 2310 niam
335 2270 614 2321 sanus-saccus
640 2278 699 2309 esc
720 2269 965 2324 imperator.-
997 2285 1081 2321 seu,
1114 2268 1266 2325 gaudio
1283 2268 1475 2309 redditae
1506 2266 1564 2307 illi
1594 2280 1663 2305 sa—

186 2326 338 2367 nitatis.
373 2327 475 2380 Reg.

297 2390 396 2446 364,
425 2394 466 2434 3.
524 2390 603 2440 ἕως
629 2392 714 2433 τῶν
745 2388 943 2446 Πρόβου.

297 2461 394 2514 365,
428 2463 464 2502 1.
521 2460 670 2501 πολλοὶ
698 2460 744 2501 δὲ
773 2460 845 2501 καὶ
887 2459 1204 2514 ἐπληγιόθησαν.
1236 2450 1323 2498 ὦδε
1356 2453 1581 2510 Πράσινος
1607 2453 1662 2494 ου’

187 2518 405 2575 φαίνεται]
435 2521 535 2573 Reg.
565 2532 759 2575 nusquam
786 2519 850 2556 hic
879 2518 1064 2557 Prasiai.

299 2592 407 2636 Ibid.
444 2592 506 2632 11.
567 2588 607 2632 οἶ
644 2590 692 2632 δὲ
731 2586 1005 2646 ἐξηλήσαντες
1041 2584 1275 2644 florianam]
1315 2590 1416 2642 Reg.
1446 2585 1522 2640 τῆς
1551 2583 1660 2637 Χρι-

187 2648 295 2691 στοῦ
322 2649 478 2702 γέννης.
509 2650 609 2704 hog.

301 2715 397 2768 367,
431 2715 494 2757 10.
569 2716 648 2758 τοῦ
677 2715 884 2773 φονεῦσαι
928 2712 1001 2755 τὸν
1027 2714 1219 2767 βασιλέα.
1280 2710 1452 2766 Σέργιος
1498 2706 1520 2749 ὅ
1562 2706 1663 2749 eive-

190 2769 270 2825 ψιό
275 2785 309 2820 ς.
