1794 3250
290 183 387 230 276
504 187 681 230 ANAST
683 187 789 230 Asu
830 187 1092 231 HISTORIA
1131 185 1543 232 ECCLESIASTICA

280 316 381 355 ,rum
411 300 534 342 illiust
574 308 860 344 verumtamen
907 309 949 343 et
991 303 1103 343 circa
1142 302 1247 343 haec
1287 303 1584 358 pigritabatur,
1611 300 1752 343 vivere

285 359 428 402 fidens.
504 373 601 399 cum
631 367 769 400 autem
809 360 952 401 foedus
983 360 1189 399 illibatum
1222 375 1341 400 more
1371 366 1572 414 paternae
1602 359 1748 398 mentis

280 415 394 455 circa
436 415 641 456 neminem
694 423 987 471 conservaret,
1031 416 1292 472 frequentius
1341 415 1752 456 dehonestationibus

278 472 550 513 submittebat
585 472 877 514 Theoctistum
917 473 1206 527 magistratum
1258 478 1299 512 et
1347 473 1619 512 domesticum
1659 471 1755 511 Ste-

278 528 462 582 phanum
493 543 541 569 ac
564 529 807 570 Michaelem
839 531 1128 584 curopalaten,
1158 536 1346 569 avertens
1380 529 1553 569 omnino
1582 534 1625 568 et
1643 527 1752 567 Pro-

279 586 445 639 copiam
475 599 669 626 sororem
708 600 825 626 suam
851 593 898 627 ut
939 585 1199 626 insidiantem
1226 585 1302 625 sibi
1332 585 1579 639 Theophani
1606 586 1752 637 Augu-

277 647 364 681 stae
394 642 749 682 submissionibus.
806 657 901 682 mox
936 657 1107 697 quoque
1140 641 1288 682 misera
1330 656 1408 695 per
1437 642 1582 682 beatae
1611 640 1752 680 imita..

278 697 435 738 tionem
468 698 673 739 Heirenae
707 699 898 739 obtinere
927 699 1120 753 sperabat
1140 698 1373 752 imperium,
1402 712 1496 737 cuin
1525 698 1612 737 sine
1645 696 1752 736 libe.-

277 753 333 794 ris
365 761 478 794 esset.
535 761 579 795 at
607 769 709 794 vero
742 755 982 796 stauracius
1012 770 1053 795 se
1072 754 1214 795 videns
1236 754 1519 794 insanabiliter
1549 753 1751 803 habitum,

140 810 500 864 p.7fi7imperium
532 811 654 851 uxori
688 811 911 867 acquirere
955 811 1175 852 festinabat
1217 818 1290 851 aut
1327 811 1498 865 vulgare
1529 809 1751 864 imperium

277 868 455 908 excitare
484 868 524 907 in
558 867 814 909 Christianos
841 882 966 921 supra
1008 867 1300 921 praecedentia
1327 868 1446 910 mala.
1507 880 1634 921 super
1661 879 1747 920 quo

273 929 468 977 paventes
500 923 759 977 Nicephorus
787 923 1028 979 patriarcha
1059 930 1100 963 ct
1118 923 1383 963 Theoctistus
1413 923 1674 977 magistratus
1707 927 1749 961 et

273 980 506 1034 Stephanus
535 980 781 1020 domesticus
811 995 857 1021 ex
886 981 1014 1019 multa
1048 979 1264 1019 inimicitia
1294 980 1335 1019 in
1369 980 1571 1020 alternam
1600 977 1749 1018 amici-

272 1036 373 1076 tiam
403 1052 494 1076 cum
513 1036 715 1077 Michaele
744 1037 987 1090 curopalate
1019 1050 1169 1076 venere
1197 1037 1309 1075 circa
1340 1037 1464 1075 finem
1493 1035 1640 1075 mensis
1670 1036 1746 1075 Se·

271 1093 474 1147 ptembris
506 1094 675 1147 quintae
702 1093 956 1132 indictionis.
1013 1091 1196 1132 kalendis
1228 1098 1364 1131 autem
1385 1092 1644 1132 Octobribus
1674 1105 1746 1131 ve-

270 1149 382 1203 speri
414 1150 653 1189 Stauracius
684 1148 931 1188 advocatum
962 1149 1222 1203 Stephanum
1259 1148 1532 1188 domesticum
1558 1161 1746 1202 percun-

270 1206 479 1259 ctabatur,
508 1219 690 1260 quonam
721 1212 846 1259 pacto
880 1205 1124 1244 Michaelem
1153 1204 1311 1244 sororis
1344 1219 1441 1244 suae
1468 1206 1667 1244 maritum
1698 1218 1747 1244 ex

270 1262 447 1316 propria
481 1261 634 1302 ducese
675 1267 814 1316 posset
844 1261 970 1301 domo
1011 1261 1060 1301 ad
1094 1261 1177 1301 eius
1209 1260 1352 1300 oculos
1381 1261 1601 1301 eruendos.
1660 1275 1746 1315 quo

268 1319 518 1372 perhibente
551 1318 801 1372 impossibile
835 1318 916 1358 hoc
944 1319 1037 1358 fore
1070 1318 1147 1357 bac
1190 1317 1294 1357 hora
1321 1325 1501 1372 propter
1530 1317 1747 1370 virtutem,

270 1389 377 1430 quae
407 1375 519 1414 circa
541 1374 655 1414 illum
677 1375 846 1426 adesset,
876 1381 917 1414 et
940 1375 994 1414 ob
1024 1373 1301 1414 munitionem
1325 1374 1407 1414 loci
1428 1374 1574 1414 domus
1606 1373 1746 1427 ipsius,

267 1438 390 1485 rogat
421 1431 575 1470 nemini
605 1431 694 1471 fieri
727 1438 827 1471 nota
859 1447 965 1486 quae
997 1431 1107 1471 dicta
1140 1435 1251 1470 sunt.
1311 1437 1353 1471 at
1384 1430 1451 1471 ille
1485 1445 1579 1470 cum
1609 1431 1746 1470 verbis

267 1487 614 1542 persuadibilibus
645 1487 864 1528 inflexisset
892 1503 985 1527 eum
1030 1502 1080 1528 ne
1107 1487 1306 1528 sollicitus
1337 1493 1464 1535 esset,
1501 1501 1580 1541 per
1608 1492 1744 1527 totam

269 1550 435 1584 noctem
466 1543 633 1584 militias
664 1544 875 1598 ordinum,
908 1558 1014 1598 quae
1040 1549 1336 1593 remanserant,
1365 1543 1534 1599 collegit
1567 1543 1606 1583 in
1639 1543 1744 1597 Hip-

268 1599 508 1654 podromio,
540 1615 623 1640 una
656 1615 751 1640 cum
783 1600 1045 1655 principibus
1085 1600 1270 1655 propriis
1303 1599 1355 1640 ad
1381 1600 1743 1654 pronuntiandum

268 1657 447 1696 eundem
476 1656 720 1696 Michaelem
761 1657 1075 1710 imperatorem.
1133 1671 1313 1711 cumque
1354 1663 1466 1697 totus
1495 1662 1657 1697 senatus
1687 1657 1740 1696 ad

267 1713 470 1767 palatium
502 1712 553 1753 de
601 1714 692 1753 luce
735 1714 923 1764 venisset,
956 1713 1067 1753 hunc
1098 1714 1480 1766 pronuntiaverunt
1510 1714 1742 1767 imperato-

268 1783 357 1809 rem
383 1799 395 1820 ,
425 1768 778 1824 quemadmodum
817 1770 858 1809 in
907 1770 1248 1825 subsequentibus
1283 1769 1550 1810 indicabitur.
1608 1783 1745 1823 porro

268 1825 528 1879 Nicephorus
568 1826 811 1879 patriarcha
852 1826 1057 1880 scriptum
1089 1841 1112 1865 a
1143 1825 1344 1866 Michaele
1372 1826 1573 1880 propriae
1600 1840 1745 1865 manus

138 1904 173 1938 p.
187 1890 256 1926 768
269 1883 408 1936 exegit
439 1881 489 1922 de
516 1889 631 1922 recta
662 1881 756 1932 fide,
785 1889 827 1922 et
854 1890 901 1922 ut
934 1883 1021 1923 sine
1056 1883 1253 1937 sanguine
1283 1897 1428 1922 manus
1457 1898 1479 1922 a
1503 1881 1744 1922 Christianis

267 1944 467 1989 servaret,
498 1953 546 1978 ac
578 1938 628 1979 de
657 1939 782 1978 sacris
812 1939 1048 1979 hominibus
1077 1953 1147 1979 seu
1177 1939 1389 1980 monachis
1418 1945 1459 1980 et
1489 1945 1581 1978 toto
1611 1938 1744 1980 ecclc-

267 1995 431 2035 siastico
463 1996 670 2050 catalogo,
698 2009 749 2035 ne
778 2002 1107 2049 percuterentur
1136 1996 1186 2035 ab
1219 1995 1307 2034 illo.

381 2063 501 2102 Anno
528 2064 669 2118 itaque
688 2062 829 2102 mundi
848 2063 1102 2103 conditionis
1123 2059 1245 2114 6304,
1264 2062 1428 2103 divinae
1448 2061 1745 2102 incarnationis

267 2133 376 2158 anno
405 2115 502 2170 804,
533 2120 739 2159 mensibus
771 2125 884 2170 octo,
918 2120 984 2160 die
1015 2120 1174 2174 quinta,
1203 2119 1309 2159 hora
1338 2120 1490 2174 prima,
1517 2118 1747 2158 indictione

267 2175 429 2229 quinta,
458 2175 634 2215 Michael
663 2176 865 2229 piissimus
899 2177 1160 2231 curopalates
1175 2176 1407 2230 appellatus
1430 2183 1489 2217 est
1514 2177 1749 2229 imperator

252 2233 559 2272 ‘Romanorum
590 2233 631 2271 in
661 2232 972 2286 Hippodromio
1004 2249 1025 2272 a
1057 2238 1149 2272 toto
1180 2240 1326 2273 senatu
1355 2240 1482 2288 atque
1513 2232 1743 2282 ordinibus,

270 2288 342 2343 qui
372 2288 594 2343 imperavit
629 2290 743 2328 annis
775 2288 950 2329 duobus.
1008 2289 1247 2329 stauracius
1282 2296 1420 2331 autem
1451 2289 1571 2329 huius
1603 2288 1743 2328 accla-

269 2344 456 2386 matione
486 2345 628 2386 audita
678 2345 816 2384 statim
856 2360 1019 2385 comam
1057 2346 1268 2400 totondit,
1302 2352 1344 2388 et
1372 2345 1624 2387 monachicis
1655 2345 1744 2385 cir-

270 2401 488 2442 cumdatus
523 2408 584 2442 est
625 2403 878 2442 vestimentis
921 2416 1001 2456 per
1030 2403 1266 2443 Simeonem
1296 2403 1561 2454 monachum,
1590 2416 1743 2457 cogna-

269 2463 359 2497 tum
386 2473 518 2510 suum,
548 2458 669 2499 valde
697 2458 981 2512 patriarcham
1003 2459 1246 2514 implorans.
1309 2461 1381 2515 qui
1406 2460 1571 2500 veniens
1603 2460 1641 2498 in
1668 2473 1743 2512 pa-

272 2514 416 2554 latium
463 2515 643 2555 multum
682 2516 947 2555 Stauracium
993 2531 1073 2555 una
1115 2531 1210 2556 cum
1252 2516 1511 2571 imperatore
1541 2514 1744 2556 Michacle

270 2572 462 2624 rogabat,
494 2586 546 2612 ne
574 2572 815 2612 tristaretur
844 2586 970 2626 super
991 2587 1041 2612 eo
1075 2573 1189 2627 quod
1220 2569 1376 2614 factum
1409 2580 1491 2616 est:
1519 2588 1603 2613 non
1633 2571 1745 2611 enim

272 2641 349 2680 per
379 2628 571 2678 insidias,
617 2628 686 2669 sed
729 2642 807 2682 per
837 2628 1170 2682 desperationem
1208 2630 1316 2670 vitae
1358 2630 1483 2684 ipsius
1513 2630 1743 2683 idgestum

270 2685 542 2725 asseverabat.
601 2691 643 2725 at
674 2684 741 2725 ille
769 2685 978 2739 nequitiae
1015 2692 1217 2740 paternae
1245 2686 1362 2727 rabie
1386 2688 1527 2726 furens
1556 2699 1637 2725 non
1671 2698 1746 2724 ac-

271 2740 445 2794 quievit,
478 2741 616 2781 dicens
641 2741 692 2782 ad
724 2756 817 2781 eum
846 2743 1053 2781 “amicum
1071 2743 1287 2783 meliorem
1318 2758 1383 2783 me
1416 2758 1499 2782 non
1533 2741 1739 2781 habebis.⁷’

217 2819 225 2828 =
268 2795 376 2836 hora
408 2812 508 2837 vero
557 2797 638 2840 diei
687 2805 837 2854 quarta
879 2806 1105 2841 coronatus
1140 2806 1199 2841 est
1233 2800 1407 2841 Michael
1440 2815 1461 2840 a
1505 2797 1743 2852 Nicephoro
