1728 3184
699 181 900 225 NOTAE.
1389 175 1395 179 ’
1435 174 1533 227 457

63 293 264 350 agendas,
290 292 339 335 τὸ
366 293 571 349 ἐξῆλθεν,
609 294 855 349 deportatas
886 310 934 336 ex
968 295 1117 360 priore
1145 298 1187 336 in
1218 310 1370 338 novam
1402 297 1538 339 eccle·

59 352 163 392 siam
194 350 415 407 reliquias,
459 348 509 392 τὸ
545 347 831 402 καθεζόμενος
859 351 906 392 ἔν
932 365 990 408 τῳ
1018 349 1208 405 ὀχήματι
1240 354 1369 394 habet
1396 368 1537 395 exem-

60 408 177 463 plum
207 422 331 474 pagg.
362 407 539 448 citandis
555 408 598 448 in
628 407 766 449 indice
794 423 835 449 v.
864 408 1074 449 dedicatio
1102 408 1313 450 ecclesiae.
1344 407 1394 450 τὸ
1428 409 1539 450 duo..

59 465 254 504 στολικον
293 464 444 516 σχῆμα
483 464 697 505 colobium
737 471 823 519 est,
863 464 917 505 de
957 479 1039 520 qua
1081 464 1352 521 euchologica
1394 472 1537 508 nostra

58 519 293 561 disserunt:
323 518 383 572 τό,
407 512 543 573 ἄρατε
569 517 721 572 πύλας,
750 535 893 562 versus
912 527 974 562 est
1001 521 1046 561 in
1073 520 1269 563 ecclesiae
1301 522 1539 564 dedicatio-

60 590 117 618 ne
142 576 271 618 sacris
298 575 343 616 in
390 577 603 618 ecclesiam
637 577 824 633 reliquiis
866 577 1048 619 inductis
1077 577 1324 619 cantandus:
1356 579 1409 620 de
1438 579 1536 634 qui-

57 632 137 674 hus
165 632 333 688 singulis
366 633 639 688 euchologica
671 640 814 674 nostra
842 632 894 674 de
925 634 1122 675 ecclesiae
1149 633 1405 676 dedicandae
1431 636 1535 687 ritu,

60 695 104 730 et
135 689 235 740 alio,
264 689 298 730 si
325 696 489 731 motum
515 690 647 731 altare
675 690 806 731 fuerit
822 689 1107 745 σαλευθείσης
1123 691 1196 743 τῆς
1225 688 1350 742 ἁγίας
1377 691 1537 743 τραπέ-

57 743 166 800 ζης·
196 746 249 787 de
279 760 416 787 annua
444 745 660 789 dedicatae
690 746 886 788 ecclesiae
918 747 1001 791 (ΞΡ.
1043 747 1287 788 celebritate
1318 750 1538 788 Menaeum

57 816 199 843 mense
226 802 471 846 Decembri.
538 803 865 845 consecrationis
903 803 1018 844 istius
1058 809 1223 858 tempus
1251 802 1360 844 idem
1387 804 1539 844 statui-

57 865 134 899 tur
165 859 208 900 in
237 857 441 900 chronico
478 859 676 902 Alexand.
718 866 882 901 tantum
926 859 1011 902 dies
1038 862 1125 902 eius
1165 860 1313 902 mensis
1345 860 1400 902 24
1427 860 1539 902 desi-

55 921 229 971 guntur.

164 986 263 1041 369,
292 989 357 1030 15.
414 988 659 1039 ,Κουτζύνας
684 1003 751 1038 τις
789 985 991 1046 ὄνόματι]
1022 991 1075 1032 de
1106 1004 1193 1047 quo
1220 991 1310 1033 fuse
1340 992 1381 1032 in
1409 1004 1538 1046 prae-

59 1042 316 1098 cedentibus,
345 1045 418 1086 uhi
447 1045 500 1087 de
527 1046 640 1087 bello
673 1046 922 1088 vandalico.

167 1128 264 1183 370,
296 1130 360 1171 18.
418 1127 649 1182 ἀπολαβών
676 1130 751 1170 καί
778 1126 919 1179 πάσας
948 1126 1086 1170 αὕτοῦ
1119 1126 1197 1179 τὰς
1226 1130 1368 1187 ἀξίας]
1399 1132 1540 1173 variae

59 1185 113 1227 de
140 1185 359 1228 Belissario
389 1185 635 1227 conduntur
662 1186 887 1238 historiae,
935 1201 1038 1242 quas
1067 1188 1238 1230 Tzetzes
1267 1187 1373 1228 Chil.
1401 1185 1430 1228 3
1471 1188 1539 1229 hi-

56 1243 184 1284 storin
208 1242 267 1284 88
290 1243 483 1284 breviter
509 1244 770 1298 perstringit.

225 1302 351 1358 οὗτος
377 1307 635 1362 Βελισάριος
663 1307 687 1350 ὅ
718 1307 955 1364 στρατηγὸς
981 1306 1003 1351 ὅ
1030 1310 1179 1363 μέγας,

216 1364 584 1414 Ἰουστινιανειόις
609 1359 670 1407 ὢν
697 1366 744 1407 ἐν
773 1364 948 1420 χρόνοις
974 1365 1270 1421 στρατηλάτης

220 1419 329 1474 πρὸς
355 1423 499 1463 πᾶσαν
528 1422 838 1475 τετραμὲρειαν
875 1423 952 1475 γῆς
981 1419 1243 1477 ἐφαπλώσας
1269 1422 1400 1474 ιὶίκας,

217 1473 395 1530 ὕστερον
422 1477 571 1535 φθόνῳ
603 1480 863 1534 τυφλωθείς,
894 1476 929 1519 ὦ
958 1479 1094 1532 τυχῆς
1119 1479 1195 1531 τῆς
1225 1479 1423 1536 α’στάτου,

220 1531 399 1585 ἔκπωμα
429 1530 597 1583 ξύλινον
625 1534 793 1589 κρατῶν
829 1531 935 1586 ἐβόα
965 1534 1023 1591 τῷ
1051 1533 1201 1592 Μιλίῳ

221 1592 465 1647 Βελισαρίῳ
496 1585 645 1642 ὄβολον
677 1587 775 1631 δότε
803 1592 861 1647 τῷ
888 1590 1153 1646 στρατηλάτῃ

218 1642 266 1687 ὅν
297 1643 408 1700 τύχη
439 1647 520 1698 μὲν
546 1645 760 1700 ἐδόξασεν,
791 1648 1038 1702 α’ποτυφλοῖ
1058 1647 1106 1687 δὲ
1130 1646 1150 1687 ὅ
1180 1646 1354 1702 φθόνος.

221 1696 346 1743 ἄλλοι
377 1701 488 1757 φασὶ
515 1704 602 1744 τῶν
630 1704 844 1757 χρονικῶν
877 1701 934 1756 μὴ
961 1704 1245 1757 τυφλωθῆναι
1273 1706 1449 1747 τοῦτον·

218 1757 264 1808 ἐξ
297 1759 501 1810 ἐπιτίμων
529 1759 567 1799 δ’
596 1773 749 1810 ατιμον
777 1756 970 1810 ἐσχάτως
998 1760 1239 1811 γεγονέναι·

218 1815 294 1856 καί
320 1811 450 1856 πάλιν
482 1815 543 1864 εἰς
572 1811 803 1870 α’νάκλησιν
830 1814 955 1871 δόξης
979 1815 1120 1857 ἐλθεῖν
1149 1815 1372 1871 προτέρας.

218 1890 287 1929 hic
314 1889 539 1930 Belisarius
563 1890 654 1931 dux
680 1905 871 1945 magnus.-

219 1946 451 1989 1αείἰηὶαηί
470 1947 716 2002 temporibus
747 1949 941 2000 magister
966 1947 1143 1987 militiae

217 2003 263 2041 in
293 2016 453 2042 omnem
482 2004 638 2043 telluris
668 2003 944 2059 quadrantem
975 2003 1194 2043 extendens
1222 2002 1423 2043 victorias

211 2059 352 2097 ultimo
381 2058 542 2099 invidia
568 2069 815 2101 excaecatus
828 2091 842 2112 ,
871 2074 896 2100 ο
907 2060 1132 2111 fortunam
1159 2060 1390 2099 instabilem
1403 2062 1423 2099 l

211 2114 410 2169 poculum
444 2115 620 2168 ligneum
650 2125 785 2156 tenens
813 2116 1085 2157 exclamabat
1112 2116 1156 2156 in
1182 2116 1336 2168 Mulio,

217 2170 432 2210 Belisario
455 2173 649 2225 magistro
670 2173 848 2213 nn'liciae
873 2173 1032 2213 obolum
1061 2173 1173 2223 date,

215 2241 331 2282 quem
342 2227 527 2278 fortuna
554 2229 719 2283 quidem
734 2229 894 2280 extulit,
923 2229 1087 2269 invidia
1105 2243 1202 2268 vero
1212 2229 1357 2283 privat
1383 2227 1537 2268 oculis.-

214 2284 291 2322 alii
318 2284 598 2323 chronicorum
627 2287 847 2340 scriptores
877 2295 1138 2326 excaecatum
1163 2293 1331 2338 negant.-

217 2353 278 2379 εει·
303 2340 510 2379 honoratis
536 2349 674 2380 autem
699 2351 902 2396 postremo
932 2343 1132 2394 infamem
1144 2344 1309 2393 sactum
1323 2371 1335 2390 ,

214 2404 335 2451 atque
370 2396 518 2436 iterum
545 2407 735 2452 reparata
768 2398 908 2454 priori
943 2407 1046 2439 sorte
1082 2398 1144 2437 ad
1180 2396 1337 2449 gloriae
1367 2395 1529 2436 culmen

994 2455 1174 2494 rediisse.

160 2523 271 2565 Ibid.
303 2522 368 2565 19.
426 2520 595 2579 ἔφθασε
624 2523 671 2564 δὲ
699 2521 775 2565 καὶ
800 2524 973 2578 Πέτρος
1013 2521 1036 2565 ὅ
1068 2520 1316 2577 μάγιστρος]
1349 2523 1436 2564 eius
1468 2523 1529 2563 le-

46 2578 260 2635 gationem
289 2581 379 2622 fuse
402 2581 656 2634 descriptam
680 2581 721 2621 in
740 2583 945 2636 excerptis
974 2581 1195 2623 Menandri
1218 2580 1414 2620 exhibent
1442 2579 1528 2634 ipsa

44 2635 99 2677 de
128 2636 401 2692 legationibus
431 2644 627 2692 excerpta
661 2637 855 2679 editionis
878 2640 1046 2694 Regiae,
1078 2652 1173 2691 pag.
1197 2632 1291 2684 140,
1329 2651 1413 2692 qua
1443 2635 1529 2677 τῶν

43 2691 145 2747 περὶ
170 2690 245 2734 τόν
271 2694 454 2746 βασιλέα
483 2691 651 2747 ἡγεμών
677 2695 943 2736 celebratur:
975 2695 1027 2736 de
1057 2694 1205 2734 eodem
1232 2691 1393 2734 suidas.

154 2775 251 2828 371,
286 2779 321 2821 1.
373 2775 680 2832 Ἑρμηχιόνων]
710 2779 987 2839 Theophanes
1017 2777 1238 2834 Byzantius
1262 2776 1376 2834 apud
1406 2775 1523 2818 Pho-
