1728 3184
614 173 955 220 HISTORICUS.

100 271 197 303 taesa
223 266 517 316 Hierosolymam».
539 273 631 320 fugit
663 275 743 319 183,

104 314 158 350 17.
206 328 271 351 sua
297 319 416 353 omnia
457 332 500 354 ex
524 326 742 358 testamento

88 364 270 403 ,ecclesiae
296 366 471 413 relinquit
497 364 576 410 184,
595 368 626 403 1.
651 371 742 405 Cur.

97 421 191 455 cum,
214 413 314 447 cuius
341 425 450 460 opera
475 415 743 462 sugisset,com·

74 457 241 499 ‚tuendat
264 461 433 507 episcopo
459 462 508 496 ib.
538 464 572 498 2.

51 504 211 540 Endecia
236 508 358 553 Rogati
378 509 453 543 Afri
479 510 568 544 filia.
585 510 740 548 Heraclii

67 580 75 589 .
94 562 185 601 uxor
204 551 286 600 460,
312 556 345 590 5.
370 554 452 598 461,
480 558 513 604 5.
567 561 740 607 susceptis

98 601 299 648 Epiphauia
314 601 387 638 filia
414 609 462 638 et‘
474 604 614 640 iuniore
631 608 739 642 Hera·

95 649 165 683 clio
189 649 282 683 diem
311 650 391 685 obit
414 649 464 685 ib.
482 650 536 686 14.
561 649 643 695 462,
669 652 702 689 9.

45 694 207 731 Eudoxin
222 697 361 735 Arcadii
374 710 475 742 uxor,
487 706 600 735 mater
616 702 739 740 ΊῚιιεο·ι

63 787 66 793 4
92 743 185 780 dosii
213 742 336 786 118‚5.
363 745 546 791 Chrysost.
570 741 675 795 penit
701 752 738 784 in

91 792 239 825 exilium
270 785 361 837 122,
388 792 423 837 6.

43 866 49 872 .
93 837 173 883 124,
200 839 255 876 12.

43 884 207 920 Eudoxia
234 887 351 921 iunior
374 884 633 924 *Valentiniano
659 896 734 925 ter-

91 934 143 968 tio
168 933 232 968 CP.
257 939 370 981 nupta
398 934 474 978 142,
501 937 552 971 15.
591 937 636 971 ad
658 950 735 973 ma·-

84 986 178 1021 trem
203 981 408 1027 expostulat
435 983 480 1017 de
507 985 635 1019 iniuria
650 986 734 1019 Fla-

87 1026 326 1074 viani156,6.
354 1041 374 1063 a
400 1030 554 1065 Maximo
580 1043 733 1078 oppres-

86 1087 138 1117 sa,
163 1075 388 1114 Gizerichum
419 1079 561 1112 Romam
586 1080 735 1115 advocat

91 1122 170 1165 168,
183 1124 216 1158 5.
242 1124 279 1159 in
306 1125 457 1159 Africam
487 1138 564 1160 cum
592 1124 733 1162 filiabus

86 1171 297 1206 transfertur
322 1171 368 1206 ib.
393 1171 445 1208 18.
472 1185 514 1215 ex
535 1174 653 1208 Africa
678 1186 734 1210 re-

85 1225 182 1253 meat
203 1230 287 1253 cum
307 1220 462 1264 placidia
479 1220 557 1260 170,
585 1221 640 1256 10.

42 1263 226 1301 Eudoxias
269 1266 478 1303 Macedonio
516 1270 632 1303 eiecto
669 1269 731 1304 ΟΡ.

88 1315 280 1361 episcopus
307 1314 364 1355 70,
392 1315 426 1350 6.
450 1316 638 1351 Valentem
664 1316 732 1351 ba-

85 1361 199 1409 ptizat
222 1361 280 1403 85,
310 1362 362 1398 10.
412 1362 457 1396 ab
495 1375 537 1398 eo
565 1365 732 1399 ecclesias

83 1410 151 1444 GP.
190 1409 318 1454 recipit
353 1409 401 1443 ib.
434 1409 491 1444 20.
542 1410 672 1446 eiectos
710 1424 730 1446 a

82 1458 295 1492 Constantio
321 1457 412 1492 Orth.
442 1461 642 1504 episcopos,
669 1471 731 1493 cu-

82 1512 139 1540 rat
162 1506 289 1539 iterum
318 1506 398 1539 eiici
422 1505 480 1547 90,
511 1507 541 1540 1.
568 1507 612 1540 ab
651 1507 727 1541 eius

81 1564 120 1586 se
160 1553 412 1587 communione
440 1553 636 1588 Eunomins
673 1566 730 1588 se·

81 1606 186 1647 parat
211 1600 260 1634 ib.
285 1600 318 1635 8.
343 1601 389 1633 ab
414 1613 470 1642 eo,
511 1608 548 1636 et
575 1601 728 1636 Valente

81 1649 243 1692 graviora
279 1649 373 1693 passi
401 1648 594 1683 orthodoxi
620 1662 727 1696 quam

81 1696 126 1730 ab
150 1696 310 1729 Ethnicis
334 1694 391 1736 91,
419 1697 452 1729 2.

33 1740 152 1789 Eugee
175 1743 212 1777 in
227 1754 401 1777 carcerem
415 1755 433 1776 a
447 1742 626 1778 Gelimere
639 1756 725 1779 con-

82 1792 198 1826 iectus
225 1790 308 1833 290,
337 1790 370 1825 6.

31 1838 230 1884 Eugenius,
247 1838 400 1885 Arabum
429 1838 648 1874 Scenitarum
671 1839 726 1872 vi-

84 1892 161 1920 ctor
184 1885 266 1928 218,
294 1885 325 1919 1.

18 1932 390 1979 -Eugeniustyrannus
402 1932 636 1967 obtruncatur
650 1931 727 1975 111,

29 2028 208 2074 Eugenius
233 2027 480 2074 expraefectus
495 2026 643 2072 Georgii
667 2040 727 2062 ac-

77 2083 219 2111 cusator
237 2074 318 2117 363,
347 2074 398 2108 13-

28 2123 200 2168 Eulogius
238 2122 502 2158 Alexandrinus
534 2121 724 2169 episcopus

28 2219 200 2263 Eulogius
226 2217 380 2252 Edessae
404 2216 592 2262 episcopus
607 2215 722 2250 clarus

77 2267 144 2302 108
187 2267 241 2301 14.

25 2293 223 2350 Eunomins
250 2312 365 2358 Cyzici
396 2311 584 2356 episcopus
611 2309 719 2344 Eleu-

72 2365 126 2397 sio
151 2364 320 2397 suffectus
348 2359 406 2399 87,
436 2358 469 2392 9.
498 2359 593 2392 Aelii
617 2359 720 2391 Ama-

70 2411 241 2452 nuensis,
278 2409 332 2442 vir
377 2407 536 2440 florentis
569 2405 718 2451 eloquii,

71 2458 139 2492 etsi
172 2457 336 2492 indoctus
363 2455 419 2495 90,
448 2453 500 2487 13.
524 2465 596 2487 non
621 2464 719 2486 com-

70 2507 230 2539 municat
256 2503 415 2538 Eudoxio
433 2528 441 2541 ‚
476 2501 572 2547 quod
598 2510 717 2546 neque

68 2554 98 2588 is
124 2555 227 2588 Aetio
259 2553 306 2586 ib.
333 2551 367 2585 8.
422 2550 547 2593 Cyzico
575 2547 718 2582 eiicitur

69 2607 112 2636 ut
138 2599 341 2634 haereticus
371 2598 419 2630 ib.
450 2597 504 2630 16.
554 2607 625 2629 una
648 2596 716 2628 irn-

68 2650 248 2683 mersione
274 2647 443 2693 baptIzat,
468 2650 504 2678 et
528 2643 565 2677 in
582 2641 714 2677 Christi

69 2707 303 2738 nomeu,non
329 2694 443 2728 trinit.
469 2691 525 2732 98,
552 2691 604 2725 10.
646 2690 712 2724 da-

68 2750 214 2779 mnatur
240 2745 279 2778 in
304 2740 457 2777 secunda
482 2738 618 2783 synodo
633 2737 711 2782 109,

69 2791 100 2824 1.
127 2793 166 2826 in
190 2791 302 2826 exilio
321 2789 418 2824 diem
446 2788 525 2822 obit
551 2786 627 2827 112,
655 2786 709 2820 15.

163 2866 399 2914 Theophanen
423 2863 471 2899 lt.

476 796 627 831 moritur
661 799 737 844 ipsa

1405 175 1497 238 '3⁰5

808 278 998 313 Eunomius
1031 278 1122 326 alter
1146 280 1299 316 Arsanus
1332 280 1496 321 Samosa-

855 328 958 358 tenus
983 326 1168 373 episcopus
1185 327 1243 371 92,
1275 329 1329 369 18.
1355 330 1496 364 insensa

854 370 901 404 ob
930 370 1102 408 haeresim
1116 375 1223 421 plebe
1240 381 1367 423 sponte
1394 387 1494 412 sece-

853 418 907 451 dit
926 416 983 460 93,
1008 419 1042 453 4.

808 462 965 498 Euodius
992 467 1178 512 episcopus
1215 467 1424 514 Ii-ormisdae
1449 469 1495 504 ad

853 510 1027 556 synodum
1053 515 1188 559 legatus
1202 507 1288 558 248,
1320 517 1360 551 4.,
1466 556 1470 561 .

807 560 841 592 S.
868 558 1065 605 Euphemia
1099 562 1343 598 Alexandriam
1379 570 1496 598 trans·
1547 593 1551 596 ,

852 605 924 640 lata
950 605 1027 650 147,
1054 607 1106 645 19.

806 652 838 688 S.
856 690 859 694 Α
878 652 1100 699 Euphemiae
1148 667 1274 702 corpus
1315 658 1353 692 in
1399 668 1494 693 mare

850 702 1068 782 gffiiegtum,
1107 704 1278 738 miraculo
1314 712 1493 751 receptum

921 773 933 790 2
985 773 993 781 ·
1232 780 1234 782 ·
1335 789 1337 793 .

803 794 1002 841 Euphemia
1029 806 1119 830 uxor
1153 795 1281 830 Instini
1307 796 1386 838 254,
1413 797 1448 831 8.

803 842 1016 887 Euthymius
1032 847 1035 856 ‘
1050 844 1130 877 GP..
1150 845 1337 890 episcopus
1373 843 1508 890 Mongi,

850 897 1040 936 expuncto,
1053 888 1180 925 Felicis
1193 902 1321 924 nomen
1342 892 1496 939 restituit

847 937 930 978 206,
958 937 1012 972 14.
1071 939 1278 984 episcopum
1317 939 1415 971 Felix
1447 939 1493 972 ob

848 985 966 1018 Aeacii
1013 995 1145 1022 nomen
1164 990 1167 992 '
1184 990 1359 1020 retentum
1375 1008 1384 1025 ‚
1421 997 1494 1019 non

846 1029 1008 1075 agnoscit
1038 1032 1130 1072 209,
1170 1030 1206 1065 4.
1266 1033 1493 1069 Anastasium

847 1078 1019 1113 haeresim
1038 1078 1229 1113 docentem
1256 1081 1405 1113 ecclesia
1429 1091 1494 1113 ex-

846 1127 952 1171 pellit
968 1125 1047 1166 208,
1066 1122 1099 1160 3.
1125 1127 1374 1172 imperatorem
1389 1138 1492 1161 crea-

847 1179 922 1207 tum
948 1174 1112 1207 libellum
1132 1172 1216 1207 dare
1240 1173 1490 1218 cogit210‚12.

847 1217 1176 1256 Chalcedonensem
1204 1221 1379 1265 synodum
1404 1231 1492 1255 con-

846 1267 961 1302 firmat
985 1269 1066 1308 212,
1081 1268 1115 1304 3.
1145 1267 1240 1315 apud
1269 1266 1491 1303 Anastasium

846 1315 988 1349 detecto
1013 1322 1147 1350 secreto
1166 1313 1316 1360 graviter
1342 1317 1492 1355 offendit

843 1362 925 1404 215,
951 1363 1002 1396 10.
1031 1364 1280 1408 episcoporum
1309 1363 1375 1397 ΟΡ.
1406 1374 1493 1397 con-

844 1416 951 1444 ventu
978 1409 1173 1453 depositus,
1197 1410 1406 1444 Euchaitam
1434 1420 1490 1444 re-

845 1455 983 1501 legatur
1007 1458 1089 1498 217,
1117 1453 1149 1490 4.

797 1502 948 1550 Euphila
985 1502 1202 1539 Gotthorum
1238 1503 1387 1538 Arianus
1408 1501 1487 1549 epi.»

845 1563 983 1598 scopus,
1009 1563 1131 1586 eorum
1157 1551 1202 1586 ad
1224 1550 1410 1586 Valentem
1437 1551 1488 1585 le·

842 1606 942 1643 gatus
971 1599 1050 1640 101,
1078 1597 1109 1634 7.

740 1649 748 1654 ⁶
796 1645 1051 1692 Euphraemius
1094 1645 1287 1689 Amidenus
1330 1642 1488 1690 Orientis

842 1706 958 1728 comes
1022 1693 1233 1728 Antiochiae
1295 1694 1486 1739 episcopus

839 1739 906 1775 267
946 1742 981 1777 2.
1471 1743 1473 1745 ’

793 1767 1009 1834 Ευρίιτάεἰυε
1046 1787 1254 1826 Antiochide
1286 1785 1486 1832 episcopus,

839 1834 983 1870 nomina
1011 1836 1071 1869 PP.
1099 1834 1244 1869 concilii
1257 1834 1422 1867 Chalced.
1449 1840 1485 1868 et

839 1883 936 1917 Rom.
964 1883 1147 1930 pontificis
1172 1893 1190 1916 e
1220 1881 1398 1926 diptychis
1425 1891 1486 1914 ex-

838 1932 966 1976 pungit
989 1930 1069 1973 258,
1079 1929 1114 1964 8.
1141 1934 1356 1963 terraemotu
1377 1940 1483 1982 quas-

838 1984 914 2012 sata
938 1979 1024 2012 urbe
1034 1976 1221 2012 Antiochia
1235 1977 1329 2022 perit
1339 1975 1416 2016 260,
1428 1976 1480 2008 17.

792 2025 1019 2069 Euphronius
1044 2023 1256 2059 Antiochiae
1293 2023 1479 2068 episcopus

836 2071 894 2114 49,
923 2073 976 2106 19.
1019 2073 1055 2106 in
1080 2071 1214 2117 synodo
1243 2070 1306 2105 CP.
1333 2069 1480 2102 damna-

837 2127 893 2155 tus
921 2120 999 2162 108,
1022 2118 1076 2154 17.

790 2167 945 2202 Eusebia
963 2165 1162 2201 Constantii
1188 2174 1275 2198 uxor
1299 2163 1476 2197 Iulianum

835 2215 914 2250 neci
942 2215 1048 2260 eripit
1070 2214 1125 2255 62,
1152 2211 1205 2246 13.
1439 2255 1441 2259 ⁴

788 2263 961 2298 Eusebius
999 2263 1188 2297 Caesareae
1229 2254 1474 2303 Cappadociae

834 2312 1018 2356 episcopus
1039 2308 1232 2342 catholicus
1247 2305 1302 2346 93,
1331 2304 1472 2338 10..in⁶

832 2364 944 2392 terest
975 2355 1154 2400 Tyauensi
1191 2351 1473 2386 orthodoxorum

831 2406 967 2449 synodo
993 2403 1050 2445 89,
1081 2402 1134 2436 15.
1190 2400 1296 2433 fidem
1327 2405 1471 2441 streniae

831 2455 952 2487 tuetur
974 2451 1029 2490 93,
1058 2449 1099 2483 10

783 2501 955 2535 Eusebius
1006 2499 1192 2531 Emesenus
1235 2490 1470 2527 Alexandriae

829 2547 971 2594 praesul
986 2546 1195 2579 Arianorum
1216 2540 1370 2575 factione
1395 2540 1471 2578 elea

829 2601 918 2636 ctus,
948 2591 1061 2627 resilit
1088 2589 1144 2631 54,
1174 2588 1225 2622 18.
1254 2584 1471 2633 Theophani

828 2642 1051 2677 sabellianus
1076 2637 1123 2671 ib.
1148 2635 1201 2670 19.
1228 2631 1470 2669 Alexandrino

829 2691 1034 2736 episcopatu
1059 2685 1248 2766 Repudiato
1259 2680 1470 2717 Emesenum

827 2736 896 2771 reci
928 2737 955 2770 it
978 2734 1035 2775 55,
1085 2757 1093 2766 .

778 2749 953 2820 Eusebilus
969 2775 1253 2816 nicomediensis
1274 2773 1345 2812 Arii
1369 2771 1468 2823 prius

1161 2849 1205 2886 423
