1768 3268
269 229 362 274 100
479 230 764 272 ANASTASu
805 225 1068 271 HISTORIA
1109 221 1523 270 ECCLESIASTlCA

128 361 164 395 p.
179 352 248 387 313
261 344 430 400 plurimi
453 359 556 385 vero
576 344 816 399 principum
837 348 1023 399 ipsorum
1036 344 1233 384 Romanis
1253 339 1437 381 adiuncti
1457 343 1566 378 sunt.
1593 337 1738 377 mulie-

262 418 354 443 rum
375 409 501 458 atque
519 416 753 456 puerorum
784 407 942 441 tantam
973 399 1283 441 multitudinem
1306 395 1484 437 Romani
1513 409 1667 449 cepere
1692 400 1739 434 ut

260 459 345 499 ovis
378 458 517 513 pretio
560 473 724 498 servum
755 458 1013 498 Maurusium
1056 471 1195 497 emere
1234 453 1474 494 volentibus
1518 451 1736 492 venunda-

260 510 395 556 rent.¹
426 521 467 555 et
497 520 598 555 tunc
625 514 680 555 eis
710 520 826 555 vetus
857 514 1071 569 eloquium
1103 512 1317 552 cuiusdam
1359 509 1525 550 divinae
1553 509 1586 560 *)
1618 508 1738 549 femi-

259 587 336 612 nae
363 571 555 626 contigit,
588 572 685 626 quia
715 570 1010 611 maledictione
1041 568 1271 610 multitudo
1292 581 1441 608 eorum
1470 580 1493 605 a
1522 565 1618 605 viro
1649 565 1737 606 sine

256 628 388 668 barba
415 628 564 682 periit:
587 628 784 668 Salomon
816 627 974 682 quippe
994 642 1015 666 a
1049 641 1184 681 puero
1218 623 1432 666 eunuchus
1461 629 1635 677 praeter
1658 636 1739 662 vo-

257 685 462 725 luntatem
492 685 660 725 effectus
689 689 762 736 est,
790 698 892 738 prae
915 683 1105 738 passione
1134 682 1329 738 genitales
1352 685 1493 735 partes
1524 679 1735 719 amittens.

256 755 391 795 porro
431 746 520 782 tota
555 742 686 797 Libya
728 749 929 795 percepta
978 739 1272 794 Carthaginem
1304 738 1442 777 rediit.
1512 743 1737 790 praeterea

256 811 355 838 vere
382 797 606 852 incipiente
637 798 776 838 missus
817 804 876 837 est
909 797 1125 837 Belisarius
1156 795 1341 836 Siciliam
1370 792 1567 834 Romanis
1597 793 1736 832 facere

258 854 540 894 tributariam.
598 854 671 895 ubi
699 869 748 895 eo
784 854 993 894 hiemante
1024 853 1203 894 Romani
1243 852 1400 906 Libyae
1428 855 1580 890 contra
1609 850 1736 890 Salo-

256 925 424 950 monem
453 909 679 951 simultates
709 912 911 961 fecerunt,
945 911 1025 950 hoc
1041 910 1183 950 modo,
1242 907 1424 961 acceptis
1457 908 1568 947 enim
1598 906 1735 947 inter—

118 981 153 1016 p.
172 970 242 1006 314
256 973 496 1021 emptorum
543 968 742 1008 uxoribus
779 966 1070 1007 Vandalorum
1113 965 1326 1006 habebant
1356 977 1478 1019 agros
1508 978 1655 1004 earum
1687 971 1735 1004 ut

254 1038 370 1074 suos,
415 1029 457 1064 et
500 1023 662 1065 solvere
698 1024 944 1079 imperatori
986 1038 1066 1078 pro
1110 1023 1167 1064 eis
1200 1022 1359 1062 tributa
1406 1020 1618 1061 uolebant.
1690 1028 1734 1062 at

254 1095 356 1121 vero
388 1080 585 1120 Salomon
627 1081 925 1121 commonebat
963 1095 1034 1120 eos
1077 1095 1128 1119 ne
1171 1078 1516 1119 contradicerent
1546 1076 1734 1132 impera-

254 1138 354 1190 tori,
399 1136 472 1177 sed
512 1136 610 1177 huic
651 1152 759 1192 quae
795 1136 1027 1177 deliberata
1072 1136 1244 1176 fuissent
1282 1136 1448 1190 penitus
1489 1133 1732 1176 redderent.

253 1192 498 1234 ceciderunt
529 1200 667 1234 autem
700 1194 871 1249 quidam
904 1207 1076 1244 eorum,
1108 1193 1369 1247 maximeque
1398 1191 1656 1242 Gothorum,
1690 1191 1731 1231 in

253 1250 340 1290 Arii
369 1256 550 1298 sectam;
592 1264 697 1304 quos
737 1250 978 1291 sacerdotes
1017 1249 1213 1290 ecclcsiae
1251 1248 1537 1304 segregabant,
1580 1253 1622 1288 ct
1655 1262 1732 1288 nce

251 1305 406 1346 liberos
437 1320 584 1346 eorum
627 1307 842 1361 baptizare
882 1307 1093 1348 volebant.
1153 1306 1265 1347 unde
1294 1311 1336 1346 et
1367 1307 1410 1346 in
1439 1304 1506 1346 die
1535 1305 1642 1346 festo
1672 1305 1732 1345 si-

249 1364 400 1402 multas
446 1362 591 1403 estecta
623 1370 695 1404 est.
768 1363 976 1405 consiliati
1019 1376 1123 1403 vero
1151 1369 1248 1404 sunt
1277 1362 1428 1404 milites
1457 1361 1729 1403 Salomonem

250 1418 290 1457 in
325 1419 482 1473 templo
512 1419 742 1473 perimere3
774 1420 848 1476 qui
881 1419 963 1461 hoc
993 1420 1140 1460 audito
1181 1419 1358 1460 suadere
1387 1419 1443 1459 eis
1475 1418 1677 1460 recedere
1708 1435 1730 1459 a

86 1489 110 1524 p
131 1473 450 1516 3194seditione
478 1476 679 1528 tentabat,
709 1477 825 1532 quod
855 1491 940 1517 non
968 1482 1066 1531 post
1098 1492 1230 1532 panca
1259 1476 1459 1517 obtinuit.
1509 1475 1730 1516 Belisarius

248 1537 386 1572 autem
416 1532 600 1572 Siciliam
631 1540 672 1574 et
698 1535 875 1574 Romam
908 1533 959 1574 ab
989 1533 1099 1588 Ugio
1131 1533 1344 1574 detentam
1375 1540 1418 1574 et
1455 1532 1729 1588 circumqua-

249 1603 330 1643 que
360 1588 545 1630 civitates
576 1591 793 1645 accipiens,
823 1590 979 1646 Ugium
1010 1591 1256 1646 Byzantium
1288 1589 1406 1631 duxit
1438 1589 1491 1630 ad
1532 1589 1729 1630 Iustinia-

248 1659 350 1684 num
385 1659 479 1685 cum
516 1659 645 1687 uxore
676 1647 798 1702 ipsius
830 1654 873 1688 et
920 1646 1073 1688 liberis.
1133 1654 1175 1688 ct
1206 1647 1316 1687 misit
1346 1646 1582 1702 imperator
1613 1647 1721 1686 Nar.-

247 1715 333 1741 sem
362 1701 664 1743 cubicularium
694 1705 870 1744 Romam
902 1719 999 1744 cum
1033 1704 1158 1745 classe
1198 1703 1369 1744 tenendi
1407 1718 1456 1745 ea
1501 1717 1609 1759 quae
1639 1703 1725 1743 illic

73 1758 187 1805 12:322
212 1758 529 1799 sshabebantur.
587 1760 786 1801 Salomon
819 1767 959 1801 autem
1004 1761 1135 1801 muris
1177 1761 1334 1817 Libyae
1366 1760 1553 1802 civitates
1585 1761 1728 1800 muni-

250 1814 323 1857 vit.
382 1820 424 1855 et
453 1817 650 1870 quoniam
680 1818 881 1858 Maurusii
911 1817 1185 1858 discesserunt
1215 1833 1235 1857 a
1268 1816 1462 1858 Numidia
1489 1817 1614 1864 victi,
1645 1818 1729 1857 Za-

249 1870 330 1911 ben
376 1872 588 1925 regionem
632 1879 758 1928 atque
799 1874 1095 1914 Mauritaniam
1141 1880 1184 1915 et
1222 1873 1407 1930 Sitiphin
1449 1875 1728 1928 metropolim

250 1927 328 1968 sub
357 1928 518 1969 tributo
547 1930 742 1971 Romanis
774 1931 932 1971 effecit:
966 1931 1136 1971 alterius
1165 1932 1275 1972 enim
1306 1931 1589 1973 Mauritaniae
1621 1932 1729 1971 Cae·

71 1994 103 2029 p.
119 1983 190 2018 336
215 1984 368 2024 6sarea
399 1984 535 2039 prima
570 1987 813 2041 metropolis
844 1994 920 2029 est.
980 1988 1139 2030 interea
1172 1990 1342 2029 iberum
1371 2003 1461 2040 rex,
1493 1989 1728 2028 Zamassar-

251 2041 326 2080 dus
354 2041 535 2091 nomine,
568 2042 973 2098 Constantinopolim
1009 2044 1196 2086 ascendit
1233 2044 1285 2085 ad
1316 2045 1623 2101 imperatorem
1654 2046 1728 2085 Iu—

246 2097 471 2137 stinianum
501 2113 595 2137 cum
626 2099 797 2140 muliere
814 2104 866 2152 **)
896 2116 944 2142 ac
965 2103 1227 2143 senatoribus
1256 2103 1352 2154 suis,
1383 2116 1535 2157 rogans
1554 2116 1651 2143 eum
1679 2107 1728 2142 ut

248 2159 352 2194 esset
384 2154 672 2194 Romanorum
699 2165 971 2199 concertator
997 2166 1041 2199 et
1068 2174 1289 2214 germanus
1320 2160 1490 2200 amicus.
1551 2163 1613 2199 ast
1643 2159 1725 2199 im-

249 2215 427 2265 perator
455 2210 691 2252 huiusmodi
717 2215 938 2268 proposito
967 2215 1052 2255 eius
1093 2223 1267 2272 accepto
1294 2216 1433 2258 multis
1462 2230 1558 2256 eum
1589 2221 1631 2255 et
1658 2229 1726 2256 se-

250 2272 419 2307 natores
463 2267 549 2307 eius
589 2268 880 2312 munificentiis
918 2270 1160 2313 honoravit.
1231 2273 1426 2314 similiter
1464 2280 1508 2315 et
1539 2274 1724 2326 Augusta

250 2337 360 2364 uxor
390 2323 476 2364 eius
507 2323 666 2364 variata
708 2328 875 2379 gemmis
918 2335 1167 2370 ornamenta
1215 2330 1414 2382 donavit,
1454 2337 1498 2371 et
1528 2329 1725 2372 dimisere

249 2393 319 2420 eos
350 2380 526 2434 pacifice
557 2380 608 2421 ad
639 2383 864 2436 proprium
893 2398 1080 2439 regnum.

294 2505 328 2553 ⁴¹)
354 2504 513 2551 divinae]
542 2505 714 2540 Glossae:
739 2506 901 2542 divinum
927 2509 1078 2557 μάντιν.
1095 2511 1303 2547 Petronius:
1329 2511 1487 2547 divinam
1517 2522 1584 2557 ego
1612 2516 1723 2558 puta-

345 2552 439 2586 bam.
491 2555 623 2587 Auctor
651 2553 803 2599 Qucroli
841 2556 878 2590 in
903 2559 1037 2602 praefi:
1073 2570 1214 2604 magum
1251 2560 1619 2611 mathematicumque
1644 2571 1725 2594 sese

343 2601 491 2682 {ingen}
517 2607 554 2636 et
578 2613 677 2636 mox:
705 2602 856 2649 Quen-oli
883 2611 1017 2638 secreta
1038 2612 1075 2640 et
1097 2607 1291 2643 familiaria
1315 2609 1419 2655 quasi
1436 2607 1581 2643 divinus
1595 2608 1724 2654 loqui—

362 2660 412 2681 ur.
491 2660 567 2684 Anu.

273 2711 324 2759 ⁴¹⁴⁵)
353 2712 519 2761 muliere]
546 2714 677 2747 mulier
703 2726 768 2760 pro
796 2726 920 2758 uxore,
946 2721 986 2751 ut
1008 2717 1043 2751 in
1059 2718 1238 2766 Capitulis
1265 2720 1384 2754 Caroli
1400 2720 1514 2759 Calvi,
1542 2718 1641 2766 quod
1671 2718 1721 2752 ibi

347 2759 513 2794 observat
540 2761 762 2795 Sinnondus.
812 2764 883 2797 imo
922 2771 958 2798 ct
983 2766 1156 2800 Scaevola
1182 2770 1244 2803 let.
1277 2770 1326 2803 ita
1369 2769 1537 2814 loquitur
1563 2769 1598 2801 in
1628 2767 1649 2800 Ι.
1675 2766 1722 2800 93

344 2806 390 2840 ‹le
420 2807 523 2850 legat.
545 2808 582 2842 3.
614 2816 651 2843 et
678 2811 804 2851 vulgus
833 2812 1062 2857 Hispanicum
1089 2827 1217 2859 'trutger
1241 2816 1347 2858 dicit,
1381 2817 1547 2851 Italicum
1575 2816 1722 2861 ηιοεςῖίθ,

346 2856 566 2890 provinciale
591 2859 753 2900 mouille,
783 2870 846 2904 pro
884 2873 1003 2895 uxore.
1057 2854 1165 2896 Fanni¹
1635 2852 1647 2862 ι
