1768 3268
608 685 885 732 INCIPIT
934 679 1360 728 PRAEFATIO

337 818 1597 903 ANASTASII

267 986 706 1037 BlBLIOTHECARll
736 984 970 1029 SUMMAE
1001 984 1069 1025 AC
1096 982 1481 1027 APOSTOLICAE
1507 982 1678 1025 SEDlS.

455 1110 518 1149 AD
553 1109 766 1147 IOANNEM
800 1106 1043 1143 DlACONEM
1075 1106 1205 1142 URBIS
1239 1104 1477 1143 ROMANAE.

252 1330 610 1399 Ecclesiasticam,
639 1347 855 1390 Carissime
887 1347 1020 1388 frater
1051 1353 1092 1387 et
1121 1345 1243 1400 digne
1273 1344 1428 1386 Christi
1457 1345 1601 1385 Levita
1635 1345 1704 1385 lo-

237 1421 374 1456 annes,
406 1411 579 1446 auctore
619 1403 697 1446 deo
739 1404 972 1458 scripturus
1003 1403 1247 1452 historiam,
1283 1401 1406 1456 exigis
1436 1416 1458 1440 a
1487 1416 1554 1444 me
1577 1417 1706 1456 quae-

238 1463 332 1504 dam
360 1462 400 1501 in
430 1462 622 1502 Latinum
649 1460 799 1516 stylum
829 1475 874 1500 ex
897 1461 1067 1500 Graecis
1091 1458 1371 1499 voluminibus
1399 1458 1705 1508 transferenda,

238 1534 324 1574 quo
357 1525 398 1559 et
429 1521 514 1572 ipsa
546 1531 717 1572 quoque
746 1517 966 1572 proposito
998 1517 1151 1556 inseras
1183 1515 1303 1569 operi
1338 1521 1380 1555 et
1409 1514 1576 1555 intexas.
1645 1515 1706 1556 his

238 1575 345 1618 enim
377 1574 533 1616 duabus
567 1574 708 1628 linguis
750 1574 994 1627 praecipue,
1026 1587 1136 1628 quae
1164 1572 1203 1612 in
1246 1571 1417 1614 ecclesia
1455 1577 1567 1626 gesta
1598 1579 1707 1623 sunt,

239 1638 505 1671 enarrantur.
572 1630 661 1685 Ego
711 1645 809 1670 vero
840 1631 1059 1685 propriam
1089 1628 1292 1669 inscitiam
1321 1635 1362 1669 et
1397 1629 1599 1669 sermonis
1632 1643 1709 1668 an-

241 1687 416 1741 gustiam
446 1701 527 1726 non
561 1686 775 1742 ignorans,
808 1686 890 1727 hoc
918 1701 1041 1741 agere
1081 1691 1198 1727 tanto
1229 1692 1421 1740 tempore
1450 1686 1601 1726 merito
1639 1701 1708 1726 rc-

243 1744 405 1794 cnsavi,
435 1758 560 1798 supra
588 1758 653 1783 me
682 1744 873 1784 videlicet
894 1758 980 1790 esse
1006 1750 1090 1784 tam
1123 1742 1304 1783 arduum
1323 1756 1528 1782 conamen
1558 1742 1710 1796 procul

244 1799 373 1843 dubio
404 1806 527 1843 ratus.
583 1800 654 1840 sed
703 1801 901 1855 quoniam
943 1801 1031 1854 ipse
1060 1807 1103 1841 te
1130 1800 1399 1854 propositum
1429 1813 1534 1853 opus
1565 1799 1711 1839 melius

243 1861 530 1897 exsecuturum
562 1857 652 1896 fore
694 1871 924 1907 asseveras,
951 1857 985 1897 si
1017 1872 1064 1897 ea
1097 1870 1206 1912 quae
1240 1855 1464 1911 inffLatinis
1493 1855 1712 1896 codicibus

245 1911 419 1952 inveniri
450 1926 531 1951 non
562 1920 758 1966 possunt,
799 1914 915 1968 prius
954 1928 1000 1958 ex
1032 1915 1296 1966 Graecorum
1333 1914 1452 1962 fonte
1480 1912 1712 1953 haurienda

245 1967 461 2021 percipiam,
492 1969 635 2009 faciam
659 1969 735 2010 deo
765 1970 953 2024 propitio
974 1970 1089 2025 quod
1110 1970 1313 2020 hortaris,
1344 1970 1590 2024 praesertim
1616 1984 1712 2010 cum

247 2023 310 2063 dei
341 2024 393 2064 sit
421 2025 535 2079 quod
564 2026 763 2080 agendum
802 2027 1106 2081 proponimus,
1136 2033 1179 2067 et
1221 2026 1360 2067 multis
1401 2027 1550 2080 procul
1581 2026 1712 2068 dubio

245 2095 365 2119 causa
394 2082 605 2134 profectus
634 2088 759 2137 atque
786 2083 935 2123 salutis.
996 2099 1073 2124 nec
1102 2083 1215 2124 enim
1243 2083 1322 2124 tibi
1351 2089 1436 2124 tam
1474 2098 1574 2124 caro
1604 2089 1716 2123 tam..

246 2151 327 2190 que
355 2136 530 2190 sapienti
564 2138 785 2193 quicquam
816 2155 968 2192 negare
999 2148 1180 2195 potere,
1213 2141 1283 2195 qui
1306 2140 1499 2194 profecto
1531 2140 1712 2195 apostoli

246 2194 500 2233 documento
529 2195 705 2234 imbutus
731 2197 980 2250 sapientibus
1011 2206 1053 2239 et
1082 2197 1368 2250 insipientibus
1399 2196 1570 2237 debitor
1606 2212 1712 2239 sum.

246 2262 394 2288 verum
424 2249 520 2304 quia
551 2251 773 2305 praecipue
803 2254 1076 2294 necessarium
1106 2253 1299 2295 arbitror
1327 2268 1374 2293 ea
1402 2268 1508 2309 quae
1530 2254 1712 2295 a'I’heo-

247 2303 364 2344 (losio
400 2305 591 2360 principe
623 2308 785 2349 iuniore
826 2309 865 2348 in
911 2310 1081 2351 ecclesia
1111 2316 1224 2365 gesta
1264 2315 1359 2353 sunt
1388 2310 1630 2361 enarrandi,
1660 2310 1713 2350 ad

248 2361 364 2400 cuius
394 2361 587 2404 videlicet
617 2370 806 2418 tempora
837 2366 1121 2407 Theodoritus
1148 2368 1342 2407 Socrates
1371 2374 1412 2408 et
1441 2369 1712 2420 Sozomenus,

248 2416 472 2479 Eusebium
499 2418 703 2473 Pamphili
742 2421 1053 2476 subsequentes,
1096 2423 1227 2465 libros
1257 2424 1551 2465 ecclesiasticae
1582 2423 1712 2464 histo-

248 2486 335 2512 riae
366 2479 610 2523 texuerunt,
644 2490 796 2529 operae
827 2479 1008 2531 pretium
1047 2479 1143 2519 duxi
1191 2495 1237 2520 ex
1272 2481 1442 2536 Georgii
1474 2480 1712 2521 summatim

249 2529 451 2580 quaedam
484 2537 526 2571 et
550 2532 813 2586 Theophanis
859 2534 1197 2590 chronographia
1237 2537 1372 2590 plura,
1402 2537 1472 2578 sed
1503 2538 1712 2577 succincte

247 2585 454 2637 cupienda
474 2588 529 2637 *),
563 2602 743 2642 quorum
774 2590 892 2642 prior
922 2606 1050 2646 usque
1079 2592 1129 2632 ad
1143 2593 1469 2645 Diocletianum,
1499 2593 1714 2648 posterior

246 2652 350 2679 vero
388 2655 514 2705 usqne
547 2643 597 2683 ad
626 2645 807 2685 Leonem
847 2647 917 2701 qui
952 2654 1044 2701 post
1074 2649 1314 2690 Michaelein
1351 2650 1600 2704 imperavit,
1635 2665 1711 2703 pa-

247 2700 356 2735 trem
385 2697 539 2739 scilicet
571 2701 715 2755 Ignatii
758 2700 830 2756 qui
873 2703 1007 2744 adhuc
1045 2712 1230 2760 superest
1262 2706 1441 2749 habenas
1469 2707 1711 2748 Constanti-

345 2812 378 2857 Ἴ
404 2815 572 2859 carpendi
588 2816 602 2850 'z'
