1768 3268
549 202 618 244 Ex
655 201 999 244 THE'OPHANE.
1417 196 1514 243 213

52 313 141 353 litia
170 313 319 369 impius
344 315 429 357 Leo
458 321 501 358 et
528 316 793 358 consentanei
821 315 941 357 huius
973 322 1123 357 contra
1152 316 1350 371 pietatem
1373 322 1518 357 exten-

51 370 192 411 dendo
235 371 585 425 persecutionem.
649 387 728 427 per
768 373 970 412 aestivum
1005 387 1108 412 vero
1149 373 1368 413 solstitium
1395 371 1518 411 huius

51 425 234 467 decimae
263 427 513 478 indictionis,
542 435 642 484 post
672 443 851 483 nequam
879 429 930 468 de
960 428 1267 468 contribulibus
1300 434 1519 482 acceptam

54 482 288 534 victoriam,
319 490 468 525 contra
485 485 796 540 Bithynensium
811 485 1002 525 Nicaeam
1035 484 1239 538 praelium
1268 487 1522 524 construunt

53 538 360 579 Saracenorum
383 541 536 581 amerei
560 542 657 595 duo,
686 543 812 581 Amer
833 541 993 581 scilicet
1023 541 1063 580 in
1089 540 1253 580 milibus
1284 539 1521 595 quindecim

52 593 343 648 expeditorum
374 611 649 650 praecurrens
671 603 713 638 et
733 596 982 651 imparatam
1014 595 1272 636 circumdans
1295 596 1520 646 civitatem,

52 656 97 690 et
124 650 309 692 Mauhias
351 652 600 708 subsequens
642 653 683 693 in
711 654 796 693 aliis
836 654 1077 707 octuaginta
1117 653 1304 706 quinque
1335 651 1518 699 milibus;

53 709 161 760 quae
205 714 303 761 post
341 709 515 749 multam
558 708 818 749 obsidionem
861 715 905 749 et.
956 709 1257 762 particularem
1298 722 1520 747 murorum

53 763 311 804 eversionem
339 763 445 805 hanc
464 763 634 820 quidem
660 780 743 805 non
770 765 1059 815 obtinuerunt,
1089 764 1194 805 bene
1218 764 1397 818 acceptis
1425 778 1523 803 san-

54 824 226 859 ctorum
254 826 425 873 patrum
454 821 650 873 precibus
680 821 734 861 ad
763 820 885 862 deum
915 821 1099 872 directis,
1126 827 1167 861 et
1195 819 1524 860 sanctificatione

54 874 233 915 faciente
260 876 506 917 venerabilis
533 876 693 931 templi,
723 877 795 917 ubi
826 878 866 917 in
899 873 1082 917 colendis
1111 877 1192 917 suis
1213 875 1524 916 characteribus

53 930 296 984 eriguntur,
335 937 379 973 et
410 946 540 988 usque
573 947 684 973 nunc
714 933 765 973 ab
800 932 861 972 his
902 933 972 988 qui
1004 933 1060 974 eis
1089 933 1237 973 similes
1265 938 1361 973 sunt
1389 931 1526 972 hono-

54 993 218 1027 rantur.
291 994 512 1042 praeterea
558 989 850 1029 Constantinus
897 989 1066 1044 quidam
1109 995 1268 1029 strator
1306 987 1526 1028 Artabasdi

54 1042 196 1082 videns
213 1043 433 1098 imaginem
463 1045 527 1086 dei
545 1045 755 1099 genitricis
787 1051 977 1097 stantem,
1009 1045 1314 1100 apprehensum
1344 1043 1525 1098 lapidem

54 1098 272 1141 adversum
300 1115 390 1141 eam
432 1101 636 1154 proiecit,
667 1108 709 1142 et
736 1101 965 1153 contrivit,
1001 1109 1042 1142 et
1076 1117 1171 1141 cum
1202 1100 1413 1142 cecidisset
1441 1101 1526 1140 cal-

57 1155 199 1207 cavit3
226 1163 268 1196 et
296 1157 411 1197 videt
435 1157 477 1196 in
508 1157 661 1198 somnis
689 1157 918 1198 adstantem
946 1158 1024 1198 sibi
1055 1157 1281 1208 dominam,
1311 1164 1353 1198 et
1381 1156 1528 1197 dicen-

58 1216 143 1251 tem
173 1213 310 1252 “nosti
340 1228 464 1268 quam
493 1219 656 1254 sontem
677 1213 718 1253 in
746 1228 813 1252 me
831 1229 992 1254 causam
1024 1214 1148 1254 fueris
1175 1219 1393 1268 operatus:
1428 1226 1527 1252 vere

58 1273 210 1307 contra
239 1275 368 1323 caput
396 1276 517 1310 tuum
551 1269 633 1310 hoc
660 1269 833 1310 fecisti.”
890 1277 1059 1324 postera
1089 1285 1192 1310 vero
1227 1270 1293 1310 die
1320 1284 1417 1310 cum
1448 1269 1525 1308 Sa.-
1537 1288 1572 1324 p.
1586 1276 1657 1311 625

58 1323 202 1363 raceni
229 1324 423 1365 adversus
451 1341 619 1366 murum
642 1326 919 1366 incursionem
939 1327 1124 1366 facerent
1151 1333 1193 1366 et
1213 1332 1408 1379 ageretur
1436 1324 1526 1365 bel-

57 1380 156 1430 lum,
188 1394 362 1421 currens
392 1381 444 1421 ad
465 1397 633 1422 murum
663 1389 709 1422 ut
746 1382 866 1422 fortis
905 1383 1019 1423 miles
1048 1383 1187 1422 infelix
1215 1382 1282 1422 ille
1310 1381 1478 1422 eiicitur
1503 1396 1527 1420 a

55 1435 196 1489 lapide
223 1437 461 1478 transmisso
491 1453 537 1479 ex
561 1453 778 1492 mangano,
810 1445 851 1479 et
880 1438 1111 1478 contritum
1138 1445 1198 1479 est
1223 1443 1350 1492 caput
1376 1437 1461 1478 eius
1482 1442 1526 1477 et

55 1492 199 1545 facies,
218 1491 382 1547 dignam
403 1494 623 1548 impietatis
649 1509 746 1535 suae
765 1495 1087 1535 retributionem
1102 1494 1366 1549 percipiens3
1399 1508 1528 1547 prae-

56 1547 194 1603 daque
224 1549 352 1589 multa
385 1555 428 1590 et
451 1551 604 1590 exuviis
625 1551 819 1590 Saraceni
849 1551 1030 1591 collectis
1058 1551 1216 1591 reversi
1244 1556 1353 1600 sunt,
1384 1556 1530 1590 osten-

55 1603 180 1645 dente
202 1604 280 1646 deo
301 1605 342 1646 in
365 1605 448 1646 hoc
477 1607 601 1647 etiam
622 1607 752 1661 impio
784 1607 855 1655 illi,
877 1607 992 1662 qnod
1013 1621 1096 1647 non
1116 1613 1298 1661 propter
1318 1606 1530 1661 pietatem,

56 1668 104 1701 ut
139 1660 207 1702 ille
238 1661 492 1712 diffamabat,
522 1662 574 1703 de
603 1663 910 1703 contribulibus
942 1663 1289 1717 triumphaverit,
1321 1661 1391 1702 sed
1420 1675 1529 1716 pro-

54 1723 153 1772 pter
192 1716 379 1758 divinum
419 1724 462 1759 et
492 1719 697 1760 ineffabile
741 1718 951 1775 quoddam
981 1718 1194 1769 iudicium,
1224 1718 1449 1760 retundens
1479 1733 1528 1757 ac

56 1787 274 1814 removens
302 1774 539 1816 huiusmodi
564 1776 780 1816 Arabicam
810 1775 1105 1815 fortitudinem
1134 1791 1156 1815 a
1184 1782 1427 1815 sanctorum
1454 1788 1530 1827 pa-

58 1836 174 1869 trum
201 1830 370 1871 civitate
414 1831 776 1872 intercessionibus
809 1832 1008 1882 illorum,
1052 1838 1235 1886 propter
1265 1830 1528 1886 diligentissi-

55 1900 146 1925 mos
175 1885 438 1928 characteres
468 1889 656 1942 ipsorum
676 1919 689 1940 ‚
733 1888 805 1944 qui
836 1888 1107 1928 honorantur
1138 1890 1178 1928 in
1210 1903 1274 1936 ea,
1307 1888 1347 1927 in
1379 1887 1527 1927 redar-

55 1942 271 1996 gutionem
308 1957 480 1999 quoque
523 1959 572 1984 ac
600 1944 918 2000 inexpugnabile
959 1944 1129 1999 tyranni
1159 1944 1359 1983 iudicium
1389 1950 1431 1983 et
1460 1943 1529 1996 pie

54 1999 268 2051 agentium
294 1999 599 2041 certitudinem.
659 2015 743 2041 non
774 2001 884 2041 enim
923 2000 1057 2040 solum
1087 2001 1199 2040 circa
1226 1998 1528 2040 venerabilium

54 2054 288 2094 affectivam
314 2054 538 2110 imaginum
559 2057 853 2097 adorationem
880 2056 1053 2096 errabat
1072 2056 1235 2110 impius,
1254 2055 1323 2096 sed
1342 2062 1384 2096 et
1412 2055 1526 2094 circa

55 2110 367 2151 intercessiones
409 2112 655 2154 castissimae
698 2112 765 2153 dei
803 2112 1013 2167 genitricis
1054 2112 1326 2167 omniumque
1354 2117 1524 2151 sancto-

55 2181 176 2215 rum,
222 2181 407 2222 quorum
444 2175 486 2209 et
523 2169 720 2225 reliquias
762 2168 1088 2218 scelestissimus,
1135 2174 1183 2208 nt
1225 2167 1411 2222 magistri
1440 2168 1525 2207 eius

55 2223 235 2273 Arabes,
267 2223 604 2265 abominabatur.
667 2241 715 2266 ex
757 2225 840 2265 hoc
871 2225 999 2279 igitur
1035 2229 1229 2279 tempore
1260 2224 1525 2278 impudenter

54 2279 178 2318 beato
211 2280 423 2320 Germano
466 2281 733 2336 patriarchae
770 2280 1239 2334 Constantinopolitano
1280 2279 1523 2333 derogabat,

55 2349 250 2375 accusans
279 2350 422 2376 omnes
465 2342 742 2378 antecessores
783 2351 877 2377 suos
905 2337 1114 2391 principes
1136 2344 1185 2377 ‘et
1216 2337 1433 2390 pontifices
1463 2341 1526 2374 at-

63 2405 144 2445 que
175 2393 353 2446 populos
375 2391 642 2444 Christianos,
675 2394 789 2449 quasi
810 2393 1011 2433 idolatrae
1033 2393 1190 2433 fuerint
1215 2406 1341 2445 super
1372 2390 1528 2430 adora-
1539 2410 1574 2446 p.
1588 2396 1661 2434 626

56 2447 172 2488 tione
216 2454 454 2488 sanctarum
508 2464 556 2489 ac
602 2450 905 2491 venerabilium
950 2449 1197 2499 iconarum,
1236 2462 1320 2487 non
1362 2447 1527 2501 capiens

56 2502 186 2543 idiota
244 2503 489 2546 infidelitate
548 2513 693 2561 captus
757 2506 809 2547 de
868 2505 1074 2546 affectuali
1131 2502 1382 2544 adoratione
1437 2516 1528 2544 ser..

58 2573 242 2600 monem.

166 2626 311 2667 Mundi
341 2643 450 2668 anno
480 2627 605 2679 6219,
634 2628 798 2670 divinae
827 2627 1126 2668 incarnationis
1155 2640 1264 2665 anno
1286 2625 1385 2677 719,
1416 2641 1527 2666 anno

59 2696 162 2722 vero
194 2683 358 2737 imperii
384 2685 531 2725 Leonis
560 2684 780 2735 undecimo
818 2684 1047 2739 Gregorius
1075 2697 1181 2736 papa
1211 2683 1421 2722 Romanus
1449 2682 1527 2722 ha..

57 2737 196 2778 betur.
252 2740 401 2782 eodem
431 2756 601 2798 quoque
630 2756 740 2784 anno
763 2741 949 2783 Mauhias
981 2744 1104 2794 capto
1137 2739 1263 2780 Ateus
1290 2744 1428 2780 castro
1457 2754 1528 2780 re-

59 2808 198 2837 versus
226 2802 298 2838 est.
