1728 3184
214 168 314 220 440
715 178 772 219 IN
811 175 1185 219 THEOI‘HANEM

329 295 426 349 308
450 297 490 338 8.
550 291 572 336 ὁ
607 296 654 337 δὲ
684 293 846 350 φθόνος
875 292 943 341 οἷα
971 297 1017 338 ἐν
1042 295 1225 353 μεγάλῃ]
1263 302 1561 353 excerptorum
1586 299 1699 339 Pro-

216 355 327 412 copii
358 354 546 394 debello
580 353 714 395 Vand
742 356 814 395 lib.
849 355 873 397 2
907 355 1183 394 continuatio.

325 426 421 482 312,
456 426 494 468 9.
554 426 848 482 Bov77a91'oav]
878 428 1114 482 Procopius
1145 428 1357 482 Buigaon.

326 500 421 552 313,
439 500 477 542 9.
535 500 661 552 τέρας
690 500 734 541 ἐν
764 502 823 541 τῶ
853 500 1037 557 ου’ρανῴ]
1071 515 1117 540 ex
1133 499 1343 554 Procopii
1373 500 1444 540 lib.
1462 501 1486 541 2
1506 500 1557 541 de
1588 501 1700 541 bello

214 558 350 599 Vnnd
382 557 433 599 ad
462 558 661 622 medium.
719 573 875 600 annum
904 572 1038 612 porro
1074 557 1124 601 12
1157 562 1350 597 numerat
1377 557 1585 613 Procopii
1628 558 1695 598 in..

213 616 450 670 texpres.in
482 615 681 669 margine.

325 686 421 740 313,
459 688 521 729 15.
581 684 863 739 Βελλισὰριος
894 684 1066 740 ἐστάλη]
1097 685 1336 742 Procopius
1368 685 1420 727 de
1446 685 1560 727 bello
1590 687 1698 727 Got-

212 745 387 786 tborum
417 746 541 799 longe
573 750 666 797 post
699 744 881 787 initium,
940 744 1218 784 Marcellinus.

323 811 420 864 315,
450 811 489 857 8,
555 807 762 866 Τζότζας]
795 811 907 854 idem
937 811 988 852 de
1026 811 1135 854 bello
1169 810 1402 853 Vandalico
1434 808 1612 860 Στόζας.
1643 810 1700 850 ita

211 869 338 911 lectio
370 869 463 914 cod.
497 869 622 913 Barb.

324 941 421 994 316,
447 943 482 986 1.,
542 939 836 996 Μανβρασάν]
861 939 971 981 idem
988 940 1280 983 Membresam,
1340 939 1516 982 eandem
1545 939 1696 981 lectio-

212 1014 307 1041 nem
335 1000 501 1041 exhibet
530 1000 623 1040 cod.
657 999 746 1041 Pal.

322 1071 418 1124 317,
452 1071 515 1113 17.
568 1069 742 1118 Ἰαύδας
764 1084 822 1125 τε,
851 1066 926 1110 καί
954 1067 1171 1122 Ἀρταΐας]
1208 1067 1365 1120 laudas,
1394 1075 1437 1110 et
1468 1069 1639 1111 Althias.

322 1138 417 1193 319,
451 1140 491 1181 5.
549 1136 633 1180 ὑπὸ
663 1137 880 1192 Ἰουτγιόυ]
926 1138 1126 1178 Butinum
1168 1139 1297 1180 vertit
1328 1136 1576 1181 Anastasius.
1644 1137 1697 1179 de

208 1197 380 1242 Bultino
410 1198 587 1244 Romam
618 1200 855 1250 occupante
886 1194 1035 1235 scribit
1063 1194 1257 1250 Agathias
1285 1194 1356 1235 lib.
1380 1194 1419 1246 Ω,
1456 1194 1592 1250 deque
1624 1195 1697 1235 illo

209 1271 232 1298 a
251 1253 509 1308 Theophane
539 1253 702 1294 diversa
733 1252 878 1293 tradit.

323 1321 430 1362 Ibid.
466 1321 533 1362 11.
591 1321 633 1363 Γ
633 1318 826 1376 ογδαριν]
863 1319 1101 1374 Procopius
1131 1319 1203 1362 lib.
1235 1318 1260 1362 2
1299 1318 1351 1361 de
1376 1319 1492 1362 bello
1525 1318 1696 1361 Vanda-

209 1378 290 1420 lico
322 1378 589 1420 Gontharim.

321 1450 740 1506 Ibzd.12.Ba'yav]
773 1450 896 1504 idem,
926 1450 1113 1505 Abigam.

323 1520 433 1560 Ibid.
462 1519 526 1560 13.
585 1518 797 1572 Βαυγαῆ]
832 1519 943 1564 idem
976 1519 1190 1562 Fabosim.

322 1591 416 1646 320,
452 1592 519 1632 13.
577 1590 753 1634 Ὀπτίων
785 1584 861 1643 ὧν]
896 1606 981 1633 uno
1022 1592 1156 1633 verbo
1190 1594 1282 1647 lego
1318 1588 1554 1632 Οττιώνων.
1581 1592 1693 1632 Pro-

210 1649 357 1703 copius
388 1664 435 1688 ex
467 1665 551 1715 quo
584 1649 876 1702 Theophanes·
956 1649 1090 1691 Geson
1119 1660 1208 1690 erat
1234 1650 1396 1690 nomine
1423 1648 1593 1703 quidam
1624 1662 1692 1688 ιη-

208 1714 272 1746 ter·
294 1705 461 1759 pedttes,
492 1707 574 1749 eius
601 1705 762 1746 ordinis
791 1719 893 1761 quos
927 1705 1069 1761 Optios
1112 1707 1293 1746 Romani
1311 1705 1549 1759 appellant.
1577 1705 1694 1745 Pan-

208 1762 380 1802 cirollus
409 1763 449 1800 in
482 1769 569 1803 not.
604 1763 701 1816 imp.
741 1776 831 1816 cap.
865 1761 928 1805 12,
999 1762 1170 1802 adiutor
1196 1763 1294 1802 olim
1327 1761 1450 1817 Optio
1480 1770 1537 1800 est
1564 1761 1692 1801 dictus

207 1819 261 1859 ab
295 1818 555 1873 Opti'ontbus,
587 1821 656 1875 qui
684 1829 805 1859 erant
834 1820 880 1858 in
910 1819 1085 1870 legione
1146 1817 1344 1872 Vegetius
1374 1817 1446 1860 lib.
1472 1817 1497 1857 2
1527 1832 1605 1871 cap
1610 1816 1692 1857 .7.

212 1874 430 1928 Οριιοηεε,
461 1875 627 1930 inquit,
656 1876 707 1914 ab
753 1875 936 1931 optando
977 1875 1175 1930 appellati
1193 1905 1204 1926 ‚
1214 1850 1344 1930 ”quod
1371 1874 1694 1915 antecedenczbus

206 1931 462 1984 aegri'tudme
473 1931 745 1996 praepeditis,
775 1933 820 1971 Ιιί
836 1941 1026 1987 tanquam
1042 1931 1239 1987 adoptati
1266 1945 1405 1971 eorum
1428 1940 1553 1984 atque
1577 1932 1696 1970 vica-

206 1989 265 2035 ric
290 1988 417 2027 solent
457 1989 642 2032 universa
682 2003 836 2030 curare.
902 1987 1008 2033 haec
1048 1987 1127 2027 ille.
1169 1986 1509 2042 adiungebantur
1552 1994 1694 2027 autem

207 2044 528 2108 centurionibus
574 2051 615 2085 et
655 2044 880 2091 ordinariis
921 2044 1156 2110 quibusque
1185 2044 1392 2109 Optiones
1438 2043 1480 2086 in
1513 2044 1694 2098 legione,

205 2107 254 2142 ut
285 2115 433 2143 eorum
465 2101 570 2141 vices
602 2101 805 2143 subirent.
835 2102 993 2143 Festus.
1042 2100 1186 2156 Optio,
1218 2101 1369 2155 inquit,
1397 2102 1468 2156 qui
1495 2114 1601 2143 nunc
1629 2101 1695 2143 εἰε-

203 2159 320 2208 cetur,
350 2166 472 2204 antea
502 2159 790 2213 appellabatur
816 2159 1030 2205 Acce-mus.
1090 2156 1160 2197 hic
1188 2157 1357 2201 adiutor
1386 2157 1568 2198 dabatur
1591 2171 1694 2198 cen..

204 2213 368 2254 turiani
398 2228 420 2253 a
453 2214 626 2254 tribuno
660 2215 872 2255 militum·
862 2244 874 2265 ,
916 2215 988 2268 qui
1019 2228 1066 2254 ex
1106 2229 1192 2269 quo
1225 2221 1433 2268 tempore,
1465 2228 1589 2269 quem
1617 2228 1692 2253 ve-

206 2271 296 2320 lint,
328 2270 576 2330 permissum
605 2278 664 2315 est
697 2271 1014 2314 centurionibus
1054 2278 1219 2327 optare,
1252 2276 1294 2311 et
1315 2284 1469 2312 nomen
1500 2285 1549 2314 ex
1578 2271 1694 2311 facto

204 2327 379 2368 sortitus
409 2332 482 2370 est

314 2388 734 2453 322‚1O.Zo{,8›7v]
765 2393 1000 2449 Procopius
1032 2393 1184 2437 Zeben.

315 2462 422 2503 Ibid.
455 2462 520 2502 11.
574 2459 834 2519 Ἠτηφήτην]
881 2462 992 2505 idem
1033 2461 1289 2516 sitiphitem
1363 2461 1506 2503 variae
1537 2461 1688 2502 lectio-

202 2534 271 2565 ¹³²⁵
301 2520 418 2630 ἁΙΙῖιῖιςί..
456 2585 521 2626 16.
580 2584 625 2626 ἐν
653 2585 712 2642 nii
743 2581 1106 2641 ἑπτακαιδεκάτῳ]
1150 2591 1358 2641 quartum
1393 2592 1437 2626 et
1478 2583 1688 2625 decimum

200 2649 394 2687 numerat
425 2642 675 2705 P1ocopius.

312 2717 423 2757 [bid.
455 2716 525 2764 ΩΟ
585 2712 923 2774 Λεητήμαγιαν]
969 2714 1037 2760 ille
1066 2714 1403 2772 Λεπτίμαγναν,
1428 2729 1563 2773 marg
1597 2715 1687 2758 Asu

198 2766 410 2825 πτᾲιαγαι-
414 2800 426 2821 ,
