1728 3242
567 189 639 230 Ex
676 187 1023 231 THEOPHANE.
1420 187 1450 231 2
1459 187 1480 230 1
1489 186 1518 230 7

57 299 174 341 duxit
202 301 435 356 captivum,
476 303 548 358 qui
593 302 758 343 dicebat
802 317 845 344 se
870 299 1087 343 Tiberium
1119 302 1248 344 filium
1281 317 1366 345 esse
1394 302 1520 344 lusti-

57 358 180 396 niani.
238 358 350 398 hunc
377 359 504 399 Hison
547 359 588 400 in
620 359 824 400 honorem
869 359 942 399 filii
967 361 1028 399 sui
1057 365 1183 414 atque
1214 361 1253 400 in
1287 362 1518 415 imperato..

56 428 151 453 rum
172 420 388 454 terrorem
421 431 515 456 cum
554 416 827 470 imperatorio
869 430 917 454 ac
946 416 1108 456 decenti
1147 415 1309 456 honore
1340 417 1518 456 militiis..

56 471 140 524 que
170 483 219 509 ac
242 470 388 511 bandis
421 478 463 512 et
490 471 664 527 sceptris
698 472 739 511 in
769 471 1022 513 Hierusalem
1052 472 1191 521 mittit,
1222 480 1261 512 ct
1286 480 1414 513 totam
1438 475 1518 528 Sy-

60 526 164 566 riam
195 525 452 569 circumduci
482 543 576 569 cum
603 528 734 569 multo
767 527 884 568 iubet
912 526 1079 570 honore
1110 527 1162 568 ad
1189 529 1385 569 visionem
1412 544 1518 570 cun-

56 589 238 622 ntorum.

170 639 289 678 Anno
327 639 493 694 imperii
533 638 682 681 Leonis
736 640 790 680 22
831 647 974 682 movet
1012 640 1240 682 exercitum
1279 641 1648 694 Suleliimanp.633

60 698 209 733 contra
236 696 495 747 Romaniam,
525 702 567 736 et
596 695 870 750 depopulatus
911 704 971 738 est
1008 705 1190 738 castrum
1222 698 1335 752 quod
1363 697 1520 737 dicitur

54 749 276 803 Siderum,
319 759 362 792 et
403 752 675 794 Eustachium
708 753 839 794 filium
879 754 1056 795 Mariani
1099 754 1266 810 patricii
1305 754 1520 809 captivum

56 804 187 845 duxit.

167 862 288 901 Anno
314 861 479 916 imperii
491 865 640 908 Leonis
670 866 736 918 23,
764 882 901 908 mense
922 867 1050 917 Maio,
1080 866 1316 908 indictionis
1331 867 1371 918 8,
1390 865 1523 907 movit

53 916 279 958 exercitum
295 918 532 961 Sulehiman
552 929 702 964 contra
713 925 958 965 Romaniam
986 925 1080 963 c'um
1102 923 1326 979 nonaginta
1356 923 1522 963 milibus

53 979 96 1014 et
112 973 422 1027 magistratibus
441 982 656 1033 quattuor,
678 994 861 1036 quorum
877 982 1030 1021 Gamer
1052 981 1132 1021 dux
1152 986 1242 1021 erat
1265 980 1457 1021 insidians
1479 979 1519 1018 in

49 1028 164 1069 denis
197 1029 360 1072 milibus
408 1031 650 1076 latrunculis
680 1037 852 1078 Asianae
883 1044 1022 1077 terrae
1051 1037 1252 1090 partibus,
1281 1036 1396 1076 cuius
1418 1035 1520 1075 socii

47 1090 170 1125 crant
199 1086 351 1127 Melich
369 1093 411 1127 et
429 1089 544 1130 Batai
562 1106 657 1132 cum
675 1092 818 1147 viginti
841 1093 1005 1133 milibus
1025 1093 1212 1149 equitum
1229 1094 1338 1134 circa
1355 1093 1520 1133 Achro-

51 1141 196 1181 hinum
218 1141 529 1197 debacchantes,
562 1154 603 1188 et
635 1155 730 1202 post
747 1149 819 1188 hos
837 1149 1074 1190 Sulebiman
1107 1149 1148 1189 in
1178 1151 1383 1205 sexaginta
1411 1149 1519 1189 mili-

47 1198 123 1237 bus
157 1199 269 1238 circa
299 1201 597 1254 Cappadocum
626 1205 804 1260 Tyanim
833 1220 1100 1259 progressus,
1133 1220 1315 1261 quorum
1344 1207 1411 1246 alii
1440 1220 1518 1260 per

47 1253 182 1294 Asiam
225 1260 267 1294 et
297 1256 602 1310 Cappadociam
634 1261 767 1301 multo
810 1261 969 1303 excidio
1000 1263 1190 1302 virorum
1221 1277 1269 1302 ac
1296 1262 1520 1302 mulierum

50 1317 180 1364 atque
208 1310 490 1353 iumentorum
520 1324 768 1370 perpetrato
811 1317 935 1358 illaesi
982 1318 1136 1358 reversi
1173 1324 1285 1359 sunt.
1344 1318 1387 1358 hi
1417 1332 1519 1359 vcro

48 1366 122 1420 qui
153 1380 248 1406 cum
276 1369 429 1409 Melich
460 1377 502 1411 et
530 1373 647 1412 Batal
687 1373 799 1428 apud
840 1374 1097 1415 Chrahimon
1129 1381 1261 1425 erant,
1295 1375 1519 1429 expugnati

47 1423 228 1463 aLeone
253 1437 326 1465 seu
347 1425 620 1469 Constantino
651 1430 836 1484 superati
863 1438 981 1479 sunt;
1005 1437 1047 1472 et
1075 1431 1214 1486 plures
1234 1446 1280 1472 ex
1304 1431 1366 1471 his
1396 1431 1519 1471 armis

45 1478 141 1532 ipsis
172 1493 269 1519 cum
296 1481 460 1523 duobus
487 1484 748 1539 principibus
778 1487 1011 1541 perierunt,
1043 1488 1272 1542 octingenti
1301 1503 1403 1528 vero
1435 1503 1519 1542 pu-

49 1540 259 1588 gnatores,
290 1537 360 1592 qui
393 1552 439 1579 ex
472 1539 547 1580 illis
576 1541 629 1581 ad
658 1557 724 1583 sex
755 1543 866 1583 milia
897 1543 1146 1593 institerant,
1176 1543 1382 1599 Synadem
1411 1559 1519 1584 con—

45 1591 233 1646 fugiunt,
275 1599 318 1634 et
357 1594 459 1635 salvi
503 1605 764 1639 remanentes
795 1599 1033 1640 Sulebiman
1079 1599 1227 1640 sociati
1257 1608 1371 1653 sunt,
1400 1606 1442 1640 et
1474 1601 1515 1640 in

45 1647 212 1702 Syriam
243 1651 499 1704 repedarunt
533 1653 718 1708 inglorii.
750 1655 897 1696 eodem
928 1657 1051 1696 etiam
1088 1670 1199 1696 anno
1231 1662 1272 1696 ct
1303 1656 1344 1696 in
1376 1658 1515 1697 Africa

44 1703 161 1743 multi
205 1705 256 1745 ab
303 1706 360 1747 eis
398 1709 629 1763 perditioni
671 1725 767 1752 cum
806 1719 1006 1766 praetore
1045 1715 1300 1754 Damasceno
1346 1714 1514 1754 nomine
1528 1719 1650 1768 p.634

46 1765 288 1813 patuerunt.
706 1808 715 1816 ,

116 1882 125 1891 .
158 1832 278 1870 Anno
317 1830 483 1886 imperii
523 1833 686 1886 Leonis,
722 1836 957 1891 nequissimi
990 1837 1115 1892 Syri,
1148 1833 1203 1877 24
1234 1836 1387 1877 incensi
1419 1843 1514 1877 sunt

44 1884 151 1947 sori-
173 1884 285 1939 apud
323 1889 572 1930 Damascum
620 1892 671 1932 ab
703 1893 1047 1943 Hieracensibus,
1095 1894 1168 1949 qui
1196 1893 1386 1948 patibulo
1420 1899 1518 1933 sunt

45 1939 166 2003 affixi.
196 1943 425 1999 eodemque
455 1960 565 1985 anno
596 1953 736 1989 terrae
768 1957 904 1989 motus
938 1950 1066 1989 factus
1097 1956 1156 1990 est
1188 1965 1357 2005 magnus
1389 1955 1516 2004 atque

44 1996 241 2036 terribilis
272 1999 647 2057 Constantinopoli,
669 2005 845 2058 septimo
878 2005 954 2046 kal.
981 2006 1248 2046 Novembrias
1279 2006 1516 2047 indictionis

45 2066 194 2101 nonae,
209 2054 313 2094 feria
332 2065 495 2111 quarta,
515 2058 619 2099 hora
651 2069 815 2112 octava,
838 2067 878 2102 et
896 2069 1152 2102 corruerunt
1172 2062 1365 2103 ecclesiae
1390 2068 1516 2118 atque

41 2110 304 2162 monasteria,
330 2114 594 2169 populusque
616 2117 768 2157 multus
790 2118 992 2159 extinctus
1019 2125 1090 2159 est.
1120 2119 1272 2160 cecidit
1303 2125 1440 2159 autem
1473 2123 1515 2158 et

41 2164 323 2228 simulacrum,
351 2169 465 2223 quod
490 2172 623 2213 stabat
645 2188 772 2228 super
790 2174 895 2214 Atali
923 2181 1107 2228 portam,
1136 2175 1274 2229 magni
1305 2176 1512 2215 Constan-

43 2226 137 2271 um,
166 2236 247 2262 una
289 2239 383 2264 cum
417 2225 503 2280 ipso
534 2230 678 2280 Atalo,
708 2237 749 2270 et
779 2231 922 2271 titulus
954 2231 1133 2282 Arcadii,
1163 2233 1235 2287 qui
1263 2246 1388 2285 supra
1421 2232 1510 2271 Xe-

41 2276 213 2330 rolophi
243 2279 479 2323 columnam
517 2285 676 2336 stabat,
707 2292 747 2326 et
773 2287 1038 2328 simulacrum
1068 2289 1238 2328 maioris
1267 2286 1508 2338 Theodosii,

41 2334 157 2397 quod
186 2350 311 2389 supra
342 2345 511 2392 portam
531 2355 703 2381 auream
732 2343 967 2393 videbatur,
997 2359 1158 2384 necnon
1187 2350 1229 2384 et
1249 2344 1403 2383 terreni
1437 2358 1510 2382 ur..

39 2388 101 2453 bis
131 2392 257 2441 muri,
288 2399 328 2433 et
376 2395 559 2436 civitates
602 2412 652 2437 ac
682 2398 802 2439 villae
843 2400 882 2439 in
912 2401 1090 2451 Thrace,
1125 2406 1166 2440 et
1194 2399 1434 2440 Nicomedia
1466 2399 1507 2438 in

37 2445 235 2500 Bithynia
264 2454 307 2489 et
335 2450 562 2493 Praenetus
605 2459 647 2493 et
672 2455 844 2507 Nicaea,
878 2457 917 2496 in
950 2472 1032 2511 qua
1062 2473 1145 2497 una
1173 2456 1281 2496 salva
1310 2455 1509 2496 remansit

37 2503 225 2565 ecclesia.
299 2506 407 2561 fugit
442 2514 580 2549 autem
620 2516 661 2550 et
687 2526 802 2552 mare
831 2513 1032 2553 terminos
1062 2528 1155 2553 suos
1189 2513 1228 2552 in
1261 2511 1508 2566 quibusdam

38 2555 152 2620 locis,
184 2565 226 2600 et
265 2563 515 2615 perduravit
557 2571 698 2607 terrae
737 2575 874 2609 motus
914 2570 1120 2610 mensibus
1153 2568 1388 2608 duodecim.
1446 2574 1507 2608 ast

35 2622 271 2676 imperator
301 2618 503 2660 allocutus
533 2628 594 2662 est
622 2625 824 2677 populum
848 2624 987 2665 dicens
1013 2627 1114 2665 “vos
1144 2639 1227 2664 non
1259 2624 1402 2664 valetis
1432 2639 1505 2664 ae-

37 2667 206 2733 fhficare
234 2688 401 2727 muros,
431 2675 501 2716 sed
546 2692 619 2717 nos
661 2681 940 2735 praecipimus
990 2680 1417 2731 administratoribus,
1461 2686 1503 2721 et
1520 2695 1554 2731 p-
1574 2683 1644 2719 635

35 2738 114 2778 ipsi
145 2728 305 2782 exigent
336 2732 376 2771 in
410 2733 594 2787 regulam
624 2750 704 2789 per
721 2738 902 2792 singulos
925 2753 1073 2778 aureos
1104 2752 1318 2777 nummum
1349 2751 1501 2791 argen-

39 2785 151 2823 teum
196 2790 363 2828 uuum.”
436 2803 520 2846 quo
554 2790 777 2846 imperium
809 2800 982 2850 accepto
1015 2792 1244 2836 aedificavit
1275 2808 1429 2844 murm,
1459 2801 1500 2836 et
