1728 3184
185 139 281 194 640
655 153 732 194 An
771 153 1148 195 THEOPHANEM

297 265 393 318 636,
429 266 494 308 13.
552 264 811 322 ἀγριώτατος
836 264 940 323 θήρ]
969 270 1069 323 Reg.
1099 272 1178 307 etc.
1210 266 1452 306 samsissima
1468 266 1584 320 jera.

304 338 401 392 637,
427 339 468 380 8.
525 340 726 394 γαμβροῦ
743 354 790 381 τε
818 339 952 381 αὐτοῦ
986 334 1090 395 ὅντι]
1123 341 1225 393 ch.
1255 345 1333 382 etc.

298 412 399 466 638,
432 411 471 454 9.
527 409 597 454 τὸν
629 410 753 454 δόλον
781 410 950 468 νοήσας.

296 490 391 543 639,
423 491 464 533 3.
521 491 567 532 ἐκ
608 488 835 545 προσώπου
875 486 993 547 ὄντα]
1034 493 1075 533 S.
1118 489 1290 546 Niceph.
1339 485 1414 542 τήν
1452 489 1661 541 βασιλέως

186 546 337 602 χρείαν
365 547 424 596 εἰς
453 543 693 598 Βυζάντιον
722 544 996 604 ἀποπληρῶν.
1030 549 1227 602 Byzantii
1255 547 1514 603 imperatoris
1540 547 1659 587 vica-

188 608 298 657 rius5
329 606 401 661 qui
430 605 517 660 ipse
545 607 751 646 Monutes.

301 677 397 730 640,
427 677 467 719 3.
526 674 634 718 κατὰ
648 679 790 718 πᾶσαν
816 675 895 731 τήν
924 675 1062 728 πόλιν]
1094 687 1176 718 tota
1197 675 1302 730 urhe,
1323 681 1370 716 ut
1389 675 1496 716 bene
1525 678 1660 715 Anast.

190 749 274 777 non
300 742 348 776 ut
377 734 589 775 redditum
607 765 619 785 ,
653 750 730 790 per
764 735 942 788 singulas
985 737 1193 775 civitates.-
1242 733 1292 773 de
1321 731 1407 772 sola
1440 732 1551 773 enim
1581 732 1660 772 GP.

189 807 340 842 sermo,
371 792 412 832 in
445 806 527 847 qua
554 790 806 831 Artabasdus
837 792 1137 845 imperatorem
1169 790 1327 846 agebat.

300 865 410 908 Ibid.
443 862 482 907 9.
553 864 873 912 Κωνσταντΐνος
911 858 934 903 ὂ
975 862 1194 916 βασιλεύς]
1241 880 1325 905 non
1374 865 1478 906 bene
1517 863 1662 904 omissa

190 923 314 978 prior
345 936 423 962 vox
453 921 631 975 interpr.
666 920 873 976 siquidem
901 927 944 962 et
978 921 1231 962 Artahasdus
1267 923 1498 977 imperator
1530 922 1664 961 accla-

190 986 323 1020 matus
354 980 504 1018 fuerat.

299 1051 395 1102 641,
423 1049 462 1090 3.
521 1044 767 1105 ἐκράτησεν]
800 1050 927 1091 Parb.
959 1049 1083 1107 Peyr.

301 1125 408 1168 Ibid.
441 1122 481 1164 8.
538 1122 860 1178 καταπωθῆναι.
893 1120 974 1165 σὺν
1003 1124 1055 1180 τῇ
1073 1120 1192 1164 πόλει
1223 1123 1373 1165 αὐτοῦ.
1415 1126 1590 1179 σημεῖον
1618 1122 1665 1163 ἐν

189 1181 248 1238 τῷ
277 1180 472 1235 οὐρανῷ]
503 1180 603 1235 Reg.
633 1186 713 1220 etc.

302 1250 398 1305 642,
429 1250 470 1295 3.
528 1250 777 1303 αὐτόμολος.
808 1253 1107 1311 χαρτουλαρίῳ
1136 1254 1343 1306 τελοῦντι]
1372 1255 1497 1310 Peyr.

303 1328 410 1370 Ibid.
439 1325 479 1368 7.
535 1325 609 1380 τῆς
638 1321 848 1381 διαθήκης
876 1325 924 1367 δέ
949 1341 1047 1379 μου.
1077 1327 1117 1369 εἰ
1145 1325 1244 1380 ἐμοὶ
1270 1329 1491 1369 πείθεσθε.

192 1460 210 1499 l
303 1401 411 1443 Ibid.
448 1401 512 1445 16.
561 1399 870 1453 ’θεολογοῧντος
905 1398 1181 1453 ἀκοῦσαντες]
1211 1402 1412 1443 audientes
1439 1401 1490 1443 de
1515 1401 1666 1443 deitate

209 1467 429 1516 oquentem.

301 1534 402 1590 643,
435 1539 500 1583 13.
558 1534 913 1590 στρατοληγῆσας]
946 1536 1118 1578 militum
1141 1535 1294 1578 delecta
1321 1537 1481 1579 habito.
1539 1536 1596 1577 sic
1626 1541 1669 1578 et

193 1596 334 1635 Anast.
364 1609 440 1635 nec
471 1592 696 1650 quicquam
715 1594 766 1634 ad
796 1608 898 1644 rem,
927 1594 1024 1634 dum
1045 1595 1123 1635 iter·
1153 1604 1311 1648 agerem
1342 1610 1407 1634 res
1436 1600 1551 1634 tanta
1582 1608 1666 1634 non

194 1651 502 1692 defunctoriam
530 1664 732 1705 operam,
777 1650 847 1690 sed
888 1656 1001 1691 totos
1050 1651 1222 1706 tyranni
1266 1656 1438 1691 conatus
1467 1651 1667 1706 exigebat.

194 1708 235 1748 S.
267 1708 438 1763 Niceph.
467 1703 762 1759 ἐπιστρατεύει
803 1703 909 1747 κατὰ
937 1708 1010 1760 τῆς
1046 1707 1132 1748 τῶν
1165 1703 1376 1749 Ἀσιανῶν
1405 1703 1567 1760 χώρας,
1597 1704 1672 1746 καί

193 1762 246 1804 τὰ
278 1765 438 1818 ἐκείνης
463 1763 606 1818 χωρία
648 1763 895 1815 ἐλυμαίνετο
936 1764 1109 1816 πικραῖς.
1164 1765 1223 1804 sic
1251 1764 1360 1803 enim
1392 1763 1552 1804 emend.
1584 1778 1669 1803 non

193 1818 460 1874 ἐπημαίνετο.
517 1830 696 1877 suscepta
724 1822 767 1860 in
790 1820 918 1860 Asiae
946 1822 1144 1874 regionem
1189 1821 1470 1877 expeditione,
1492 1821 1669 1878 popula-

193 1878 365 1919 tionibus
393 1880 583 1930 itgfestam
612 1877 818 1918 reddebat.

309 1948 403 2001 644,
439 1948 478 1990 6.
536 1945 815 2002 ὑπερμάχους
848 1948 1190 2002 Κωνσταντίνου]
1231 1951 1333 2004 Reg.
1364 1957 1443 1992 etc.

307 2024 418 2066 Ibid.
453 2026 516 2068 13.
587 2023 660 2062 καί
697 2023 910 2075 κατῆλθεν
950 2017 1063 2069 κόνις
1091 2021 1150 2070 εἰς
1192 2019 1362 2074 τόπους]
1389 2026 1527 2066 Anast.
1568 2027 1670 2066 cinis

195 2081 395 2122 descendit
413 2095 493 2136 per
526 2080 630 2121 loca.
677 2080 853 2133 interpr.
900 2080 1034 2134 pulvis
1071 2080 1228 2119 imbris·
1253 2083 1382 2121 instar·
1424 2082 1468 2122 in
1504 2082 1669 2122 diversa

195 2140 285 2179 loca
312 2138 476 2180 decidit.
556 2136 708 2176 adduci
749 2151 832 2176 non
863 2135 1039 2190 possim,
1089 2142 1137 2175 ut
1167 2136 1225 2177 sic
1254 2152 1472 2191 exponam,
1504 2138 1674 2179 aliudve

198 2203 343 2250 putem
371 2191 429 2245 τό,
456 2190 623 2244 τόπους,
652 2208 775 2248 quam
810 2207 959 2233 nomen
1003 2193 1240 2247 proprium,
1268 2195 1492 2251 vicumque
1519 2210 1568 2235 ac
1601 2196 1671 2236 Ιο-

198 2267 295 2293 cum
325 2252 603 2306 peculiarem;
635 2249 769 2304 ipsum
798 2250 909 2290 forte
940 2249 990 2289 ad
1027 2264 1152 2303 quem
1181 2252 1266 2291 Leo
1297 2251 1433 2292 Basilii
1462 2253 1567 2293 filius
1596 2267 1669 2292 ce-

202 2310 318 2350 lebre
346 2309 643 2348 monasterium
677 2306 865 2347 virorum
894 2306 1186 2347 eunuchorum
1217 2309 1416 2360 extruxit,
1451 2308 1568 2365 quod
1598 2309 1669 2350 SS.

198 2366 343 2406 Lazari
373 2371 414 2406 et
440 2364 600 2406 Mariae
633 2363 898 2418 Magdalenae
926 2365 1051 2403 sacris
1083 2364 1235 2405 exuviis
1266 2364 1428 2409 ditavit.
1456 2394 1459 2397 Δ
1485 2365 1546 2414 εἰς
1570 2362 1670 2414 τούς

197 2422 447 2475 λεγομένους
477 2417 643 2474 τόπους,
672 2421 807 2475 inquit
852 2422 935 2460 Leo
967 2422 1258 2474 grammaticus
1288 2438 1328 2477 p.
1360 2422 1439 2467 481
1469 2424 1528 2463 sic
1559 2439 1667 2463 nun-

199 2485 354 2534 cupato
386 2479 504 2529 loco,
533 2493 582 2518 ac
613 2477 784 2533 regione
814 2478 897 2516 sive
916 2477 1041 2529 urbis,
1071 2479 1154 2519 sive
1173 2494 1280 2534 quae
1306 2494 1455 2534 parum
1475 2481 1534 2520 -ab
1563 2481 1669 2521 urbe

199 2537 372 2576 distaret
401 2536 441 2575 in
472 2535 788 2575 Thracensibus.
817 2535 910 2574 satis
939 2533 990 2574 ad
1018 2535 1281 2588 miraculum,
1312 2551 1360 2576 ac
1381 2544 1591 2578 ostentum
1623 2543 1670 2578 ut

199 2600 315 2634 certo
349 2609 432 2633 uno
462 2592 557 2633 loco
578 2592 636 2632 sic
664 2591 782 2646 pluat
799 2592 946 2645 pulviS‚
976 2597 1018 2632 et
1046 2599 1094 2632 ut
1124 2593 1164 2633 in
1196 2594 1361 2633 annales
1390 2594 1538 2634 referri
1566 2609 1667 2649 pos..

197 2649 261 2691 sit.
291 2650 415 2690 Cedr.
445 2664 540 2690 cum
571 2648 673 2689 nihil
701 2649 875 2702 amplius
905 2649 1098 2702 explicet,
1130 2650 1226 2689 satis
1260 2650 1412 2692 iudicat
1441 2652 1667 2705 proprium

199 2721 240 2746 se
270 2720 420 2748 nomen
447 2706 555 2747 istud
587 2706 803 2760 accepisse.
860 2704 979 2745 valde
1020 2706 1282 2746 inaccuratus
1315 2714 1488 2760 auctor,
1533 2715 1578 2749 ut
1605 2707 1667 2748 his

199 2764 355 2804 voculis
384 2764 476 2804 loca
504 2763 634 2816 varia,
664 2763 872 2818 pluraque
904 2761 1076 2817 intelligi
1104 2763 1299 2807 voluerit.
