1728 3242
548 170 620 210 Ex
658 165 1004 213 THEOPHANE.
1416 169 1513 215 229

52 273 211 310 sanctas
242 274 286 310 et
311 269 566 313 venerabiles
609 272 803 328 imagines
844 273 1068 314 concilium
1097 274 1284 329 iniquum
1314 273 1397 318 338
1427 277 1515 331 epi-

52 340 279 380 scoporum
320 328 590 382 congregavit
635 328 677 368 in
722 329 877 382 palatio
919 330 1110 381 Hieriae‚
1146 346 1328 385 qnorum
1354 332 1514 386 primus

51 387 144 422 erat
180 380 412 437 presinus
457 383 563 424 filius
603 384 809 439 Apsimari
857 391 899 426 et
934 386 1115 426 Pastillas
1156 388 1400 442 Pergensi5‚
1442 389 1515 443 qui

51 437 165 491 apud
191 452 234 478 se
263 452 371 492 quae
410 440 489 479 sibi
531 441 616 480 visa
641 447 738 480 sunt
765 440 1122 495 dogmatizarunt,
1153 443 1266 482 nullo
1296 451 1516 498 praesente

45 507 95 534 ex
123 493 335 534 catholicis
365 494 544 548 sedibus,
575 499 760 537 Romana
789 499 948 538 scilicet
976 505 1017 539 et
1037 499 1304 550 Antiochena,
1336 501 1514 540 Alexan..

50 549 171 590 drina
197 550 283 591 sive
311 550 699 607 Hierosolymitana.
773 569 797 594 a
825 560 978 609 quarto
1010 555 1099 595 idus
1128 556 1378 595 Februarias
1408 557 1513 596 inci-

48 605 209 659 pientes
229 606 568 660 perduraverunt
590 623 720 664 usque
742 610 791 649 ad
812 618 970 651 sextum
989 611 1080 651 idus
1102 613 1298 667 Augustas
1333 612 1512 653 eiusdem

45 662 245 716 septimae
275 663 529 704 indictionis.
565 665 750 719 quicum
773 667 1073 707 inBlachernas
1107 666 1172 707 dei
1202 667 1410 722 genitricis
1430 669 1512 707 ho-

46 724 125 758 stes
157 719 469 771 convenissent,
499 720 684 762 ascendit
711 722 1002 763 Constantinus
1032 724 1266 778 imperator
1294 725 1335 762 in
1365 725 1512 765 ambo-

47 789 170 827 nem,
203 781 345 815 tenens
391 777 708 817 Constantinu‘m
738 779 1004 830 monachum,
1048 781 1119 834 qui
1148 780 1226 820 fuit
1254 780 1390 834 Sylaei
1421 782 1510 835 epi..
1523 783 1638 829 p.660

40 844 202 884 scopus.
253 845 358 873 ,cum
385 839 553 883 orasset,
583 847 687 878 voce
707 849 854 889 magna
885 836 1176 889 pronuntiavit
1207 836 1343 876 dicens
1373 838 1512 877 “Con-

41 886 223 927 stantino
255 887 475 928 universali
507 889 774 943 patriarchae
799 893 952 932 multos
977 895 1143 932 annos-''
1174 899 1215 933 et
1244 892 1338 933 dein
1367 908 1510 933 ascen..

45 942 106 983 dit
135 943 367 998 imperator
400 959 493 984 cum
516 945 788 988 Constantino
822 949 1024 988 scelerato
1052 948 1243 1002 praesule
1274 955 1315 989 et
1343 949 1511 1004 reliquis

44 999 248 1054 episcopis
278 1000 435 1052 forum,
466 1006 509 1042 et
539 999 874 1043 exclamaverunt
899 1004 1152 1058 divulgantes
1182 1020 1297 1044 suam
1326 1006 1510 1046 cacodo-

43 1070 134 1095 xam
161 1055 366 1097 baeresim
408 1057 449 1096 in
494 1065 721 1112 conspectu
762 1061 892 1100 totius
922 1061 1077 1115 plebis,
1122 1061 1511 1102 anathematizantes

43 1112 300 1153 Germanum
329 1113 628 1154 sanctissimum
662 1123 704 1156 et
724 1117 978 1169 Gregorium
1008 1118 1209 1172 Cyprium
1240 1125 1282 1158 et
1316 1120 1512 1159 Ioannem

39 1166 349 1223 Chrysorroam
364 1170 679 1223 Damascenum,
708 1178 904 1227 nepotem
924 1174 1106 1226 Mansur,
1138 1174 1248 1215 viros
1274 1180 1439 1216 sanctos
1468 1182 1511 1216 et

47 1224 302 1265 reverendos
330 1226 562 1281 magistros·

153 1297 303 1338 Mundi
332 1313 442 1338 anno
465 1295 588 1349 6246,
625 1299 789 1341 divinae
816 1302 1114 1342 incarnationis
1141 1317 1252 1342 anno
1274 1301 1369 1352 746,
1400 1317 1510 1343 anno

41 1366 144 1393 vero
173 1354 340 1409 imperii
371 1355 633 1396 Constantini
661 1355 725 1408 14,
755 1358 1050 1398 Constantinus
1083 1359 1513 1414 Constantinopolita-

44 1423 119 1449 nus
149 1408 330 1451 habetur
358 1411 545 1463 antistes,
577 1413 650 1468 qui
693 1414 744 1453 12
785 1414 980 1454 ecclesiae
1018 1416 1202 1469 praefuit
1240 1416 1369 1456 annis.
1432 1416 1513 1456 hoc

44 1479 218 1520 quoque
264 1482 373 1506 anno
408 1469 623 1520 Maumed,
666 1469 739 1524 qui
772 1476 814 1510 et
839 1471 1058 1521 Abulabas,
1091 1479 1281 1511 mortuus
1312 1479 1384 1521 est,
1417 1487 1513 1512 cum

43 1521 70 1562 5
98 1522 341 1575 praefuisset
368 1525 495 1563 annis.
570 1530 746 1580 eratque
783 1526 958 1567 Abdelas
988 1528 1122 1567 frater
1163 1527 1246 1567 eius
1279 1527 1319 1567 in
1351 1528 1514 1568 Machia

42 1577 138 1618 loco
169 1578 447 1634 blasphemiae
473 1581 673 1634 ipsorum.
731 1583 876 1622 scribit
907 1597 1008 1638 ergo
1030 1583 1297 1633 Abumuslim,
1329 1585 1400 1638 qui
1423 1591 1514 1624 erat

42 1634 83 1674 in
111 1634 298 1687 Perside,
335 1637 668 1678 conservandum
704 1639 782 1679 sibi
814 1638 951 1679 locum
994 1640 1270 1694 principatus,
1301 1640 1407 1680 sicut
1436 1640 1514 1680 sibi

41 1696 157 1731 sorte
186 1692 324 1732 fuerat
354 1691 589 1747 deputatus.
658 1695 731 1750 qui
774 1709 868 1735 cum
908 1694 1116 1736 didicisset
1154 1696 1354 1736 Abdelam
1382 1696 1512 1736 filium

43 1746 193 1799 Halim,
223 1749 398 1788 fratrem
419 1764 519 1789 vero
535 1750 673 1805 Salim,
700 1766 903 1791 summum
935 1758 1177 1805 praetorem
1196 1752 1362 1807 Syriae,
1392 1753 1514 1807 prin-

42 1804 227 1857 cipatum
256 1804 335 1845 sibi
368 1806 640 1858 affectantem,
673 1814 715 1848 et
747 1809 997 1849 veniendum
1021 1808 1072 1848 ad
1101 1808 1374 1848 obtinendam
1404 1809 1513 1849 Per-

41 1859 198 1912 sidem,
228 1860 603 1917 adversantemque
631 1864 797 1918 Persis,
843 1872 886 1906 et
922 1865 1130 1905 faventem
1170 1863 1233 1903 bis
1276 1865 1348 1920 qni
1393 1870 1513 1904 erant

39 1916 188 1971 Syriae
217 1917 373 1973 quique
399 1919 707 1960 auxiliabantur
728 1921 778 1972 ei,
810 1921 1026 1961 concitatis
1054 1921 1302 1961 exercitibus
1329 1920 1410 1960 suis
1437 1935 1513 1975 ag-

41 1971 233 2027 greditur
262 1988 357 2014 eum
387 1975 500 2029 apud
531 1976 738 2028 Nitzibin,
778 1983 819 2018 et
850 1978 960 2017 victo
990 1992 1040 2018 eo
1072 1977 1329 2017 Abumuslim
1359 1977 1511 2018 multos
1527 1995 1563 2030 p.
1578 1983 1647 2019 661

39 2029 243 2083 peremit:
274 2037 396 2071 erant
425 2031 534 2072 enim
563 2032 703 2086 plures
725 2048 772 2073 ex
803 2033 864 2073 his
894 2034 1032 2073 Sclavi
1060 2040 1101 2074 ct
1130 2029 1394 2073 Antioch'eni.
1451 2040 1514 2074 ast

39 2084 216 2125 Abdelas
242 2086 350 2126 solus
378 2087 510 2128 salvus
539 2103 755 2129 remanens
778 2096 874 2143 post
902 2103 1058 2143 paucos
1082 2090 1167 2130 dies
1190 2089 1312 2143 petiit
1336 2090 1512 2129 verbum

39 2142 234 2196 accipere
264 2142 314 2181 ab
346 2143 478 2183 altero
510 2144 682 2196 Abdela,
717 2147 849 2186 fratre
876 2142 1085 2196 Maumed,
1118 2147 1307 2186 veniente
1340 2146 1380 2185 in
1406 2147 1511 2184 Per..

36 2196 167 2238 sidem
197 2198 334 2237 studio
369 2200 500 2240 multo
532 2216 553 2239 a
585 2201 745 2252 Macha,
786 2217 872 2256 quo
910 2202 955 2242 in
993 2201 1246 2242 domuncula
1274 2203 1512 2255 putrefacta

39 2259 205 2294 retruso
239 2254 363 2294 effodi
399 2257 668 2298 fundamenta
708 2258 971 2313 praecipiens
1011 2259 1122 2298 hunc
1152 2260 1258 2298 clam
1288 2258 1510 2297 interfecit.

37 2324 173 2364 porro
208 2310 465 2350 Abumuslim
500 2313 724 2354 furientem
757 2315 952 2355 adversus
982 2315 1139 2356 Arabes
1170 2315 1316 2369 Syriae
1346 2328 1427 2366 pro
1459 2327 1509 2352 eo

39 2367 156 2421 quod
190 2367 230 2406 in
262 2368 573 2421 Maurophoros
613 2370 918 2411 insurrexerint
956 2377 998 2411 et
1024 2371 1175 2411 multos
1211 2371 1250 2409 in
1281 2369 1509 2408 Palaestina

36 2427 78 2462 et
107 2422 254 2463 Emesa
290 2430 331 2463 et
368 2425 575 2464 maritima
607 2427 814 2480 ceperint,
853 2433 978 2482 atque
1006 2428 1045 2466 in
1081 2442 1149 2466 eos
1184 2427 1346 2466 irruere
1372 2424 1510 2464 medi—

36 2483 192 2519 tantem
220 2479 412 2519 cohibuit
455 2495 551 2520 cum
577 2483 837 2525 exercitibus.
911 2489 955 2523 at
984 2483 1051 2523 ille
1083 2483 1211 2522 iratus
1243 2482 1425 2521 Abdelae
1454 2479 1506 2520 ad

34 2532 283 2577 interiorem
305 2536 517 2576 Persidem
549 2552 644 2578 cum
667 2538 936 2579 multitudine
969 2539 1226 2592 properavit.
1258 2552 1382 2591 quem
1410 2551 1506 2576 cum

35 2590 304 2640 vehementer
351 2593 419 2633 ille
453 2599 684 2646 metueret,
728 2596 902 2635 accersit
947 2611 1043 2635 eum
1073 2593 1264 2633 suasoriis
1294 2593 1432 2633 verbis
1464 2599 1507 2633 et

33 2647 245 2700 precibus,
277 2655 405 2703 atque
435 2649 530 2702 ipsis
563 2651 863 2691 execrabilibus
901 2651 1104 2706 principis
1131 2664 1279 2690 eorum
1311 2650 1506 2704 symbolis

36 2701 275 2755 destinatis,
317 2706 434 2759 virga
484 2705 677 2746 videlicet
713 2713 839 2762 atque
883 2707 1071 2746 sandaliis
1110 2705 1507 2759 pseudoprophetae

33 2759 239 2813 Maumed,
274 2769 466 2816 expetens
499 2767 545 2802 ut
572 2763 624 2803 ad
653 2778 695 2804 se
726 2763 792 2804 via
813 2764 932 2805 unius
958 2763 1038 2804 diei
1067 2762 1371 2813 diverteretur,
1403 2777 1506 2818 qua-
