1768 3268
270 213 362 260 186
467 217 749 260 ANAs'rAsn
797 214 1060 260 HlSTORlA
1106 214 1516 259 ECCLESlASTlCA

266 332 419 373 Arabes
448 345 558 373 nova
591 332 807 373 cuderent.
867 339 909 373 at
945 332 1012 373 ille
1042 346 1210 387 precem
1247 345 1293 370 ex
1324 329 1478 369 timore
1500 328 1725 370 arbitratus

268 389 465 440 effectam,
494 403 578 429 non
605 388 831 443 perpendit
875 389 991 444 quod
1019 389 1200 428 studium
1228 400 1376 426 eorum
1406 392 1508 426 esset
1537 391 1582 425 ut
1608 387 1728 425 Mar-

266 444 474 486 daitarum
500 446 636 486 solum
653 451 935 500 compesceret
952 445 1134 499 primum
1157 444 1354 493 incursus,
1382 448 1423 482 et
1451 442 1507 482 ita
1535 457 1615 496 per
1643 457 1723 496 pu-

266 502 418 542 tativae
445 501 619 543 rationis
649 502 869 542 obtentum
888 516 1033 556 pacem
1052 499 1300 541 dissolveret.
1360 498 1474 553 quod
1505 505 1546 539 et
1570 499 1724 538 factum

265 563 337 605 est,
369 564 411 598 et
438 558 547 598 misit
562 557 797 599 Abimelech
829 557 880 598 ad
909 556 1205 597 aedificandum
1234 553 1437 608 templu-m
1467 555 1655 605 Muchau,
1685 561 1726 594 et

264 613 398 654 voluit
438 615 605 655 auferre
632 615 842 654 columnas
879 619 1044 653 sanctae
1071 611 1336 651 Getsemanis.
1395 616 1436 651 et
1468 617 1725 665 rogaverunt

264 684 358 710 eum
389 670 555 725 Sergius
595 669 763 726 quidam
791 670 858 710 vir
897 667 1270 718 Christianissimus,
1306 667 1378 722 qui
1409 673 1500 708 erat
1527 668 1727 721 generalis

265 727 431 766 Mansur
458 725 670 781 logotheta
700 735 740 767 et
769 725 888 766 valde
914 723 1123 764 familiaris
1152 722 1284 764 eidem
1314 723 1565 775 Abimelech,
1599 730 1724 778 atque

263 782 463 836 patricius
492 783 624 822 socius
643 782 740 833 eius,
770 781 1006 822 Christianis
1029 780 1101 835 qui
1129 787 1249 820 erant
1273 780 1311 819 in
1342 780 1570 820 Palaestina
1600 795 1725 835 prae-

264 837 442 892 positus,
485 839 558 894 qui
598 838 972 892 cognominabatur
1013 837 1201 887 Clausus,
1243 837 1498 890 postulantes
1527 851 1579 877 ne
1607 837 1727 877 tieret

264 894 369 944 boc,
396 894 467 935 sed
507 909 585 949 per
612 894 931 948 supplicationes
957 907 1044 933 suas
1074 892 1346 946 persuaderet
1376 893 1600 934 Iustiniano
1629 893 1726 933 mit·

263 950 377 991 tendi
405 950 481 991 sibi
503 950 597 991 alias
626 965 707 1005 pro
738 951 819 999 eis;
851 949 965 1006 quod
994 955 1037 990 et
1063 950 1218 990 factum
1248 956 1321 990 est.

377 1035 495 1074 Anno
541 1033 704 1089 imperii
739 1034 800 1074 sui
830 1033 1072 1075 Iustinianus
1112 1033 1290 1088 septimo
1335 1033 1465 1090 elegit*
1483 1048 1531 1074 ex
1560 1032 1727 1086 Sclavis,

137 1093 254 1142 p.560
267 1089 339 1145 qui
369 1104 411 1131 se
439 1090 606 1131 iubente
635 1091 925 1145 migraverant,
957 1091 1104 1131 milites
1132 1090 1306 1145 triginta
1336 1090 1462 1142 milia,
1490 1096 1533 1131 et
1561 1091 1727 1131 armatis

264 1146 320 1187 eis
347 1147 654 1200 cognominavit
696 1147 785 1187 illos
824 1147 1029 1203 populum
1058 1147 1379 1202 acceptabilem,
1408 1146 1728 1203 principemque

263 1202 304 1243 in
333 1201 389 1242 eis
417 1202 619 1242 Nebulum
659 1204 827 1244 nomine
865 1203 1022 1244 statuit.
1097 1203 1189 1243 fisus
1219 1210 1356 1244 autem
1384 1203 1425 1244 in
1459 1203 1535 1243 illis
1563 1203 1728 1258 scripsit

260 1258 463 1298 Arabibus
493 1273 576 1299 non
599 1273 643 1299 se
670 1274 989 1314 permansurum
1029 1259 1072 1299 in
1100 1274 1218 1314 pace,
1249 1274 1357 1316 quae
1383 1259 1542 1314 scripto
1571 1274 1726 1300 conve.

260 1320 392 1354 uerat.
467 1319 507 1354 et
545 1322 750 1371 assumpto
779 1317 939 1371 populo
979 1316 1227 1372 acceptabili
1256 1322 1299 1357 et
1326 1316 1487 1357 cunctis
1519 1317 1726 1372 equestri-

258 1370 332 1410 bus
369 1369 521 1410 militiis
562 1372 667 1413 abiit
706 1373 1013 1428 sebastopolim
1057 1372 1324 1417 maritimam.
1393 1373 1547 1414 Arabes
1587 1378 1726 1414 autem

258 1425 566 1479 dissimulantes,
595 1434 636 1469 et
654 1443 798 1484 pacem
824 1430 987 1471 solvere
1015 1429 1185 1471 minime
1213 1435 1515 1484 proponentes,
1548 1428 1618 1470 sed
1647 1429 1728 1469 im..

257 1483 472 1537 peratorio
503 1498 663 1526 excessu
701 1493 827 1541 atque
854 1485 1052 1541 procacia
1083 1486 1165 1527 hoc
1194 1486 1343 1541 agendi
1373 1485 1615 1527 violentiam
1647 1501 1726 1540 pa-

257 1540 417 1590 tientes,
448 1540 595 1581 armati
622 1547 664 1582 et
703 1542 782 1597 ipsi
811 1544 982 1583 veniunt
1009 1543 1340 1597 Sebastopolirn,
1367 1548 1645 1598 protestantes
1677 1557 1729 1584 ne

258 1595 502 1650 imperator,
533 1612 640 1653 quae
670 1597 845 1640 invicem
875 1614 968 1640 cum
999 1599 1240 1641 iuramentis
1260 1613 1445 1640 consono
1473 1605 1602 1653 pacto
1631 1599 1725 1654 pla-

260 1651 341 1692 cita
369 1652 544 1707 fuerant,
571 1655 773 1707 solveret3
807 1655 991 1711 alioquin
1036 1656 1132 1697 deus
1166 1656 1322 1697 vindex
1354 1663 1396 1697 et
1424 1655 1547 1696 iudex
1575 1655 1722 1710 culpa-

259 1723 354 1748 rum
386 1709 511 1749 foret.
586 1726 686 1752 sane*
722 1727 817 1753 cum
845 1713 1081 1767 imperator
1125 1727 1202 1754 nec
1241 1712 1384 1753 auditu
1418 1712 1508 1767 ipso
1536 1711 1726 1753 huiusce-

258 1763 373 1804 modi
403 1765 530 1805 verba
556 1768 774 1822 percipere
803 1774 1036 1824 pateretur,
1065 1769 1122 1810 illi
1149 1769 1260 1824 pacis
1293 1776 1335 1810 et
1376 1769 1492 1810 verbi
1522 1769 1726 1824 scri-ptum

257 1820 459 1861 solventes
498 1828 540 1862 et
582 1823 623 1863 in
667 1826 819 1866 excelsa
852 1825 968 1865 hasta
1012 1840 1092 1880 pro
1121 1825 1268 1867 vexillo
1304 1825 1563 1880 procedendi
1590 1826 1726 1880 gratia

256 1877 572 1930 suspendentes,
601 1888 748 1921 contra
781 1883 988 1922 Romanos
1018 1883 1179 1938 impetu
1216 1883 1399 1933 irruunt,
1427 1883 1621 1923 Muamed
1652 1882 1728 1923 du..

258 1947 349 1972 cem
376 1933 594 1988 habentes,
621 1937 860 1995 bellumque
905 1939 1048 1980 taliter
1080 1940 1275 1981 inierunt.
1334 1945 1376 1979 et
1410 1940 1525 1994 prius
1558 1939 1728 1995 quidem

257 1990 444 2043 superati>
484 1997 579 2031 sunt
607 1995 774 2036 Arabes.
844 2009 1064 2050 suggerens
1096 1996 1257 2037 interea
1287 1995 1482 2036 Muamed
1513 1996 1727 2036 auxilianti

258 2046 453 2085 Romanis
483 2048 726 2090 Sclavorum
756 2052 851 2092 duci
879 2053 1010 2093 mittit
1056 2053 1093 2094 ei
1128 2052 1383 2107 marsupium
1416 2053 1726 2094 numismatibus

260 2101 448 2155 plenum,¹
471 2105 692 2161 multisque
724 2109 1114 2162 repromissionibus
1134 2110 1247 2149 bunc
1277 2109 1474 2150 seducens
1504 2110 1728 2164 persuadet

130 2174 164 2209 p.
179 2157 311 2197 561ad
340 2173 381 2197 se
407 2159 550 2215 fugere
591 2176 687 2203 cum
714 2165 859 2220 viginti
904 2166 1067 2206 milibus
1114 2166 1383 2216 sclavorum,
1416 2172 1457 2206 et
1499 2166 1557 2206 sic
1587 2167 1726 2221 fugam

262 2215 496 2266 Quiritibus
543 2220 772 2274 acquisivit.
844 2229 945 2263 tunc
982 2222 1217 2277 imperator
1257 2221 1411 2263 occidit
1438 2222 1592 2262 horum
1623 2224 1726 2263 resi-

259 2270 360 2311 ‹lnos
389 2287 472 2311 una
514 2288 606 2314 cum
647 2277 787 2318 liberis
834 2285 876 2320 et
915 2279 1114 2320 uxoribus
1154 2287 1269 2320 trans
1308 2279 1546 2334 praecipitii
1587 2279 1727 2319 locum

258 2328 500 2392 [sonnatium
524 2330 693 2386 dictum,
726 2335 796 2391 qui
842 2335 1073 2376 maritimus
1105 2342 1198 2378 erat
1227 2336 1340 2376 iuxta
1368 2335 1727 2378 N1comediensem
1763 2379 1765 2382 ,

258 2398 389 2424 sinum
417 2386 587 2439 positus.

293 2524 299 2531 .
369 2470 487 2509 Anno
517 2470 682 2525 imperii
725 2473 939 2514 Iustiniani
971 2481 1121 2515 octavo
1151 2476 1309 2517 Sabbas
1349 2475 1550 2531 patricius
1579 2479 1727 2517 Arme-

262 2538 363 2574 niae,
397 2533 609 2580 comperta
651 2530 917 2582 superatione
954 2531 1254 2583 Romanorum,
1304 2533 1540 2573 Armeniam
1569 2534 1726 2574 Arabi-

263 2579 335 2618 bus
365 2582 551 2634 tradidit,
581 2591 622 2625 et
650 2585 834 2626 subiecta
865 2593 925 2626 est
964 2588 1019 2626 eis
1054 2589 1232 2629 interior
1260 2590 1406 2640 Persis,
1437 2605 1544 2645 quae
1574 2590 1728 2630 dicitur

261 2635 450 2678 Cherasa.
526 2646 567 2679 et
607 2642 746 2681 oritur
790 2642 944 2682 ibidem
980 2643 1200 2685 Insidiator
1238 2647 1404 2686 nomine
1433 2646 1620 2698 Sabinus,
1653 2647 1726 2701 qui

259 2692 409 2755 multos
430 2696 612 2736 Arabum
640 2698 862 2748 interfecit,
893 2699 963 2739 sed
992 2705 1034 2740 et
1065 2701 1195 2754 ipsum
1218 2703 1449 2757 cbaganum
1467 2717 1604 2758 prope
1635 2719 1728 2743 mo-

260 2746 319 2786 dis
350 2751 536 2792 omnibus
578 2754 617 2792 in
652 2769 770 2793 amne
801 2755 977 2795 necavit.
1057 2772 1103 2796 ex
1143 2764 1244 2798 tunc
1290 2774 1391 2814 ergo
1434 2774 1511 2814 per
1554 2760 1727 2815 amplius

260 2806 437 2858 Agareni
465 2811 676 2850 temerarii
706 2810 805 2850 facti
834 2813 1079 2853 Rornaniam
1108 2813 1486 2870 depopulabantur.
