1728 3184
742 147 942 191 NOTAE.
1451 145 1546 201 359

81 258 384 315 συντακτήριος
412 262 522 303 cuim
557 260 626 302 ille
656 256 791 313 λόγος,
823 262 933 303 idem
970 264 1042 319 qui
1072 260 1393 327 αἰιοτακτίριος.
1452 265 1549 305 hinc

82 316 239 357 lexicon
271 320 559 388 Anonymum
574 317 687 358 inter
716 319 844 388 Regia
887 333 959 359 ms.
1028 317 1323 390 συντακτὴριοι
1352 316 1478 388 λόγοι,
1507 317 1546 361 οἱ

79 372 126 413 ἑν
153 369 315 423 ἐξόδοις
343 371 418 415 ἐπὶ
439 373 524 415 ταῖν
551 372 771 426 ἀρχόντων
779 351 1173 427 ῦιῖποχαιρετισμοί,
1205 370 1291 423 οἷος
1319 374 1392 417 καί
1420 374 1441 417 ὃ
1470 375 1549 417 τοῦ

76 428 263 482 μεγάλου
293 428 457 483 πατρὸς
483 430 525 471 Γ
520 443 719 483 ρηγοριου
747 431 823 471 τοῦ
850 429 1055 483 θεολόγον
1084 429 1394 486 συιτακτῆριος.
1449 449 1546 474 ora-

75 485 202 525 tiones
227 486 371 540 quibus
398 486 633 527 daces-euris
653 487 886 542 proceribus
917 488 1011 527 vale
1038 487 1206 527 dicimus
1234 487 1546 542 συντακτήριοι,

72 541 204 595 qualis
235 551 292 582 esc
315 542 411 593 illa,
439 557 563 607 quam
587 556 754 596 magnus
777 553 901 608 pater
933 544 1151 597 Gregorius
1170 545 1367 598 theologus
1397 546 1544 586 haban.

73 596 251 638 bardam
278 595 579 652 συντακτήριον
622 597 937 652 ἐκπληροῦντα,
973 606 1071 641 vota
1107 614 1188 654 pro
1228 599 1338 640 felici
1369 599 1544 642 discessu

74 659 385 718 nuncupantem
425 654 625 695 describit
662 654 874 696 Cedrenus
913 655 1106 697 editionis
1145 656 1297 711 Regiae
1325 671 1419 711 pag.
1449 657 1543 699 555.

73 709 131 749 ita
154 710 403 774 loquentem
432 712 737 765 Damascenom
782 718 889 755 orat.
929 712 979 753 de
1006 713 1115 753 fidel.
1143 712 1345 754 defunctis
1376 715 1543 766 exponit

71 765 227 818 Bittius,
260 766 392 807 relato
419 767 545 808 etiam
560 768 741 808 Maximo
778 768 818 808 in
846 769 1094 838 Dionysium
1126 775 1254 810 teste:
1287 764 1391 809 ἔνθα
1412 770 1541 810 Παῦ-

68 823 141 869 λος
172 822 218 864 ἐν
248 820 372 879 Ἀσίᾳ
409 819 687 864 συντάσσεται
733 827 825 872 ταῖς
854 823 1093 891 ἐκκλησίαις
1121 823 1268 878 αι’τῆς.
1296 825 1366 865 ubi
1392 825 1542 866 Paulus

67 878 196 919 Asiae
224 864 397 920 ecclesiis
427 880 633 924 valedicit
691 879 773 920 illic
801 879 1080 921 σιιτιὶσσεται
1114 881 1212 921 nihil
1242 881 1355 922 alind
1385 882 1539 936 signifi-

67 940 139 975 cat
166 949 291 990 quam
319 932 623 976 ἀποτάσσεται.
681 937 841 976 Met—tas
873 939 957 992 ipse
988 939 1169 991 Giegori
1202 915 1443 1004 expositor0
1444 953 1540 979 ora.

67 990 225 1032 tionem
254 988 560 1045 συντακτήριον
586 991 661 1032 sub
694 993 778 1033 eius
801 994 924 1034 linem
953 991 1281 1049 α’ποχαιρετικὸν
1311 994 1427 1050 quasi
1461 1009 1537 1038 va-

66 1047 325 1091 ledicton'am
356 1048 560 1089 nominat.
613 1047 717 1089 haec
747 1050 825 1090 ille.

185 1125 332 1177 109,0
309 1155 346 1166 .
402 1123 495 1168 τότε
526 1126 600 1168 καί
627 1125 830 1184 Παύλου]
860 1128 1114 1170 sozomenus
1143 1129 1213 1170 lib.
1244 1129 1270 1170 7
1301 1145 1391 1185 cap.
1425 1133 1489 1175 10.

175 1200 286 1244 Ibid.
310 1193 595 1251 ¹4.‘On15910v
620 1196 716 1241 viiiv
737 1199 870 1242 αυτοῦ
888 1189 1155 1257 γεννηθέντα]
1186 1218 1296 1243 anno
1310 1203 1533 1245 Theodosii

62 1260 176 1297 sexto
197 1255 407 1297 Ricimere
427 1261 469 1297 et
480 1257 680 1298 Clearcho
703 1272 803 1297 coss.
827 1266 968 1299 natum
990 1259 1188 1314 Prospe1
1179 1275 1203 1310 ι,
1238 1259 1355 1300 ldatii
1375 1266 1418 1300 et
1438 1261 1533 1301 Alc-

62 1311 313 1353 xandrinum
358 1312 559 1353 chronica
607 1314 918 1367 demonstrant,
956 1316 1104 1370 quibus
1150 1315 1310 1356 accedit
1337 1317 1532 1357 Socrates

63 1369 135 1411 lib.
165 1369 306 1424 5cap.
341 1368 404 1409 12.
475 1369 601 1410 iidem
648 1371 800 1412 deinde
831 1371 998 1412 Arcadii
1030 1377 1073 1412 et
1100 1372 1295 1413 Bautonis
1339 1373 1531 1412 consula-

62 1431 154 1466 tum
182 1440 291 1466 anno
319 1431 520 1480 sequente
548 1426 770 1478 ordinant,
811 1443 860 1467 ac
899 1427 1069 1468 tandem
1100 1428 1280 1469 Honorii
1307 1435 1348 1469 et
1378 1428 1531 1469 Enodii

63 1483 190 1523 fasces
220 1483 394 1523 elevant.
454 1482 519 1523 isti
552 1484 681 1538 igitur
709 1498 818 1524 anuo
847 1483 1074 1524 Theodosii
1104 1491 1255 1526 octavo
1288 1485 1532 1540 dignitatem

63 1538 285 1580 adierunt.
317 1553 449 1594 quare
482 1539 758 1593 Theophanes
797 1555 905 1580 anuo
949 1541 1068 1581 citius
1098 1516 1356 1582 Theodosiin
1353 1542 1529 1596 septimo

62 1610 155 1636 eam
185 1602 404 1636 memorat.
463 1595 524 1635 his
554 1603 693 1636 autem
725 1597 861 1638 verbis
901 1603 943 1638 et
975 1597 1124 1638 litteris
1156 1597 1198 1638 in
1228 1598 1352 1638 fastos
1382 1612 1532 1639 consu-

63 1652 192 1693 latum
222 1651 333 1692 hunc
362 1652 543 1706 Prosper
574 1653 730 1694 retulit
787 1653 975 1695 Honorio
1004 1654 1059 1698 N.
1092 1655 1145 1699 P.
1174 1664 1212 1695 et
1241 1655 1403 1695 E'uoclio
1430 1670 1529 1694 coss.

63 1723 131 1749 eas
161 1723 263 1749 vero
297 1708 453 1749 litteras
473 1710 519 1748 N.
540 1710 586 1749 P.
644 1709 935 1750 uobzlisssezmum
958 1725 1126 1766 puerum
1157 1711 1371 1766 designare
1400 1726 1445 1751 ex
1468 1712 1530 1750 in·-

58 1765 202 1819 script.
230 1764 440 1806 veteribus
480 1766 611 1817 notis,
650 1772 691 1806 et
720 1766 865 1807 codiee
906 1767 1115 1808 Theodos.
1145 1775 1263 1808 certo
1293 1775 1336 1809 et
1365 1767 1529 1807 erudite

60 1821 245 1863 declarat
270 1822 500 1872 Pontacus,
536 1837 660 1878 quam
689 1837 836 1863 vocem
868 1829 1019 1864 auctor
1045 1824 1112 1864 hic
1142 1824 1290 1865 scribit
1322 1823 1528 1877 ἐπιφανέ-

57 1892 240 1931 στατον,
274 1883 316 1918 et
357 1877 409 1918 ad
454 1894 606 1919 annum
647 1879 806 1920 Ioviani
854 1879 1024 1921 unicum
1053 1878 1325 1935 ἐπιφανέντα,
1354 1881 1425 1920 uhi
1454 1893 1526 1920 nos

56 1935 345 1974 nohzlissimum
374 1935 533 1976 referre
564 1935 687 1977 fidem
721 1935 919 1977 dedimus.

165 2005 275 2046 Ibid.
307 2003 374 2047 16.
431 2007 687 2063 ειῖτρεπίσθη
718 2008 765 2051 δὲ
795 2009 1009 2064 πολεμεῖι]
1040 2009 1165 2049 etiam
1189 2023 1298 2049 anno
1326 2014 1526 2064 sequente

55 2070 352 2117 praeparatam
374 2062 415 2103 ln
433 2065 656 2105 Maximum
676 2065 984 2120 expeditionem
1012 2065 1195 2120 suggerit
1222 2066 1417 2106 Socrates
1449 2066 1522 2105 lib.

56 2120 82 2160 5
112 2135 189 2174 cap
196 2122 311 2169 .12‚
341 2134 391 2160 eo
438 2135 606 2176 nempe,
636 2123 709 2178 qui
739 2122 908 2163 Ατοιάἰί
942 2127 984 2162 et
1020 2122 1219 2162 Bautonis
1262 2123 1523 2161 consulatum

55 2176 231 2230 excepit,
272 2175 500 2218 Theodosii
540 2183 720 2218 octavus.
788 2179 947 2235 reliqua
988 2177 1058 2217 hic
1098 2183 1327 2218 memmata
1358 2178 1521 2233 sequius

56 2231 279 2274 reiicienda
306 2231 517 2274 habentur
549 2249 639 2289 cap.
671 2235 734 2286 13,
763 2235 985 2276 Sozomeni
1018 2235 1087 2275 lib.
1118 2234 1142 2275 7
1173 2249 1261 2288 cap.
1298 2233 1359 2274 14.

169 2308 262 2356 110,
296 2309 358 2349 11.
434 2303 502 2346 τὸν
530 2307 648 2348 κιόνα
698 2306 887 2374 Ταύρου]
917 2309 1152 2349 columnam
1183 2308 1293 2346 illam
1324 2305 1520 2346 describit

54 2361 267 2402 Com-enus
298 2363 341 2402 in
369 2362 621 2404 Theodosio.
677 2365 754 2405 τοῦ
785 2362 956 2417 Ταύρου
986 2366 1102 2405 κιόνα
1131 2361 1305 2417 ἔστησεν
1337 2357 1357 2401 ὅ
1387 2362 1519 2413 μέγας

56 2416 281 2466 Θεοδόσιος
317 2415 499 2469 τρόπαια
542 2435 614 2460 και
652 2417 795 2491 μάχας
835 2418 939 2462 κατά
968 2420 1147 2461 ..κυθῶν
1184 2434 1254 2458 και
1286 2414 1518 2483 βαρβάρων

52 2469 204 2524 ἔχοντα
233 2474 306 2515 τοῦ
334 2473 484 2514 αὐτοῦ.
541 2472 632 2528 ἔχει
659 2476 706 2517 δὲ
734 2470 856 2523 ουτος
891 2474 1063 2517 ἔνδοθεν
1093 2473 1164 2515 καὶ
1187 2472 1286 2514 ὁδὸν
1320 2489 1411 2513 arm
1440 2473 1515 2524 ᾳὲ-

52 2543 238 2596 ρουσαν·
292 2528 367 2571 καί
405 2526 426 2571 ὃ
467 2530 571 2571 κατὰ
614 2529 659 2573 τὸ
704 2525 915 2603 ἄμφοδον
941 2530 1027 2574 δὲ’
1014 2528 1142 2577 {sarak
1169 2528 1361 2582 ἱππότης,
1389 2527 1516 2575 αυτύς

51 2585 166 2625 ἐστιν
196 2580 217 2625 ὅ
247 2587 379 2637 μέγας
409 2586 636 2635 Θεοδόσιος
674 2593 801 2641 χεῖρα
845 2604 992 2629 τεινων
1022 2584 1163 2638 degam
1205 2583 1310 2636 πυὸς
1339 2581 1415 2637 τήν
1442 2581 1514 2623 πό-

52 2641 142 2693 λιν,
168 2643 243 2683 καί
282 2640 448 2690 δεικνυς
486 2641 538 2684 τοὶ
567 2644 879 2696 ἐγγεγραμμένα
908 2644 1106 2696 τρόπαια.
1170 2644 1298 2682 'l'auri
1325 2641 1385 2695 (in
1417 2642 1512 2681 loro

51 2674 181 2737 Tatiri
213 2699 413 2754 intellige)
443 2710 613 2741 statuam
633 2703 772 2755 posuit
804 2716 975 2754 magnus
1009 2699 1268 2749 lheodosius,
1301 2713 1391 2737 suas
1418 2712 1513 2737 con-

50 2762 114 2793 tra
140 2753 307 2807 Scythas
337 2758 598 2798 continentem
628 2772 792 2812 pugnas
809 2789 820 2807 ,
865 2768 903 2798 et
936 2758 987 2797 cle
1029 2757 1079 2797 iis
1118 2764 1265 2796 statuta
1294 2754 1506 2809 trophaea.
