1768 3268
266 202 361 257 174
464 213 744 257 ANASTAsn
789 211 1047 255 ms‘ronm
1086 208 1497 255 Ecetsssms'rmA

370 332 489 370 Anno
520 329 683 384 imperii
717 329 948 370 Constantis
978 329 1026 368 21
1060 327 1282 368 exereitum
1314 329 1538 364 moverunt
1570 322 1724 363 Arabes

263 392 409 427 eontra
440 387 706 438 Emanium,
746 395 788 426 et
813 387 962 426 multos
997 385 1234 438 depraedati
1263 387 1382 433 sunt,
1425 388 1466 421 et
1494 383 1585 422 loca
1615 395 1724 420 non·-

267 443 373 483 nulla
407 442 661 497 depopulati.

374 517 494 556 Anno
524 515 687 569 imperii
721 514 950 555 Constantis
981 512 1032 552 22
1061 511 1244 567 praedae
1270 510 1407 565 patuit
1423 507 1587 550 Siciliae
1615 521 1726 564 pars,

265 580 305 614 et
332 572 628 612 habitaverunt
643 573 832 611 Damasci
862 571 1076 610 voluntate
1105 582 1188 609 sua.

377 659 496 696 Anno
523 655 685 709 imperii
722 654 952 694 Constantis
983 650 1035 691 23
1060 653 1187 691 factus
1218 656 1275 690 est
1304 663 1430 691 error
1458 647 1725 701 ieiuniorum,

267 718 310 752 et
337 712 563 752 exercitum
599 711 732 751 movit
771 708 1082 750 Abderaehman
1133 706 1301 746 Chaledi
1348 706 1540 747 adversus
1569 707 1727 746 Roma..

266 769 402 819 niam,
431 776 471 808 et
512 769 551 807 in
585 781 631 807 ea
675 766 893 817 hiemavit,
937 770 978 805 et
1006 765 1151 804 multas
1183 763 1405 804 demolitus
1433 770 1493 803 est
1522 762 1724 818 regiones.

266 839 401 879 porro
433 824 612 864 Sclavini
650 823 701 862 ad
742 823 852 862 hunc
882 820 1135 861 confluentes
1173 834 1267 859 eum
1307 821 1396 874 ipso
1425 818 1729 860 descenderunt

141 877 308 933 p.533in
341 881 530 937 Syriam,
560 894 734 920 numero
776 879 959 933 quinque
983 877 1117 927 milia,
1147 882 1189 916 et
1217 876 1515 917 habitaverunt
1544 875 1586 915 in
1615 877 1727 930 Apa..

267 938 481 978 miensium
515 937 683 991 regione
713 935 753 975 in
785 935 949 974 castello
981 933 1268 974 Seleueobori.

378 1014 497 1050 Anno
531 1008 694 1062 imperii
726 1007 959 1048 Constantis
997 1002 1050 1046 24
1088 1005 1268 1046 Thomas
1299 1005 1728 1059 Constantinopolita-

269 1080 342 1106 nus
371 1065 549 1106 habetur
578 1065 754 1104 antistes.
824 1065 956 1103 Busur
989 1069 1125 1103 autem
1156 1063 1383 1103 exereitum
1413 1062 1453 1102 in
1484 1062 1731 1103 Romaniain

268 1122 420 1173 movit,
461 1128 502 1162 et
546 1127 734 1161 mortuus
776 1127 835 1160 est
861 1119 1159 1160 Thaumaricus
1200 1121 1418 1176 episcopus
1449 1118 1658 1174 Apamiae,
1689 1125 1732 1159 et

269 1180 452 1219 incensus
484 1185 542 1218 est
568 1178 783 1232 episeopus
811 1176 1039 1217 Emisenus.

376 1261 521 1303 Mundi
552 1274 659 1301 anno
690 1259 811 1311 6158,
841 1259 1003 1301 divinae
1033 1259 1331 1301 incarnationis
1363 1275 1472 1300 anno
1495 1258 1591 1311 658,
1623 1273 1732 1299 anno

267 1332 368 1359 vero
402 1318 565 1372 imperii
598 1318 831 1358 Constantis
875 1318 927 1358 25
959 1318 1188 1358 exercitum
1219 1332 1362 1358 rursus
1393 1317 1572 1357 armavit
1600 1317 1735 1356 Busur

267 1380 415 1414 eontra
443 1374 699 1425 Romaniam,
731 1379 772 1413 et
800 1373 1088 1415 exterminavit
1113 1381 1252 1429 partes
1282 1374 1538 1428 Hexapoleos
1566 1380 1609 1415 et
1622 1372 1734 1414 Pha..

269 1430 399 1483 dalae,
434 1431 600 1486 illicque
630 1430 839 1471 hiemavit.

342 1516 460 1554 Anno
478 1514 640 1569 imperii
657 1514 888 1555 Constantis
905 1513 957 1555 26
973 1514 1317 1555 Armeniaeorum
1333 1519 1509 1568 praetor
1522 1511 1735 1563 Saborius,

267 1571 391 1612 Persa
424 1586 589 1625 genere,
622 1572 891 1611 tumultuatus
932 1577 992 1611 est
1021 1576 1168 1611 contra
1202 1572 1471 1611 Constantem
1501 1571 1732 1624 imperato-

271 1642 371 1679 rem,
406 1628 616 1682 mittitque
647 1627 697 1667 ad
716 1628 924 1668 Mauhiam
940 1629 1130 1682 Sergium
1157 1629 1398 1683 magistrum
1415 1627 1607 1678 militum,
1636 1626 1734 1680 pol-

272 1685 393 1725 licens
422 1684 608 1724 Manubiae
634 1685 854 1739 subiugare
881 1685 1150 1738 Romanam,
1183 1685 1214 1724 si
1246 1686 1331 1739 ipse
1359 1684 1437 1724 sibi
1467 1684 1736 1724 auxiliaretur

271 1741 462 1781 adversus
493 1740 799 1794 imperatorem.
834 1756 918 1796 quo
949 1748 1168 1795 comperto
1202 1741 1493 1781 Constantinus
1521 1741 1626 1780 filius
1659 1739 1735 1778 im-

270 1797 477 1851 peratoris
508 1798 635 1837 mittit
676 1804 716 1837 et
756 1798 842 1852 ipse
873 1798 923 1838 ad
950 1798 1162 1838 Mauhiam
1192 1797 1734 1839 Andreum‘cubicularium

272 1868 366 1892 cum
392 1854 644 1905 muneribus,
675 1869 725 1894 ne
752 1854 896 1895 rebelli
929 1854 1108 1896 eederet.
1135 1870 1315 1910 cumque
1347 1854 1522 1895 venisset
1553 1853 1735 1893 Andreas

272 1912 538 1960 Damascum,
567 1911 724 1964 reperit
762 1911 953 1966 Sergium
983 1912 1256 1966 praevenisse.
1327 1917 1370 1950 at
1406 1925 1510 1952 vero
1550 1908 1735 1950 Mauhias

273 1966 542 2006 simulabatur
588 1967 833 2021 imperatori
879 1970 1065 2023 compati
1094 1972 1141 2018 *).
1209 1967 1375 2008 sedebat
1402 1973 1541 2008 autem
1569 1966 1736 2020 Sergius

274 2028 368 2061 ante
384 2022 601 2074 Mauhiam,
633 2030 674 2063 et
703 2039 794 2063 eum
817 2025 1017 2080 ingressus
1050 2025 1188 2065 fuisset
1207 2025 1404 2076 Andreas,
1437 2023 1611 2064 intuitus
1642 2037 1736 2063 eum

136 2096 171 2131 p.
193 2081 262 2121 534
275 2079 437 2133 Sergius
465 2080 654 2122 surrexit.
712 2086 754 2120 at
781 2095 880 2120 vero
912 2082 1096 2122 Mauhias
1125 2082 1318 2135 Sergium
1354 2080 1640 2135 reprehendit,
1670 2079 1735 2119 di-

275 2150 366 2175 ceus
394 2135 521 2190 “quid
566 2135 844 2176 formidasti?'‘
918 2139 990 2193 qui
1026 2139 1241 2193 respondit
1269 2153 1310 2178 se
1341 2139 1451 2178 iuxta
1482 2151 1644 2177 morem
1674 2136 1737 2175 se·-

275 2191 385 2231 cisse.
414 2206 633 2233 conversus
661 2200 877 2246 praeterea
894 2196 1077 2235 Manliias
1107 2195 1209 2236 dicit
1226 2195 1415 2236 Andreae
1445 2193 1573 2249 “quid
1608 2207 1737 2248 quae·-

275 2248 381 2288 1·is?’'
426 2249 496 2303 qui
537 2250 594 2289 ait
631 2252 706 2289 “ut
745 2249 812 2290 des
853 2252 1046 2292 auxilium
1087 2259 1236 2293 contra
1277 2252 1514 2293 rebellem.''
1590 2257 1632 2291 at
1671 2249 1739 2288 ille

273 2305 449 2344 “ambo’'
480 2305 616 2360 inquit
646 2306 827 2347 “inimici
860 2308 966 2356 estis,
1000 2308 1070 2349 sed
1099 2324 1175 2364 ego
1207 2309 1243 2348 ei
1274 2310 1344 2364 qui
1374 2309 1462 2363 plus
1493 2306 1740 2362 praebuerit

274 2360 424 2402 dabo-'²
481 2361 715 2403 etAndreas
743 2364 794 2404 ad
826 2378 921 2404 eum
948 2369 1027 2406 “ne
1057 2366 1261 2421 ambigas''
1292 2366 1395 2416 infit,
1425 2365 1598 2416 “amira‚
1629 2377 1740 2419 ‘1¹²⁰-

275 2418 383 2457 niam
411 2433 543 2471 pauca
574 2419 647 2459 tibi
680 2420 943 2474 imperatoris
975 2423 1147 2461 meliora
1171 2430 1266 2463 sunt
1299 2437 1425 2477 qnam
1454 2421 1576 2476 plura
1605 2419 1742 2461 rebel-

276 2474 333 2513 lis.
393 2482 688 2526 veruntamen,
735 2477 848 2531 quod
877 2478 1090 2518 amabilius
1129 2480 1205 2519 tibi
1237 2480 1394 2526 suerit,
1437 2481 1548 2533 age.''
1610 2483 1651 2516 et
1683 2476 1741 2516 his

277 2529 393 2569 dictis
424 2532 606 2570 Andreas
636 2533 781 2572 tacuit.
849 2540 890 2573 at
932 2549 1030 2574 vero
1059 2536 1244 2575 Mauhias
1280 2536 1337 2575 ait
1366 2535 1586 2575 “tractabo
1616 2547 1742 2587 super

276 2585 392 2639 l1‹›c,’'
423 2593 463 2626 et
494 2594 716 2643 utrumque
748 2590 860 2629 iussit
888 2590 1011 2631 exire.
1070 2606 1203 2645 porro
1236 2592 1439 2632 advocato
1461 2591 1608 2647 Sergio
1641 2590 1742 2631 dixit

327 2730 357 2774 ⁸¹)
384 2732 549 2774 compati]
570 2732 806 2767 Glossarium:
825 2735 1036 2781 συμπάσχω
1058 2739 1267 2783 compatior.
1286 2739 1386 2779 item,
1404 2737 1621 2784 compatitur
1646 2747 1742 2783 σμμ..

372 2775 519 2831 miryca.
549 2780 769 2834 Fledoardus
795 2782 816 2815 3
834 2782 894 2816 ¹20:
924 2785 1144 2829 compatiens
1171 2786 1468 2821 tribulationibus
1492 2786 1615 2833 ipsius.
1645 2796 1742 2818 coiu-

375 2830 448 2868 pati
475 2831 528 2858 est
551 2829 795 2861 unsel-icordia
822 2832 966 2863 moveri.
1018 2831 1122 2865 Fami.
