1768 3268
568 231 637 272 Ex
669 228 1019 271 THEOPHANE.
1424 227 1447 270 1
1456 223 1519 270 75

54 346 92 388 ei
122 349 205 386 “ne
237 343 409 386 ulterius
439 344 587 385 adores
606 344 836 385 Andream:
866 343 1052 399 alioquin
1084 343 1187 382 nihil
1217 342 1448 398 proficies?
1481 342 1521 381 in

54 402 282 443 cmstinum
309 401 452 456 itaque
481 401 754 455 praeveniens
795 400 961 455 Sergius
993 398 1199 439 Andream
1231 414 1375 439 coram
1404 401 1524 440 Mau-

53 459 121 499 hia
148 457 341 508 sedebat,
380 463 422 497 et
465 458 647 512 ingresso
679 456 844 497 Andrea
886 471 972 496 non
1003 456 1043 496 ei
1081 456 1302 496 assurrexit
1330 463 1378 496 ut
1405 455 1522 496 heri:

54 515 236 556 Andreas
279 528 382 555 vero
426 514 599 554 intuitus
639 513 834 567 Sergium
871 513 984 554 hunc
1021 512 1218 552 conviciis
1257 512 1455 553 laceravit
1485 516 1527 551 et

55 571 330 612 comminatus
357 577 434 621 est,
464 570 601 611 dicens
618 571 677 610 “si
694 571 856 622 vixero,
887 569 1182 610 demonstrabo
1202 568 1279 608 tibi
1301 569 1389 623 quis
1413 569 1526 608 sim.”

55 628 124 670 cui
151 627 319 681 Sergius
351 629 490 667 “uon''
523 627 659 682 inquit
685 631 885 681 “assurgo
913 626 1009 678 tibi,
1041 625 1139 680 quia
1172 639 1255 664 non
1287 640 1328 665 es
1355 626 1421 665 vir
1451 639 1525 664 ne-

57 699 140 739 que
166 683 360 724 femina.’'
416 697 552 738 porro
581 682 769 723 Mauhias
798 690 1026 737 utrumque
1054 694 1315 735 compescens
1337 681 1527 721 Andreae

56 741 162 782 dixit
190 739 387 781 assentire
414 739 515 780 dare
544 738 899 795 quemadmodum
927 738 1094 794 Sergius
1127 737 1214 778 dat.
1292 741 1364 778 “et
1392 752 1527 792 quan..

55 804 145 838 tum
174 797 297 838 est?'’
328 796 389 836 ait
418 795 618 837 Andreas.
675 793 845 836 Maubia
873 809 976 836 vero
1007 794 1236 835 illationem
1263 793 1531 848 publicorum

54 853 264 909 praebere
305 852 527 894 Arabibus.
591 858 654 893 ast
696 851 883 893 Andreas
923 851 1030 893 “veh
1070 852 1182 892 tibi”
1213 850 1293 902 ait,
1323 850 1667 898 “Maulnifflpsss

56 909 277 950 consilium
316 909 470 950 tribuis
509 922 665 964 corpus
698 907 826 949 dandi
866 913 908 949 et
948 908 1080 950 solam
1107 907 1303 949 umbram
1345 907 1531 947 retinen-

56 967 112 1007 di.
170 965 557 1022 quomodocunque
597 965 805 1016 volueris,
862 980 959 1005 cum
997 964 1146 1020 Sergio
1198 964 1406 1004 conveni:
1453 978 1531 1018 ego

58 1023 171 1063 enim
199 1021 282 1063 hoc
322 1022 494 1062 minime
530 1022 653 1062 facio.
726 1027 998 1062 veruntamen
1040 1027 1083 1062 te
1111 1020 1275 1061 dimisso
1310 1019 1361 1060 ad
1393 1018 1531 1068 deum,

56 1079 129 1134 qui
154 1086 199 1119 te
229 1079 449 1133 potentior
478 1085 561 1131 est,
603 1085 652 1119 ut
682 1076 878 1119 Romanis
918 1077 1154 1133 opituletur
1181 1076 1459 1132 confugimus,
1489 1083 1532 1117 et

57 1136 98 1176 in
142 1149 203 1184 eo,
236 1150 351 1190 spem
394 1141 581 1175 nostram
615 1136 866 1190 posuimus.''
897 1144 900 1145 ’
941 1134 1003 1176 his
1026 1134 1163 1176 ,dictis
1203 1133 1396 1175 Manbiae
1438 1133 1532 1173 infit

55 1192 179 1242 salve,
213 1198 258 1232 et
285 1192 410 1232 exivit
437 1206 462 1232 a
495 1192 833 1232 Damascensium
862 1191 1043 1242 civitate,
1074 1198 1117 1232 et
1146 1190 1250 1231 abiit
1278 1190 1530 1241 Melitenem,

57 1263 109 1288 eo
142 1247 260 1304 quod
287 1255 489 1304 tyrannus
529 1254 633 1288 esset
662 1247 703 1287 in
733 1247 922 1303 partibus
952 1248 1054 1299 illis,
1083 1246 1135 1288 ad
1164 1261 1264 1303 quas
1293 1252 1336 1287 et
1363 1247 1529 1302 Sergius

57 1310 150 1345 erat
179 1305 328 1344 iturus.
399 1319 579 1363 cumque
619 1303 782 1346 adiisset
811 1304 1080 1355 Arabessam,
1109 1303 1291 1344 incurrit
1314 1303 1531 1343 clausura-

57 1376 153 1401 rum
178 1360 419 1400 custodem:
461 1376 546 1401 non
578 1361 688 1401 enim
720 1360 940 1401 cohibebat
978 1364 1012 1412 *)
1047 1368 1242 1416 tyranno.
1300 1359 1399 1400 huie
1426 1374 1528 1416 ergo

55 1417 273 1471 praecepit
299 1416 524 1458 observare
560 1418 752 1472 Sergium
781 1417 1053 1469 redeuntem,
1082 1423 1129 1457 ut
1155 1416 1385 1457 adduceret
1412 1416 1529 1457 illum

55 1473 109 1513 ad
140 1488 197 1514 se.
256 1473 343 1527 ipse
370 1487 473 1514 vero
500 1488 587 1513 non
619 1475 839 1515 immemor
866 1474 1085 1529 pergebat,
1117 1473 1308 1529 Sergium
1332 1480 1528 1528 praesto-

58 1531 167 1577 lans;
209 1544 317 1585 quae
358 1544 459 1570 vero
496 1536 607 1584 gesta
641 1536 764 1581 sunt,
794 1530 1002 1570 nuntiavit
1035 1530 1295 1584 imperatori.
1370 1530 1526 1570 interea

57 1586 224 1640 Sergius
255 1600 352 1626 cum
381 1586 568 1637 Mauhia‚
620 1601 726 1642 quae
751 1586 838 1626 visa
864 1587 1033 1627 fuerant
1059 1586 1237 1640 peractis
1269 1588 1340 1639 ⁰¹),
1369 1586 1531 1640 accepit

61 1642 285 1682 Phadalam
312 1650 554 1696 praetorem
586 1644 773 1684 Arabum
809 1657 903 1683 cum
935 1657 1017 1697 ope
1060 1643 1279 1683 barbarica
1307 1650 1530 1684 concerta-

59 1704 201 1739 turum
238 1705 282 1739 et
310 1699 606 1740 auxiliaturum
637 1701 786 1740 Sabor.
845 1714 941 1739 cum
968 1706 1107 1740 autem
1133 1699 1407 1753 praecederet
1434 1700 1534 1740 Ser-

59 1756 149 1810 gius
179 1755 404 1796 Pliadalam
447 1763 490 1796 et
531 1755 581 1796 ad
625 1757 763 1796 Sabor
804 1756 1064 1810 gratulanter
1097 1756 1252 1805 abiret,
1286 1755 1453 1796 devenit
1482 1754 1534 1795 ad

61 1814 269 1852 clausuras
312 1818 355 1860 et
392 1812 539 1853 incidit
581 1814 624 1853 in
646 1813 844 1854 ‘Andreae
888 1813 1056 1864 turbas,
1094 1819 1138 1853 et
1166 1813 1277 1853 bunc
1308 1812 1533 1853 retinentes

61 1869 245 1908 vinctum
273 1868 324 1909 ad
350 1869 556 1909 Andream
585 1869 816 1910 adducunt.
849 1876 892 1910 at
923 1884 1026 1909 vero
1057 1869 1224 1923 Sergius
1255 1869 1340 1910 viso
1370 1868 1535 1909 Andrea

65 1925 191 1965 iactat
222 1932 352 1966 semet
381 1926 434 1965 ad
464 1927 587 1978 pedes
618 1927 718 1976 eius,
750 1927 971 1966 obsecrans
1000 1940 1178 1980 parcere
1205 1925 1295 1966 sibi.
1353 1925 1421 1966 ille
1457 1941 1533 1964 au-

65 1983 161 2020 tern'
178 1981 231 2020 ad
260 1997 354 2021 eum
383 1984 483 2022 “tu’‘
513 1982 654 2038 inquit
685 1986 753 2023 “es
772 1983 956 2037 Sergiu5‚
985 1983 1058 2038 qui
1082 1982 1328 2037 gloriabaris
1359 1982 1401 2022 in
1433 1982 1533 2021 viri-

62 2037 166 2077 libus
195 2051 340 2078 coram
369 2038 562 2090 Mauhia,
604 2054 756 2094 meque
804 2039 1092 2079 mulierculam
1134 2039 1379 2093 appellabas.
1439 2053 1534 2078 ecce

62 2093 215 2133 amodo
245 2098 322 2144 ***)
353 2095 490 2135 virilia
535 2103 606 2136 tua
636 2096 713 2136 tibi
761 2095 862 2135 nibil
890 2096 1161 2149 proderunt,
1195 2095 1296 2150 quin
1322 2095 1462 2149 potius
1492 2102 1533 2136 et

62 2157 203 2191 morte
232 2150 455 2192 afficient.'’
520 2151 582 2192 his
614 2153 732 2193 dictis
768 2152 984 2209 praecepit
1012 2152 1148 2193 virilia
1179 2152 1265 2193 eius
1293 2151 1459 2203 abscidi,
1490 2158 1532 2191 et

113 2318 148 2365 ⁹)
171 2315 385 2362 cohibebat]
409 2318 543 2353 Auctor
558 2319 758 2360 Miscellae„
785 2319 1048 2354 consentiebat.
1076 2319 1265 2355 Facundus
1293 2319 1531 2354 Hermianen-

158 2366 207 2398 sis
232 2365 256 2397 l.
282 2366 326 2398 2:
361 2372 482 2400 sancta
517 2367 582 2400 illa
619 2368 779 2411 synodus
817 2368 956 2402 haeresi
995 2368 1232 2403 Neston-ianae
1270 2366 1445 2402 cohibuit.
1495 2372 1534 2400 et

158 2412 366 2446 cohibentia
406 2413 503 2459 apud
540 2415 694 2449 eundem
733 2417 863 2462 passim
899 2417 1065 2450 occurrit.
1130 2417 1278 2459 Gregor.
1314 2415 1401 2449 Tur.
1427 2414 1463 2447 h.
1487 2412 1526 2447 4:

158 2459 335 2494 habentes
361 2463 640 2496 conniventiam.
691 2476 743 2497 ms
768 2464 1025 2498 cohibentiam.
1077 2464 1229 2497 Glossae
1255 2461 1441 2496 Dosithei:
1470 2473 1533 2495 co·

159 2508 286 2542 nibere
322 2510 538 2543 consentire.
600 2511 809 2545 conibentia
839 2524 1044 2546 consensus.
1102 2512 1313 2545 Hinemarus
1348 2511 1445 2543 Rem.
1486 2508 1532 2543 de

159 2556 398 2591 praedestin.:
426 2559 537 2592 timeo
562 2570 609 2593 ne
632 2559 829 2594 conhibere
856 2561 904 2595 sit
937 2560 1008 2595 hoc
1034 2566 1165 2594 tacere.
1216 2559 1319 2592 Fan.

91 2632 141 2676 ”)
168 2631 336 2680 peractis]
362 2633 442 2678 lege
466 2644 607 2681 pactus.
659 2642 823 2681 στοιχεῖν
847 2643 900 2671 est
927 2638 1072 2682 pacisci.
1101 2635 1182 2669 vide
1207 2634 1384 2668 lectiones
1407 2633 1532 2667 Theo-

161 2681 303 2714 criticas
331 2682 538 2716 casauboni
565 2695 595 2717 c.
624 2683 678 2718 10.
728 2685 834 2718 Fun.

66 2743 134 2791 ⁶⁰)
157 2744 307 2789 amodo]
334 2745 528 2789 Gregorius
554 2747 641 2781 Tur.
665 2748 701 2781 h.
726 2748 809 2783 35:
834 2749 964 2792 plange
991 2747 1133 2786 amodo,
1158 2747 1221 2792 qui
1252 2757 1316 2791 per
1340 2746 1533 2780 consilium

158 2803 315 2836 nequam
346 2794 462 2828 factus
493 2806 530 2828 es
567 2796 741 2841 parricida
775 2798 1012 2831 saevissimus.
1077 2795 1369 2829 Onomastieont*
1402 2794 1532 2828 amodo

162 2837 237 2875 ἀπὸ
267 2841 409 2877 τούτου.
461 2844 575 2877 utitur
598 2844 775 2890 interpres
802 2845 881 2878 Vet.
911 2843 1136 2877 Testamenti
1163 2848 1201 2876 et
1228 2842 1332 2877 Novi.
1382 2842 1485 2876 Fun.

1550 1943 1583 1977 p.
1600 1932 1670 1968 536
