1728 3184
681 160 882 229 noun.
1416 179 1508 230 341

112 325 115 327 >
162 307 232 364 δῦ,
262 306 328 350 19,
383 303 431 347 ἓν
456 305 595 363 τούτῳ
620 306 679 361 τῷ
707 303 865 363 χρόνῳ]
904 305 1092 359 priorem
1120 306 1311 360 sequitur
1338 306 1406 348 hio
1434 321 1516 359 με-

50 361 332 417 ταχρόνισμὶός
366 364 507 418 primo
548 368 718 418 aspectu
762 362 1066 417 despiciendus.
1147 363 1348 404 historiae
1385 364 1515 404 verba

49 425 269 462 mutuatur
291 426 443 461 auctor
469 435 492 460 a
523 419 729 461 chronico
757 418 1054 470 Alexandrino,
1080 419 1121 459 in
1149 433 1235 474 quo
1265 419 1516 461 describitur

48 476 103 517 ad
131 490 287 518 annum
315 476 550 518 Constantii
595 475 802 516 decimum
835 476 1023 518 tertium.
1083 475 1135 516 de
1167 477 1301 515 crucis
1330 476 1444 516 istius
1472 477 1514 516 in

48 533 168 574 coelo
207 533 317 574 visae
359 540 555 587 tempore
593 532 720 572 habes
758 533 975 572 Socratem
1015 537 1056 571 et
1083 533 1361 572 sozomenum
1388 533 1515 573 disse-

48 596 201 641 rentes,
231 589 343 630 hunc
370 589 443 630 lib.
467 585 496 629 4
524 603 618 644 cap.
649 587 676 629 3
707 595 749 629 et
774 587 816 641 4,
847 588 961 628 illum
993 587 1062 629 lib.
1095 588 1122 628 2
1148 602 1240 642 cap.
1268 588 1338 632 24.
1394 589 1514 629 Gallo

46 646 246 686 nimirum
287 646 329 686 in
358 646 576 686 Caesarem
615 644 859 699 designato,
888 650 930 685 et
968 645 1010 683 in
1041 644 1203 700 Syriam
1231 644 1355 683 misso
1383 660 1406 684 a
1438 660 1515 698 pa..

46 703 184 742 truele
212 703 455 743 Constantio
508 715 617 741 anno
662 701 831 756 imperii
864 701 927 741 sui
956 699 1118 741 decimo
1158 707 1339 756 quarto:
1367 701 1515 755 quibus

47 757 283 800 chronicon
303 757 627 799 Alexandrinum
641 757 908 812 suffragatur.
966 757 1076 798 diem
1101 762 1360 812 pentecostes
1390 757 1515 810 ipsius

44 829 217 858 sacrum-
263 815 449 871 designat
492 821 666 868 auctor,
710 814 838 854 Maias
885 828 1013 855 nonas
1070 813 1300 854 chronicon
1347 814 1516 867 praefa-

45 876 160 921 tum,
201 876 244 913 et
279 874 544 913 Graecorum
585 871 901 926 menologium:
945 870 1047 912 illud
1094 870 1213 911 addit
1254 868 1403 910 horam
1433 869 1515 910 diei

45 927 228 969 tertiam.

155 1008 225 1061 63,
251 1010 292 1052 7.
365 1009 680 1065 ἆρειονόφρονα
721 1007 1020 1062 διαβάλλουσι]
1064 1010 1239 1051 dubium
1272 1010 1375 1050 illud
1405 1009 1516 1051 clare

44 1066 217 1108 discutit
246 1067 587 1122 theologicorum
617 1067 861 1122 dogmatum
889 1073 1041 1107 auctor
1069 1067 1262 1107 Petavius
1306 1066 1376 1105 lib.
1409 1068 1427 1106 1
1465 1066 1516 1107 de

42 1124 252 1165 Trinitate
281 1139 372 1178 cap.
405 1123 455 1164 13
505 1125 687 1164 numeris
720 1123 770 1164 10
801 1129 843 1164 et
875 1122 940 1163 11.
1001 1122 1110 1163 idem
1141 1123 1281 1164 obiter
1314 1122 1515 1164 videndus

43 1180 228 1221 ciusdem
253 1180 325 1220 lib.
353 1194 444 1235 cap.
467 1179 518 1220 10
552 1195 728 1220 numero
763 1179 803 1220 ὃ.
862 1180 1001 1220 locum
1030 1179 1099 1221 hic
1124 1180 1175 1220 ab
1204 1185 1380 1220 auctore
1406 1179 1514 1220 cita-

43 1242 133 1277 tum
158 1236 407 1278 catechesim
439 1235 701 1277 undecimam
732 1237 924 1276 affirmat.

158 1318 228 1372 64,
258 1321 295 1360 1.
353 1316 432 1371 λα’,
460 1317 548 1376 λβ’]
586 1336 662 1360 nec
705 1336 800 1360 cum
831 1326 1070 1375 praeeunte,
1103 1334 1180 1360 nec
1208 1335 1304 1359 cum
1333 1320 1514 1360 canonio

42 1383 241 1432 sequente
270 1377 528 1418 conveniunt
556 1376 598 1416 hi
615 1377 828 1417 Athanasii
861 1378 1036 1430 numeri,
1067 1377 1191 1417 iidem
1212 1377 1308 1416 licet
1338 1376 1380 1415 in
1408 1391 1513 1416 cun·

42 1435 118 1474 ctis
148 1433 362 1474 codicibus
392 1434 564 1487 reperti.
624 1448 775 1473 eorum
802 1433 892 1473 vice
920 1448 1083 1486 repono
1106 1429 1139 1472 λ’
1173 1439 1214 1473 et
1243 1429 1306 1472 λα’
1337 1447 1511 1473 consen-

40 1505 107 1531 sus
133 1494 233 1531 bum
248 1490 515 1545 sequentibus
536 1488 755 1530 obtinendi
778 1490 926 1543 gratia.
955 1505 1050 1529 cum
1076 1488 1422 1543 praecedentibus
1453 1486 1512 1536 κς’

43 1546 224 1587 canonio
254 1546 533 1600 praecedente
564 1546 755 1586 notandis
782 1546 979 1586 dissensus
1012 1546 1131 1601 origo
1162 1545 1213 1585 ad
1241 1544 1402 1600 pag.‘23
1433 1559 1514 1584 no..

44 1609 107 1644 tas
132 1603 436 1645 manifestatur.

155 1687 318 1728 1b1·cl.2.
374 1683 631 1733 Ἀθανάσιος
646 1683 719 1726 καί
732 1686 928 1740 Παῦλος]
956 1685 1197 1725 historicam
1229 1685 1369 1739 potius
1388 1700 1512 1740 quam

43 1743 288 1784 chronicam
319 1744 566 1783 relationem
602 1744 668 1783 hic
700 1743 858 1782 institui
880 1757 927 1782 ex
959 1757 1008 1782 eo
1041 1741 1362 1789 coniicieudum,
1397 1741 1512 1796 quod

40 1800 144 1841 haec
172 1801 317 1855 primis
347 1801 576 1840 Constantii
611 1800 724 1838 annis
761 1807 874 1853 gesta
908 1799 1141 1838 luculenter
1170 1803 1350 1851 exponat
1378 1798 1512 1837 Baro-

43 1857 133 1896 nius
162 1857 215 1896 ad
242 1856 397 1897 annum
426 1856 581 1896 Christi
611 1855 714 1909 342,
745 1863 786 1895 et
818 1857 1051 1895 Constantii
1069 1853 1095 1894 6
1126 1871 1238 1896 num.
1262 1850 1314 1893 47
1347 1861 1389 1894 et
1422 1870 1512 1893 ma-

42 1915 149 1953 xime
164 1909 233 1954 48.
290 1913 455 1953 Eusebii
485 1913 624 1952 obitus
654 1927 766 1951 num.
790 1909 844 1951 43
876 1913 1085 1952 asseritur.
1144 1911 1360 1951 historiam
1394 1910 1510 1950 Pauli

40 1976 82 2010 et
95 1969 306 2009 Athanasii
325 1983 491 2009 omnem
520 1969 574 2008 ad
588 1984 742 2009 annum
770 1976 1031 2022 praesentem
1062 1968 1236 2008 relatam
1264 1968 1370 2022 leges
1399 1967 1510 2020 apud

38 2027 259 2066 Socratem
290 2025 362 2065 lib.
391 2026 417 2065 2
447 2040 538 2080 cap.
570 2024 596 2066 9
624 2032 665 2065 et
686 2040 803 2080 seqq.
848 2031 892 2064 et
916 2024 1028 2078 apud
1069 2025 1350 2064 Sozomeuum
1386 2024 1455 2064 lib.
1483 2022 1511 2063 3

39 2097 133 2137 cap.
162 2081 189 2123 6
221 2089 265 2122 et
291 2096 406 2137 seqq.
445 2081 764 2135 chronologiam
798 2082 953 2120 nullam
986 2082 1051 2121 hic
1085 2081 1285 2136 requires·

149 2155 258 2196 Ibid.
279 2155 320 2194 4.
378 2150 506 2194 πάλιν
534 2153 593 2200 εἰς
616 2152 797 2208 Ῥώμην]
830 2170 926 2194 num
953 2155 1109 2193 ltaliam
1136 2153 1259 2193 semel
1286 2160 1328 2193 et
1358 2153 1509 2192 iterum

38 2211 190 2252 Paulus
224 2210 460 2265 repetierit,
491 2210 679 2250 edisserit
710 2212 912 2250 Baronius
946 2211 1040 2250 loco
1075 2211 1220 2252 citato.

150 2295 259 2335 Ibid.
294 2293 334 2334 9.
390 2292 673 2349 στρατηλάτῃ]
705 2294 777 2349 qui
807 2300 1042 2335 memorato
1072 2295 1305 2334 sozomeno
1333 2288 1409 2343 τὴν
1435 2287 1509 2330 ἶπ-

37 2347 165 2402 πικὴν
191 2349 374 2402 δύναμιν
412 2350 768 2402 ἐπιτετραμμένος
796 2347 1052 2404 στρατηγός,
1086 2351 1167 2390 dux
1200 2349 1267 2389 cui
1298 2353 1507 2402 equestres

37 2408 185 2462 copiae
216 2407 468 2457 commissae,
496 2408 685 2462 equestris
709 2408 878 2447 militiae
903 2410 1103 2462 magister,
1134 2404 1368 2460 exponitur.

151 2492 256 2533 Ibid.
292 2490 356 2532 16.
415 2485 689 2530 Maxeddnov
714 2491 817 2539 τὲως
846 2489 923 2530 ov'x
951 2489 1241 2543 ἐνεθρόνησεν]
1272 2502 1319 2527 ex
1350 2487 1507 2525 Socra.

38 2549 89 2589 tis
115 2547 167 2588 de
196 2547 447 2588 Macedonio
478 2547 674 2601 loquendi
709 2548 847 2587 forma
878 2546 982 2602 quid
1014 2546 1169 2600 negotii
1202 2545 1253 2583 sit
1282 2543 1506 2583 ἐπίσκοπον

36 2603 308 2656 ἑνθρονιζειν,
338 2603 569 2657 colligitur.
628 2600 902 2643 Μακεδόνων
924 2603 972 2643 δὲ
992 2602 1215 2649 ἀναδεῖξαι
1244 2600 1320 2651 τῆς
1346 2594 1507 2644 πόλεως

37 2660 261 2701 ἐπίσκοπον
287 2655 523 2712 ὑπερέθετο
554 2659 624 2699 lib.
658 2659 683 2698 ‘2
717 2674 806 2713 cap.
840 2659 902 2699 10.

149 2733 257 2773 Ibid.
277 2732 340 2772 18.
386 2725 559 2784 ’'Aptmv
589 2728 837 2785 ἤμεριαίων]
870 2731 1017 2771 scribit
1048 2731 1240 2771 Socrates
1270 2724 1506 2779 σιτηρέσιον

37 2782 270 2842 ἧμερίσιον,
290 2789 564 2845 quotidianum
592 2790 837 2841 congiarium
860 2789 994 2843 panis.
