1728 3184
221 170 320 216 572
692 172 770 217 An
809 173 1185 218 THEOPHANEM

214 288 444 343 gruehant:
474 303 587 345 qnae&
611 288 806 345 deinceps
838 290 1061 332 Persarum
1090 290 1272 331 ulterior
1298 289 1531 344 impressio,
1561 303 1691 344 gene.

218 359 401 402 rosaque
443 346 719 387 Nisibensium
761 347 946 402 repulsio
993 347 1158 387 auctori
1214 346 1479 388 describitur.
1548 346 1696 387 omissa

216 402 429 457 particula
459 402 543 455 καί,
573 403 615 443 in
646 403 772 444 alium
795 419 956 445 sensum
989 403 1166 444 detorsit
1194 403 1370 458 interpr.

328 472 480 528 59,18.
550 472 746 530 ὄνάγοοις
773 473 872 525 τούς
898 478 1123 524 πλείστους
1156 474 1392 531 ἐλέφαντας
1422 474 1695 527 ἀπέκτειναν]

210 531 416 596 plurimos
446 531 679 586 elephantos
722 534 884 601 onagris
924 533 1168 574 occiderunt.
1231 547 1358 587 genus
1387 531 1601 573 machinae
1627 531 1694 571 di-

217 587 386 629 tuendis
416 589 545 630 muris
577 594 735 643 aptum.
805 585 962 642 ἅρπαξ.
1003 589 1119 630 Snid.
1150 594 1192 630 at
1220 596 1262 631 et
1293 589 1503 640 tutandis,
1534 588 1607 629 ubi
1635 589 1695 629 illi

217 643 504 686 disiectisunt.
563 645 746 701 interpr.
767 647 952 686 immissis
978 648 1153 701 onagris,
1185 646 1301 702 quod
1331 647 1422 702 quis
1449 645 1589 687 facile
1599 645 1692 686 ani-

215 701 338 743 malia
364 701 423 742 sic
452 700 562 743 dieta
593 717 678 743 non
706 703 815 744 bene
845 703 1071 759 acceperit.

333 773 501 826 61,11
559 772 734 829 ἐξώρισε
766 774 916 818 τοῦτον
944 791 1050 818 κατα
1072 772 1145 831 τήν
1173 775 1405 832 Βερροιάν]
1432 775 1502 817 alii
1530 775 1694 830 Boem-

214 845 338 882 wear,
378 838 426 873 ut
465 838 509 874 et
547 832 670 873 Cedr.
702 832 774 874 ubi
807 837 945 874 tamen
977 832 1104 874 foedo
1134 832 1252 888 lapsu
1282 832 1442 873 Liberii
1470 846 1622 873 nomen
1652 831 1695 871 in

215 887 429 930 Athanasii
457 894 664 929 mutatum
695 895 780 939 est3
830 890 945 944 quasi
987 889 1054 929 hic
1083 889 1134 930 de
1165 889 1371 930 Athanasii
1401 889 1524 930 exilio
1555 902 1695 930 sermo

215 945 280 998 sit,
311 945 434 1000 eique
461 945 708 987 substitutus
747 920 801 987 sit
830 946 968 998 Felix,
999 961 1083 988 non
1105 946 1291 988 Liberio.
1319 946 1474 987 mirum
1504 945 1692 1001 plaustra

211 979 453 1043 huiusmodi
483 1002 688 1044 devorare
717 1002 982 1085 interpretes.

323 1075 493 1128 62,18.
561 1074 636 1117 καί
678 1072 978 1130 α’νιεισήιαγον
1018 1074 1258 1146 Κυριλλον]
1294 1074 1387 1117 cod.
1431 1074 1527 1115 vat.
1576 1077 1596 1119 1
1641 1074 1693 1114 ad

211 1135 324 1176 hunc
352 1133 491 1174 locum
518 1132 601 1174 hoc
624 1133 752 1201 affert.
765 1133 892 1174 schol.
925 1131 1141 1185 Κύριλλος
1160 1126 1472 1187 Ἶεοοσολυμων
1501 1129 1693 1200 ἑδιωχθη

210 1187 293 1231 ὑπὸ
327 1190 409 1231 τῶν
432 1187 690 1240 Ἀρειανῶν·
724 1188 813 1229 cir'r
834 1189 976 1230 αὐτοῦ
992 1190 1039 1231 δὲ
1062 1186 1286 1243 γεγόνασιν
1314 1184 1532 1240 Ἀοειανοι
1559 1190 1688 1240 τρεῖς,

210 1247 450 1313 Ἀοσένιος,
483 1243 756 1300 Ἡράκλειος,
791 1244 1004 1316 Ἱλάώριος
1059 1244 1134 1287 καί
1172 1244 1301 1286 πάλιν
1345 1242 1591 1291 avanae-‘hic
1623 1243 1696 1284 ἐπὶ

209 1305 251 1347 Γ
250 1317 463 1358 ρατιανον,
490 1302 723 1358 συνῆλθεν,
764 1299 837 1343 καί
866 1303 912 1344 ἐν
951 1302 1004 1357 τῇ
1034 1299 1202 1359 συνόδω
1250 1302 1336 1343 τῶν
1363 1295 1425 1356 (ιη’
1456 1295 1694 1342 ἐπισκόπων

211 1361 258 1403 ἑν
301 1360 670 1413 KH.Cy1-ill1'cs
718 1360 941 1413 Hierosolj
945 1374 1103 1400 morum
1155 1360 1323 1399 antistes
1355 1357 1496 1413 pulsus
1530 1367 1589 1398 est
1634 1355 1693 1396 ab

208 1419 412 1467 Arianis5
439 1417 522 1457 eius
550 1432 647 1458 vero
673 1419 759 1458 loco
788 1418 942 1458 Ariani
985 1425 1068 1457 tres
1096 1416 1305 1464 Ammites,
1338 1414 1577 1466 Hemclms,
1609 1413 1691 1453 Hl-

208 1476 338 1515 larius
367 1474 534 1514 interim
577 1473 715 1515 sedem
743 1483 979 1524 tenuerun25
1018 1483 1184 1530 tumque
1225 1480 1441 1513 revocatus
1468 1470 1543 1512 sub
1572 1470 1690 1510 Gra-

208 1532 338 1581 tiano,
366 1531 430 1572 ad
453 1530 650 1583 synodum
670 1540 828 1572 centum
857 1540 895 1571 ec
915 1539 1000 1571 occo
1029 1531 1308 1595 episcoporum
1328 1530 1412 1570 ΟΡ.
1442 1527 1687 1568 celebratam

210 1589 415 1628 convenit.
473 1587 558 1628 eius
588 1587 657 1628 illa
683 1587 905 1642 provectio
938 1588 990 1628 ab
1021 1587 1199 1636 Arianis,
1237 1593 1280 1627 et
1308 1583 1546 1648 suppressio
1577 1582 1691 1623 vocis

211 1639 444 1695 ὄμοουσιόυ
489 1644 529 1684 in
576 1645 891 1696 catechesibus,
919 1644 1198 1699 suspicionem
1242 1643 1424 1699 aliquam
1465 1639 1689 1681 Arianismi

211 1701 325 1754 apud
358 1700 575 1741 nonnullos
604 1702 696 1742 viro
727 1701 883 1753 attulit,
918 1716 1043 1757 quem
1073 1701 1182 1743 bene
1199 1699 1474 1755 Theophanes
1503 1710 1683 1752 sequen-

212 1758 321 1798 tibus
351 1757 549 1799 vindicat.

324 1824 875 1884 63,15.Εὖσεβέστατον
917 1829 1190 1882 οἰκονομικῶς
1235 1829 1386 1881 λέγειν]
1435 1828 1582 1868 omissa
1613 1841 1691 1867 vox

213 1884 494 1941 οικονομικῶς,
524 1903 650 1943 quarn
682 1903 824 1930 omnes
864 1893 1180 1942 repraesentant
1212 1885 1337 1926 codd.
1368 1884 1437 1925 hic
1469 1884 1691 1939 aptissima,

210 1943 445 1997 significans
463 1944 641 2000 quadam
663 1944 1022 1994 accomodatione,
1050 1943 1251 1998 prudenti
1279 1943 1454 1984 consilio
1484 1948 1532 1983 ut
1551 1940 1691 1981 virum

214 2000 418 2052 alliceret,
447 2014 533 2041 non
566 2001 819 2053 offenderet,
850 2002 907 2042 sic
935 2001 1173 2056 appellasse.
1247 1999 1307 2040 sic
1337 2013 1509 2054 quoque
1535 2003 1690 2039 sextam

212 2057 461 2112 synodum'
449 2073 491 2098 ιιι
521 2057 813 2099 Constantem
837 2058 1073 2112 religiosam
1102 2055 1310 2097 vindicavi
1340 2057 1393 2096 ab
1424 2053 1691 2110 importunis»,

215 2119 344 2170 atque
372 2113 523 2169 ineptis
540 2114 741 2180 querelis
782 2114 942 2156 Alberti
972 2113 1131 2169 Pighii:
1169 2113 1227 2153 sic
1270 2119 1312 2154 et
1338 2114 1490 2154 Paulus
1519 2113 1690 2153 Festum

212 2170 450 2226 Ριειεείἀειιι
492 2171 822 2227 iniquissimum,
870 2167 1096 2224 κράτιστον
1138 2170 1378 2226 compellat,
1411 2169 1549 2210 virum
1579 2168 1692 2222 opti-

211 2243 353 2270 mum:
384 2227 526 2284 sicque
555 2228 712 2284 ubique
739 2227 972 2270 Christiana
996 2227 1217 2276 modestia,
1250 2226 1390 2282 quoad
1409 2226 1572 2281 patitur
1601 2225 1693 2279 pie-

215 2292 290 2338 tas,
318 2284 431 2327 viros
461 2286 691 2341 praecipue
713 2285 939 2341 principes,
968 2300 1016 2325 ac
1044 2285 1306 2340 magistratus
1334 2282 1621 2338 prosequitur.

330 2354 500 2408 64,11.
557 2373 629 2400 και
656 2358 848 2411 ἐκβαλεῖν
876 2357 1059 2400 Παῦλον
1089 2356 1164 2411 τῆς
1191 2356 1429 2411 ἐκκλησίας]
1460 2357 1519 2396 sic
1546 2369 1689 2395 omnes

215 2413 338 2456 codd.
369 2415 540 2472 ipseque
573 2416 672 2472 legit
700 2416 877 2471 interpr.
913 2430 1136 2471 perperam
1168 2414 1328 2455 editum
1356 2413 1560 2457 ἐκκαλεῖν.

329 2486 398 2540 66,
411 2488 450 2531 7.
509 2485 549 2530 οἱ
579 2488 669 2531 δὲ’
648 2504 693 2530 εν
709 2489 903 2545 Σαρδικῇ
931 2486 1175 2543 ὀρθόδοξοι]
1204 2488 1262 2528 sic
1294 2501 1436 2531 omnes
1467 2484 1588 2527 codd.
1614 2498 1691 2525 nec

215 2543 339 2587 video
369 2553 417 2588 ut
444 2543 672 2602 ὀρθόδοξον
702 2546 936 2601 irrepserit,
967 2561 1015 2586 ac
1043 2546 1093 2587 sit
1122 2545 1348 2586 redditum.

327 2617 394 2670 67,
422 2619 462 2660 5.
531 2616 558 2673 ἦ
599 2616 828 2686 σύγκλητος
873 2615 1147 2660 Νεπωτιανὸν
1190 2615 1430 2666 ἑνδύσασα]
1476 2615 1690 2672 aliquanto

215 2680 324 2727 post,
356 2675 529 2716 ἐνέδυσε
572 2672 804 2717 Θεοδόσιον
836 2669 1107 2728 Αὔγουστον.
1171 2687 1363 2731 purpura
1401 2686 1451 2714 ac
1493 2669 1691 2726 mgalzbus

214 2732 438 2785 insignibus
477 2733 665 2774 indutum
692 2733 989 2789 Nepotianum,
1042 2732 1235 2774 adversus
1264 2729 1544 2784 Magnentium
1569 2728 1692 2767 misit.

218 2795 265 2830 ut
307 2802 407 2831 vere
452 2788 712 2846 imperator,
742 2805 828 2832 non
858 2789 1009 2832 Caesar
1054 2793 1220 2830 tantum
1258 2793 1422 2829 creatus
1450 2784 1611 2837 fuerit,
1644 2789 1690 2824 ut
