1728 3184
655 147 657 150 <
722 125 927 170 NOTAE.
1439 127 1532 176 351

68 246 157 296 bus,
182 242 280 286 licet
297 256 382 288 non
402 250 612 298 potestate
631 245 798 295 Cacsar,
825 252 874 286 ut
894 262 941 287 ex
962 247 1130 289 Zozimo
1149 250 1411 294 commodius
1440 252 1539 294 alibi

68 301 330 357 proferetur,
355 314 404 340 ac
432 299 527 341 ideo
560 301 592 341 is
621 302 749 352 idem,
778 303 851 357 qui
873 306 1075 357 Augustus
1102 306 1179 345 iam
1210 311 1433 361 proposito
1466 311 1539 351 de-

66 359 266 412 signatus.
321 362 371 396 ut
397 358 528 412 igitur
556 364 655 398 ante
682 360 923 398 conclusum
954 360 1233 402 Valentiniani
1266 380 1417 406 annum
1445 368 1540 421 pri..

41 461 50 466 ,
68 429 182 456 mum
194 413 400 455 Gratiano
429 415 605 454 consulis
634 415 760 456 fasces
789 414 948 456 delatos
979 431 1026 456 ex
1049 417 1236 469 Socrate,
1264 427 1306 460 et
1334 436 1381 462 ex
1409 423 1541 463 chro-

70 471 167 512 nico
196 469 475 511 Alexandrino
505 470 605 511 dato
646 471 890 512 nobilissimi
922 474 1090 514 nomine
1120 474 1342 529 imperium
1371 479 1541 532 pollici-

73 533 164 568 tum
189 527 308 568 simul
338 531 381 567 et
411 525 642 568 exhibitum
669 527 947 582 Theophanes
975 530 1171 584 collegit,
1204 532 1262 571 sie
1292 533 1372 572 boc
1400 536 1540 588 primo

68 582 352 624 Valentiniani
382 597 493 623 anno
525 583 744 635 audacius,
775 600 900 639 quam
928 588 1067 627 verius
1095 588 1281 641 scripsit:
1314 588 1542 632 Ουἀλεντι-

66 635 213 687 renunc
241 636 266 679 ὅ
295 632 548 692 Αὔγουστος
576 639 617 680 Γ
614 639 819 691 ρατιανὸν
862 638 934 681 τὸν
970 637 1127 683 ἑαυτοῦ
1166 640 1261 684 υἱὸν
1291 639 1542 697 Αὔγουστον

65 693 360 750 ἀνηγόρευσεν,
387 692 582 736 κοινωνὸν
613 696 685 748 τῆς
710 697 931 749 βασιλείας
962 694 1070 749 ὁμοῦ
1101 699 1172 740 καί
1195 696 1371 741 ὕπατον.

178 761 247 814 85,
282 761 346 803 10.
405 761 478 802 καί
504 760 587 803 ὑπὸ
603 761 811 813 Εὖδοξιόυ
839 766 1147 822 βαπτισθέντα]
1178 767 1397 808 Valentem
1427 767 1538 809 salu„

71 819 122 860 tis
150 818 328 860 fiduciae
353 819 461 860 bene
481 821 789 873 consulturum,
824 822 921 861 dum
952 822 993 862 in
1027 825 1208 864 Gotthos
1238 824 1542 878 expeditionem

70 882 259 930 pararet,
287 875 341 916 ab
367 875 561 916 Eudoxio
593 876 850 931 baptizatum
881 879 1078 919 observat
1100 879 1394 921 Theodoretus
1426 881 1497 921 lib.
1517 882 1545 920 4

70 946 162 987 cap.
187 931 260 973 11.
326 947 444 972 arma
483 933 655 973 veroin
703 934 883 974 Gotthos
926 935 1134 989 Lupicino
1182 942 1226 976 et
1266 937 1411 978 Iovino
1442 952 1543 978 coss,

67 990 244 1031 movisse
289 989 438 1030 scribit
486 990 722 1029 Ammianus
755 991 824 1030 lib.
855 989 907 1031 97
950 992 1144 1033 ineunte:
1188 1007 1320 1048 quare
1363 993 1464 1034 haec
1495 993 1545 1034 de

69 1045 254 1091 Valentis
293 1045 501 1099 baptismo
547 1060 625 1100 per
665 1042 881 1100 πρόληψιν
922 1054 1018 1088 ante
1062 1064 1218 1088 annum
1262 1050 1544 1091 Valentiniani

68 1103 241 1144 tertium
270 1102 324 1142 ab
353 1107 529 1142 auctore
558 1101 628 1142 hic
659 1103 794 1156 posita
825 1105 962 1144 nullus
998 1104 1270 1146 dubitaverit.

180 1174 295 1218 Ibid.
353 1170 395 1215 οἵ
433 1172 481 1215 δὲ
508 1171 734 1227 ὀρθόδοξοι
773 1177 1014 1230 προσῆλθον
1047 1175 1401 1233 Οὖαλεντινιαυῷ]
1431 1193 1545 1220 sece..

75 1231 190 1273 denti
219 1231 273 1271 ad
303 1230 498 1271 occiduas
541 1238 683 1284 partes
716 1232 1009 1274 Valentiniano
1040 1235 1257 1289 episcopos
1288 1234 1545 1276 orthodoxos

73 1288 309 1328 occurrisse
338 1288 535 1328 observat
562 1287 857 1330 Theodoretus
889 1290 958 1331 lib.
988 1289 1015 1331 6
1048 1305 1138 1346 cap.
1168 1290 1210 1340 7,
1240 1305 1287 1331 ex
1323 1306 1409 1346 quo
1442 1292 1547 1332 haec

70 1343 340 1398 Theophanis
377 1345 593 1384 narratio:
633 1351 847 1399 separatos
881 1354 1019 1388 autem
1049 1348 1100 1388 ab
1132 1347 1312 1388 invicem
1342 1355 1439 1388 ante
1478 1362 1547 1387 su-

68 1407 256 1455 sceptum
286 1401 338 1440 ab
368 1407 555 1455 utroque
594 1401 869 1453 consulatum,
900 1418 986 1459 quo
1017 1419 1127 1443 anno
1166 1410 1360 1444 mortuus
1391 1410 1451 1445 est
1475 1405 1547 1443 Io.-

71 1458 238 1508 vianus,
278 1457 445 1512 scriptis
493 1463 673 1498 testatur
717 1460 956 1501 Ammianus
1000 1461 1072 1502 lib.
1103 1458 1158 1501 26
1184 1460 1312 1515 paulo
1337 1467 1437 1515 post
1464 1460 1548 1500 ini-

69 1514 188 1555 tium.

186 1578 255 1627 86,
285 1580 325 1620 2.
395 1574 494 1621 οὔτε
521 1582 725 1636 ποιμένα,
768 1575 864 1622 οὔτε
894 1579 1120 1636 ἐκκλησίαν
1149 1576 1281 1635 εἶχον]
1326 1578 1366 1623 οἷ
1394 1582 1440 1623 δὲ
1468 1583 1549 1623 τοῦ

68 1633 302 1688 ὅμοουσίου
344 1632 615 1692 φρονήματος
644 1638 689 1678 ἐν
714 1638 855 1695 μικρῷ
873 1637 1041 1695 οἰκίσκῳ
1059 1636 1136 1685 τὰς
1155 1636 1403 1691 συναγωγάς
1430 1638 1548 1679 ἐποι-

69 1693 194 1733 οῦντο
222 1689 344 1733 ἔνδον
384 1690 459 1746 τῆς
483 1691 658 1742 πόλεως.
706 1695 825 1749 'fidei
852 1695 1195 1735 consubstantialis
1230 1705 1548 1752 propugnatores

70 1750 114 1789 in
140 1749 332 1790 aedicula
357 1750 536 1805 quadam
557 1752 666 1792 intra
688 1753 891 1792 civitatem
921 1761 1141 1792 conventus
1168 1753 1437 1792 celebrabant.
1470 1752 1549 1792 So-

74 1813 211 1847 crates
239 1805 311 1847 lib.
338 1802 368 1847 4
397 1820 488 1861 cap.
522 1807 563 1848 1.

184 1877 293 1918 Ibid.
322 1877 363 1919 3.
434 1878 644 1935 Λιβὲριος
686 1878 909 1928 ἐπίσκοπος
946 1879 1127 1935 Ῥώμης]
1164 1895 1211 1921 ex
1239 1881 1425 1922 Socratis
1456 1882 1549 1922 loco

72 1940 306 1974 memorato
335 1937 603 1990 transcripta.
663 1938 894 1978 celebrium
925 1945 1066 1978 autem
1086 1938 1279 1978 virorum
1313 1938 1549 1979 huiusmodi

78 1991 206 2030 vitam
233 1991 370 2032 voluit
395 2006 480 2033 esse
508 1998 697 2033 testatam
727 1994 804 2034 sub
826 1994 1108 2035 Valentiniani
1140 2000 1182 2035 et
1200 1994 1385 2036 Valentis
1413 1995 1551 2049 impe-

75 2047 199 2097 rium,
228 2045 334 2087 κατὰ
364 2046 441 2102 δή,
470 2049 554 2099 ait,
586 2047 661 2090 τὸν
691 2048 847 2103 χρόνον
873 2048 949 2091 τόν
981 2051 1041 2102 δε,
1072 2065 1155 2090 non
1183 2052 1366 2105 praefixe
1395 2051 1447 2091 ad
1476 2066 1549 2092 eo-

74 2118 168 2143 rum
198 2119 355 2143 annum
386 2104 628 2156 secundum,
657 2121 742 2162 quo
771 2107 988 2148 Liberium
1031 2107 1168 2147 adbuc
1199 2108 1354 2161 vixisse,
1384 2108 1550 2147 Damasi

73 2174 201 2199 annus
230 2159 413 2202 decimus
460 2169 662 2216 quartus,
693 2178 819 2218 quem
847 2164 916 2204 hic
943 2171 1096 2205 auctor
1128 2171 1334 2216 numerat,
1365 2163 1549 2204 falsitatis

72 2217 247 2257 omnino
276 2218 502 2269 convincit,
530 2220 594 2259 vel
627 2220 879 2274 compendio
910 2226 1173 2262 contractam
1203 2220 1311 2261 hanc
1338 2220 1551 2261 narratio-

73 2287 168 2314 nem
198 2273 410 2325 historiae,
442 2289 527 2315 non
556 2275 924 2331 chronographiae
951 2285 1116 2332 partem
1147 2279 1309 2317 astruit.

185 2341 294 2383 Ibid.
316 2340 382 2382 13.
439 2338 688 2394 Προκόπιος
717 2341 897 2400 α’ντῇρεν
921 2344 966 2385 ἐν
990 2344 1096 2385 ΚΠ.
1123 2343 1229 2397 μηνί
1254 2341 1548 2399 Σεπτεμβρίῳ]

73 2403 120 2437 nt
148 2397 352 2452 Procopii
396 2399 664 2453 tyrannidem
709 2415 819 2440 anno
841 2402 1121 2441 Valentiniani
1165 2401 1294 2440 tertio
1321 2400 1552 2441 ascriberet

69 2453 361 2508 Theophanes,
386 2455 532 2508 potuit
552 2471 691 2495 ansam
711 2456 869 2498 dedisse
883 2457 1197 2511 philostorgius,
1227 2456 1340 2495 cuius
1366 2456 1552 2508 epitome

73 2509 281 2550 Photiana
310 2511 413 2552 baec
445 2510 586 2552 habet.
616 2507 679 2552 ὅτι
707 2513 848 2566 τρίτου
886 2515 961 2568 τῆς
988 2512 1209 2565 βασιλείας
1240 2509 1361 2559 ἔτους
1382 2508 1552 2564 Οὐάλης

70 2562 224 2617 ἐπιβὰς
243 2566 424 2621 Πέρσας
451 2565 727 2618 ἐστράτευσε·
758 2571 857 2610 καθ’
886 2567 936 2611 ὃν
950 2566 1101 2622 καιρὸν
1121 2567 1193 2608 καί
1206 2567 1454 2621 Προκόπιος
1474 2565 1552 2620 τήν

71 2622 302 2674 τυραννίδα
327 2620 436 2664 κατὰ
470 2625 582 2665 ΚΠ.
614 2621 886 2668 ἑσκευᾰσατο.
954 2627 1065 2680 quod
1089 2625 1244 2664 Valens
1272 2625 1391 2664 tertio
1420 2626 1551 2678 impe-

68 2677 133 2727 pii
159 2693 271 2719 αιιιιο
295 2681 605 2734 expeditionem
633 2682 676 2721 in
710 2681 856 2723 Persas·
884 2685 1083 2723 moverit:
1124 2694 1201 2734 quo
1230 2689 1412 2735 tempore
1442 2680 1551 2720 Pro·

72 2736 207 2788 copim
239 2745 279 2775 et
308 2737 569 2789 tyrannidem
613 2737 699 2780 CP.
737 2740 926 2795 arripuit.
996 2736 1294 2779 Valentiniano
1338 2742 1477 2777 tamen
1506 2742 1550 2777 et
