1728 3184
217 182 314 232 548
707 195 764 236 IN
810 193 1183 237 THEOPHANEM

243 360 245 363 Ι
324 303 420 358 096,
454 306 518 347 10.
595 308 666 349 mi
702 306 945 361 ὑπαλλάξας
990 308 1062 350 τὸν
1095 304 1302 362 ἐνδυτῆν,
1335 305 1395 358 ὥς
1424 306 1523 357 ἔθος
1553 306 1684 359 ἐστίν]

213 361 423 403 adeundus
457 364 639 405 Codinus
670 366 721 406 de
755 368 851 420 imp.
882 368 1160 406 coronatione
1192 368 1282 420 c'ap.
1317 365 1365 406 17
1398 381 1510 406 num.
1543 363 1606 406 14.

322 441 430 483 Ibicl.
451 443 515 484 21.
573 444 650 484 τοῦ
678 444 824 497 πάσχα
845 442 896 485 ιδ’
926 444 1202 496 ἰνδικτιῶνος]
1234 452 1498 499 praesentem
1528 460 1686 487 annum

212 497 388 539 indictio
424 501 569 555 quinta
600 515 723 555 supra
763 501 966 542 decimam
998 502 1136 542 afficit.
1169 502 1271 542 baec
1299 508 1438 542 tamen
1467 504 1688 557 superiore

210 556 355 610 peragi
398 558 581 611 potuisse
622 573 705 598 non
752 559 977 609 dubitabit,
1018 560 1090 614 qui
1121 559 1438 599 Constantinum
1466 559 1688 616 Coprony-

209 627 324 652 mum
357 613 522 668 imperii
568 615 760 669 quintum
803 631 852 655 ac
889 616 1145 655 tricesimum
1189 622 1352 656 tantum
1383 615 1610 666 inchoasse,
1646 623 1688 657 et

210 671 393 710 Leonem
434 670 565 711 filium
605 685 654 711 eo
702 686 810 712 anno
855 686 877 711 a
904 673 1162 726 Septembris
1205 672 1272 713 die
1304 672 1353 713 13
1385 678 1426 712 et
1456 672 1688 714 indictione

210 726 368 766 decima
399 735 550 782 quarta
571 733 820 782 potestatem
850 729 1054 782 accepisse
1083 729 1429 770 consideraverit.
1487 729 1520 769 si
1548 735 1687 770 tamen

210 783 413 824 decimam
452 784 641 840 quintam
682 786 969 840 reponendam
1011 785 1266 838 contendas,
1327 801 1413 827 non
1459 800 1535 828 ero
1586 801 1688 828 con-

208 840 377 881 trarius.

320 919 418 969 697,
454 921 490 960 9.
549 918 830 974 α’ντιμινσιόυ]
872 923 1006 962 altare
1043 923 1306 963 Graecorum
1338 923 1490 963 mobile
1520 931 1560 962 ec
1586 936 1689 976 por·-

206 977 332 1018 tacile.
401 976 662 1027 α’ντιμίνσιον
694 983 775 1031 est,
814 979 929 1033 quasi
978 976 1077 1019 ἀντὶ
1101 979 1180 1018 τοῦ
1206 979 1373 1030 μινσοῦ,
1401 980 1512 1019 sacri
1526 979 1691 1031 firculi

208 1034 263 1085 (id
298 1034 407 1074 enim
435 1030 586 1084 μινσός
614 1041 758 1084 sonat,
804 1035 862 1075 ait
892 1035 1079 1075 Balsamo
1111 1041 1153 1075 et
1184 1038 1357 1076 Ioannes
1389 1036 1495 1075 Citri
1526 1035 1690 1090 episco-

206 1106 282 1145 pus
315 1091 354 1130 in
386 1089 667 1144 euchologicis
712 1091 880 1142 relatus)
916 1092 1130 1131 vicarium.
1197 1093 1445 1132 Latinorum
1473 1092 1691 1146 corporali

207 1148 334 1188 linteo
363 1147 496 1187 simile
528 1161 663 1188 sacras
695 1149 889 1204 reliquias
918 1150 1028 1203 gerit
1065 1148 1253 1199 inclusas,
1285 1155 1327 1189 et
1355 1149 1561 1189 sacrificio
1591 1148 1691 1188 mis-

205 1219 273 1245 sae
301 1202 581 1256 celebrando,
611 1206 822 1261 sacrisque
865 1206 1062 1260 precibus
1092 1205 1269 1246 ubilibet
1297 1204 1585 1261 concipiendis
1613 1205 1691 1246 ad-

209 1268 421 1302 movetur.

319 1327 414 1380 698,
445 1327 488 1369 3.
565 1325 757 1383 Τέλερος]
811 1329 884 1384 qni
925 1343 1052 1384 supra
1091 1329 1318 1385 Τζέριγος,
1368 1331 1442 1387 qui
1475 1329 1688 1370 Anastasio

209 1386 250 1426 T
244 1387 450 1427 elericlzus.

316 1457 411 1511 699,
441 1454 479 1499 4.
541 1459 798 1513 ΙΠαιουμᾶν]
829 1459 927 1499 Maii
957 1458 1230 1500 kalendarum
1258 1460 1476 1500 celebritas
1508 1459 1590 1500 diei
1625 1460 1692 1499 fe-

204 1517 390 1557 stivitate
411 1515 521 1556 civili
554 1516 726 1556 hilarius
752 1516 1004 1556 celebrando
1026 1517 1267 1569 Matovpuig
1302 1518 1481 1558 nominis
1510 1530 1689 1558 consor..

206 1573 314 1613 tium
345 1572 589 1627 impertivit.
662 1573 777 1628 quod
816 1575 1094 1628 antiquorum
1134 1575 1343 1615 Maiumae
1387 1576 1550 1629 festum,
1583 1587 1692 1628 quae

205 1631 343 1684 prima
371 1630 455 1670 eius
486 1629 692 1670 institutio
711 1660 723 1682 ‚
755 1645 882 1685 quam
926 1629 1174 1671 Christianis
1217 1633 1511 1683 execrandum,
1541 1635 1589 1669 ut
1618 1630 1694 1669 de-

208 1687 304 1727 inde
334 1686 568 1742 castigatius
597 1688 843 1740 permissum
874 1687 1055 1727 diatriba
1086 1702 1196 1741 pene
1223 1689 1387 1744 integra
1407 1687 1612 1729 Mem-sius
1650 1687 1692 1726 in

210 1744 355 1794 lexico,
386 1749 428 1783 et
458 1743 644 1783 Lacerda
675 1744 716 1783 in
749 1743 995 1783 adversariis
1029 1744 1277 1785 edisserunt.

324 1815 422 1863 700,
458 1814 521 1855 16.
590 1813 665 1855 καί
692 1814 825 1856 αὗταί
868 1813 1149 1868 νουβίτισσαι]
1195 1832 1244 1857 an
1276 1817 1533 1867 Nubitenses,
1562 1822 1695 1871 prout

208 1873 338 1912 vertit
383 1873 611 1911 Anastasius
634 1903 644 1922 ,
678 1872 775 1927 quia
814 1872 953 1912 forsan
984 1873 1171 1913 nubiles?
1228 1873 1294 1913 vel
1325 1874 1424 1928 quia
1456 1873 1692 1922 Nubienoes,

210 1930 346 1970 Nnbia
371 1928 565 1968 videlicet
594 1929 645 1968 ad
679 1930 822 1969 Nilum
853 1928 974 1968 vico?
1003 1928 1069 1968 vel
1104 1930 1286 1984 deniqne
1316 1930 1573 1984 prophetico
1606 1929 1694 1984 spi-

212 1986 298 2025 ritu
329 1985 477 2035 clarae,
509 1983 602 2024 'cuin
638 1999 715 2024 vox
746 1985 850 2025 Nabi
881 1985 995 2040 Syris
1025 1990 1067 2024 et
1096 1987 1302 2026 Arabibus
1331 1986 1588 2041 prophetam
1621 1986 1693 2026 de-

212 2042 378 2096 signet?
434 2042 596 2080 arridet
629 2042 833 2095 expositio
864 2048 1106 2095 postrema:
1138 2043 1304 2097 puellae
1333 2043 1538 2099 siquidem
1568 2044 1696 2084 Eme-

212 2114 297 2138 snm
326 2098 471 2154 Syriae
504 2097 763 2138 incolebant.

327 2170 423 2223 701,
452 2170 491 2211 3.
550 2172 600 2226 τῇ
629 2169 675 2210 δὲ
706 2170 803 2227 ἕκτῃ
844 2171 919 2211 τοῦ
953 2170 1254 2224 Φεβρουαριόυ
1285 2168 1444 2224 μηνός,
1471 2171 1545 2224 τῆς
1570 2167 1602 2224 γ’
1634 2169 1697 2211 ἶν-

214 2227 446 2282 ὀικτιῶνος]
479 2241 588 2267 anno
613 2228 875 2268 Constantini
917 2229 1178 2283 Copronymi
1210 2229 1393 2268 secundo
1427 2242 1553 2282 supra
1582 2227 1699 2267 vice-

215 2286 363 2324 simum
394 2299 550 2325 novum
590 2284 870 2325 indictionum
913 2284 1119 2325 circulum
1149 2284 1453 2339 Theophanem
1485 2284 1699 2324 inchoasse

216 2344 266 2381 ab
300 2356 350 2382 eo
378 2341 533 2396 scripta
571 2340 873 2384 demonstrant.
946 2348 1147 2396 quartum
1192 2341 1343 2382 deinde
1391 2342 1540 2396 quinto
1569 2355 1698 2394 supra

214 2398 455 2438 vicesimum
485 2397 684 2437 ascribit:
723 2412 821 2440 mox
850 2403 1003 2439 sextam
1036 2399 1230 2438 vicesimo
1266 2398 1473 2452 septimo:
1504 2403 1699 2437 octavam

215 2455 411 2496 vicesimo
430 2469 563 2495 nono:
586 2454 799 2496 tricesimo
823 2469 996 2494 nonam:
1023 2462 1111 2494 tum
1136 2470 1239 2495 vero
1261 2454 1551 2495 duodecimam
1569 2454 1699 2495 tertio

217 2518 259 2552 et
287 2511 523 2552 tricesimo:
559 2510 708 2566 quinto
748 2512 1021 2565 postmodum
1054 2517 1095 2552 et
1125 2512 1351 2561 tricesimo,
1382 2511 1455 2566 qui
1484 2511 1569 2551 eius
1599 2510 1699 2564 imp.

218 2574 465 2621 postremus,
497 2567 668 2608 tertiam
695 2567 914 2618 decimam,
947 2574 987 2608 et
1017 2569 1235 2608 confestim
1267 2568 1470 2608 decimam
1500 2573 1698 2622 quartam

224 2625 449 2666 consociat.
506 2624 557 2664 ad
587 2624 739 2666 Leonis
771 2624 1032 2679 Copronymi
1082 2625 1155 2665 filii
1188 2639 1341 2664 annum
1368 2624 1555 2678 primum
1590 2622 1700 2663 indi-

224 2681 408 2720 ctionem
440 2681 643 2721 decimam
682 2688 881 2738 quartam
922 2688 1147 2722 memorat:
1195 2680 1247 2720 ad
1287 2686 1548 2735 praesentem
1587 2679 1701 2719 hunc

223 2738 417 2792 quintum
457 2738 605 2777 circuli
649 2737 856 2793 sequentis
905 2739 1074 2778 tertiam
1119 2743 1320 2778 annotat:
1369 2743 1411 2776 et
1460 2751 1571 2776 anno
1604 2749 1702 2776 mox

222 2800 455 2850 sequuturo
486 2799 683 2850 quartam
700 2795 897 2836 adnectit.
956 2793 1008 2834 ad
1036 2809 1190 2835 annum
1221 2793 1483 2850 Copronymi
1513 2793 1703 2848 primum
