1768 3268
276 223 372 269 208
483 195 774 273 ἈΝΑεΤΑεη
815 222 1074 265 HlSTOmA
1116 218 1523 264 ECCLESlASTJCA

276 339 456 395 igniferis
497 339 744 379 constructis
789 338 829 377 in
875 337 1095 377 dromones
1137 340 1262 389 atque
1306 332 1440 373 dieres
1468 332 1542 374 hos
1573 332 1729 374 immit-

276 403 361 436 tcns
394 402 542 435 contra
574 395 672 435 duas
700 395 838 434 classes
870 393 1028 436 direxit.
1087 391 1164 431 deo
1202 396 1338 430 autem
1368 396 1624 443 cooperante
1653 394 1732 444 per

274 452 606 492 intercessionem
653 451 923 491 intemeratae
969 449 1036 489 dei
1084 445 1293 502 genitricis
1335 446 1526 499 protinus
1557 447 1732 486 demersi

273 515 367 548 sunt
396 507 573 558 inimici,
618 514 659 547 et
695 507 906 560 assumptis
948 503 1087 559 spoliis
1118 508 1159 541 et
1196 501 1376 555 expensis
1419 516 1574 553 eorum
1599 504 1730 543 nostri

274 579 368 604 cum
397 564 548 618 gaudio
578 569 619 603 et
652 561 867 616 triumpho
896 560 1051 602 reversi
1077 564 1186 598 sunt.
1246 557 1381 598 adhuc
1402 565 1539 599 autem
1559 559 1730 598 Marda-

273 636 342 659 san
373 620 525 660 iterum
554 635 575 659 a
604 620 737 672 portis
768 614 861 657 cum
891 617 1073 657 exercitu
1103 614 1288 654 Arabum
1318 629 1447 669 usque
1476 614 1526 654 ad
1538 616 1731 655 Nicaeam

273 682 317 716 et
348 671 629 717 Nicomediam
659 675 938 723 discurrente,
967 671 1175 726 principes
1210 670 1342 724 regni,
1374 672 1445 726 qui
1477 671 1518 710 in
1550 672 1655 712 Libo
1690 677 1732 711 et

273 732 472 786 Sophone
502 746 621 772 more
649 731 949 770 Mardaitarum
979 726 1208 767 absconditi
1238 732 1370 777 erant,
1396 727 1516 767 simul
1547 734 1589 768 et
1607 728 1731 781 pedi..

274 795 346 839 tes,
377 789 417 827 in
451 789 522 828 hos
550 787 668 827 simul
698 787 901 826 irruentes
923 791 964 825 et
983 783 1150 824 diversis
1182 782 1338 822 damnis
1368 783 1585 824 afficientes
1620 784 1731 823 illinc

147 846 418 899 p.6111·ugere
449 843 755 897 compulerunt,
782 848 822 882 et
852 841 902 881 de
931 847 1071 880 cetero
1102 838 1268 879 modico
1293 839 1476 880 meabilis
1505 839 1600 880 freti
1618 840 1733 880 aditu

276 901 443 940 invento
472 901 523 939 ab
564 899 667 938 urhe
711 897 920 938 chelandia
947 896 1136 937 exeuntia
1164 895 1362 950 plurimas
1392 910 1584 950 expensas
1621 898 1731 937 scre-

274 958 387 997 bant.
443 955 630 995 similiter
658 960 795 994 autem
825 960 866 994 et
896 952 1145 1007 piscatoriae
1177 952 1402 1004 naviculae,
1430 959 1514 992 tam
1541 953 1582 991 in
1615 954 1730 993 insu-

274 1014 320 1052 lis
350 1028 472 1067 quam
506 1013 545 1051 in
570 1011 666 1051 locis
697 1011 855 1051 circum
877 1023 1017 1050 muros
1035 1008 1211 1049 civitatis
1237 1009 1394 1063 positis,
1423 1023 1572 1063 capere
1600 1010 1730 1063 pisces

274 1084 356 1108 non
389 1068 736 1122 prohibebantur.
795 1073 1015 1120 praeterea
1046 1067 1153 1105 fame
1184 1081 1330 1119 magna
1361 1066 1565 1106 Arahibus
1594 1066 1730 1106 innixa

275 1125 411 1164 omnia
435 1124 744 1172 moriebantur,
777 1130 819 1162 et
860 1122 1050 1162 animalia
1083 1137 1155 1161 sua
1189 1122 1478 1173 comedebant,
1510 1137 1638 1176 equos
1667 1123 1729 1162 vi-

274 1181 422 1221 delicet
450 1180 580 1219 asinos
607 1187 648 1220 et
677 1180 865 1219 camelos.
923 1179 1039 1218 aiunt
1070 1184 1207 1217 autem
1237 1177 1404 1232 quidam
1434 1179 1545 1232 quod
1580 1184 1622 1219 et
1651 1179 1730 1218 lio-

273 1238 400 1276 mines
429 1243 643 1282 mortuos,
683 1235 781 1290 quin
823 1241 864 1275 et
901 1241 1058 1275 stercus
1099 1249 1217 1274 suum
1248 1235 1288 1274 in
1327 1235 1535 1274 clibanum
1566 1235 1731 1275 missum

273 1301 399 1347 atque
428 1306 693 1346 conspersum
725 1293 913 1332 ederent.
974 1291 1166 1331 incubuit
1182 1297 1320 1331 autem
1351 1292 1392 1331 in
1426 1290 1501 1330 hos
1530 1298 1571 1332 et
1601 1293 1731 1346 pesti-

275 1350 357 1389 lens
383 1349 570 1402 languor,
601 1354 642 1387 ct
673 1346 991 1388 innumerabiles
1017 1363 1064 1388 ex
1093 1348 1148 1388 eis
1177 1348 1408 1402 perierunt.
1464 1361 1600 1401 porro
1634 1362 1732 1387 coa-

276 1405 459 1445 cervavit
491 1405 529 1443 in
562 1418 629 1444 eos
648 1405 800 1444 bellum
829 1405 951 1445 etiam
973 1404 1205 1458 Vulgarum
1233 1419 1343 1458 gens,
1365 1411 1405 1444 et
1432 1411 1480 1443 ut
1507 1405 1624 1444 aiunt
1657 1404 1731 1457 qui

274 1462 354 1501 hoc
383 1461 534 1501 certius
569 1466 747 1512 norunt,
788 1461 934 1515 viginti
975 1459 1058 1501 duo
1103 1461 1213 1500 milia
1244 1475 1291 1501 ex
1322 1460 1530 1501 Arabibus
1560 1460 1732 1501 occide..

274 1525 385 1568 rant,
415 1524 456 1557 et
495 1518 623 1557 multa
662 1525 854 1571 tempore
901 1517 972 1557 illo
1016 1517 1070 1557 cis
1098 1517 1343 1557 acciderunt
1384 1518 1567 1568 atrocia,
1597 1519 1652 1557 ita
1686 1523 1732 1556 ut

272 1573 553 1628 experimento
582 1573 787 1614 discerent
817 1573 913 1628 quia
947 1574 1043 1614 deus
1076 1580 1118 1613 et
1150 1573 1398 1613 sanctissima
1431 1575 1548 1627 virgo
1580 1574 1733 1628 deique

270 1637 403 1670 mater
434 1629 539 1670 hanc
570 1629 762 1670 muniunt
791 1631 937 1670 urbem
967 1637 1009 1671 et
1048 1629 1383 1671 Christianorum
1412 1630 1728 1684 imperatorem,

272 1692 314 1727 et
345 1700 427 1726 non
461 1693 520 1726 est
565 1686 801 1726 omnimoda
833 1686 1011 1726 dimissio
1041 1686 1107 1727 dei
1149 1687 1190 1726 in
1218 1686 1280 1727 his
1312 1687 1384 1741 qui
1413 1686 1607 1727 invocant
1636 1701 1731 1727 eum

272 1742 312 1782 in
344 1742 531 1792 veritate,
562 1743 657 1784 licet
688 1742 739 1783 ad
769 1742 978 1784 modicum
1010 1742 1112 1798 quid
1142 1743 1388 1798 castigemur
1419 1749 1601 1798 propter
1629 1757 1731 1798 pec-

272 1804 362 1839 cata
391 1804 548 1839 nostra.

382 1865 528 1905 Mundi
558 1879 665 1905 anno
687 1865 810 1917 6210,
842 1866 1004 1909 divinae
1030 1867 1327 1908 incarnationis
1358 1880 1468 1907 anno
1497 1866 1593 1918 710,
1619 1881 1730 1907 anno

273 1936 374 1962 vero
402 1922 565 1975 imperii
611 1923 758 1963 Leonis
785 1924 991 1976 secundo,
1022 1924 1102 1964 dux
1136 1924 1317 1964 Arabum
1344 1923 1526 1965 habetur
1556 1923 1728 1972 Humar,

274 1979 345 2032 qui
375 1978 429 2018 cis
461 1978 620 2018 duobus
650 1980 832 2033 praefuit
866 1981 990 2021 annis.
1051 1979 1196 2021 eodem
1228 1994 1399 2035 quoque
1426 1995 1533 2020 anno
1564 1979 1731 2034 Sergius

143 2052 176 2086 p.
193 2040 260 2075 612
276 2034 635 2088 protospatharius
671 2042 712 2076 et
759 2042 933 2090 praetor
963 2038 1151 2087 Siciliae,
1197 2037 1341 2076 audito
1386 2035 1501 2091 quod
1537 2036 1732 2076 Saraceni

273 2091 511 2131 obsiderent
540 2091 694 2145 regiam
722 2094 892 2144 urbem,
934 2094 1156 2134 coronavit
1186 2093 1270 2134 illic
1297 2094 1519 2147 proprium
1550 2094 1734 2146 impera-

271 2152 408 2187 torem
437 2146 572 2187 virum
586 2149 1103 2203 Constantinopolitanum,
1130 2165 1178 2190 ex
1210 2145 1446 2191 hominihus
1475 2149 1573 2201 suis,
1604 2149 1734 2188 lilium

273 2202 469 2258 Gregorii
503 2203 777 2258 Onomaguli,
823 2207 1040 2247 Tiberium
1084 2213 1246 2248 mutato
1290 2206 1458 2247 nomine
1486 2206 1733 2254 vocitatum,

275 2259 347 2313 qui
389 2259 490 2300 fecit
529 2261 816 2313 promotiones
861 2270 902 2302 et
948 2278 1040 2303 suos
1081 2263 1292 2319 principes
1319 2262 1526 2318 praedicti
1557 2261 1732 2303 consilio

271 2315 416 2369 Sergii.
493 2321 552 2354 ast
591 2316 820 2369 imperator
861 2319 920 2358 his
966 2319 1113 2361 auditis
1150 2321 1260 2360 misit
1287 2320 1462 2360 Paulum
1509 2318 1735 2372 proprium

270 2385 389 2411 suum
420 2371 736 2424 chartularium,
764 2373 873 2413 hunc
901 2376 1126 2428 patricium
1157 2375 1398 2417 ordinatum
1427 2381 1469 2415 ct
1490 2380 1735 2429 praetorem

272 2427 447 2478 Siciliae,
479 2428 582 2468 datis
629 2428 671 2467 in
701 2431 895 2469 auxilium
938 2432 974 2471 ei
1008 2433 1226 2486 spathariis
1269 2433 1431 2473 duobus
1461 2427 1507 2471 et*
1533 2433 1574 2471 in
1604 2430 1734 2470 servi·

270 2484 374 2523 tium
406 2485 491 2525 eius
521 2485 737 2539 perpaucis
783 2485 1042 2540 hominihus,
1074 2490 1406 2544 iussionibusque
1445 2488 1495 2528 ad
1525 2487 1735 2541 principes

272 2540 536 2591 Occidentis,
574 2547 616 2581 et
654 2555 768 2581 sacra
808 2544 966 2596 populo
999 2546 1223 2585 recitanda.
1284 2546 1476 2600 quicum
1508 2549 1638 2583 noctu
1667 2543 1734 2582 in-

270 2596 395 2648 gressi
424 2596 593 2637 fuissent
620 2596 660 2635 in
689 2597 936 2639 dromonem
964 2601 1162 2651 velocem,
1191 2603 1380 2642 exierunt
1411 2601 1451 2640 in
1482 2606 1621 2655 partes
1649 2599 1731 2653 Cy-

269 2652 362 2691 zici.
422 2668 445 2692 a
479 2654 572 2693 loco
604 2660 741 2693 autem
771 2653 821 2693 ad
866 2656 1002 2695 locum
1040 2672 1118 2710 per
1151 2665 1307 2698 terram
1337 2671 1497 2712 perque
1526 2670 1641 2695 mare
1667 2654 1735 2694 iti-

272 2721 371 2747 nere
400 2708 509 2748 facto
543 2715 715 2762 repente
748 2709 788 2748 in
822 2711 1002 2751 Siciliam
1040 2721 1337 2766 pervenerunt.
1397 2727 1578 2768 cumque
1605 2712 1735 2765 Syra..

270 2778 407 2803 cusam
439 2765 704 2817 introissent,
745 2766 903 2809 audivit
945 2769 1108 2822 Sergius
1149 2778 1190 2810 et
1221 2771 1451 2823 obstupuit,
1484 2775 1525 2809 et
1554 2765 1733 2820 proprio

271 2833 429 2861 excessu
462 2835 666 2876 perpenso
701 2823 888 2877 confugit
933 2824 983 2865 ad
1015 2831 1277 2882 propinquos
1314 2825 1528 2867 Calabriae
1564 2824 1733 2875 Longo-
