1794 3250
239 173 338 222 296
727 180 786 223 1N
824 178 1199 221 THEOPHANEM
1212 222 1215 225 ,

237 310 301 342 tus
346 303 552 355 interpres
591 301 641 341 Si
640 299 782 355 griani
817 301 1061 342 monasterii
1101 300 1186 339 sive
1230 298 1412 352 Agriani
1457 299 1703 340 conditorem

237 358 389 400 reddit.
449 357 738 399 difficultatem
771 358 927 398 tollunt
970 355 1195 424 menologii
1238 355 1367 395 verba
1396 353 1448 395 ad
1478 355 1563 396 eius
1594 355 1705 396 vitae

238 415 530 482 compendium
543 414 797 483 praemissa.
827 410 970 466 μνήμη
999 412 1078 453 τοῦ
1106 408 1226 452 ὁσίου
1257 406 1420 462 πατρὸς
1446 407 1568 464 ἡμῶν
1599 409 1704 451 Oeo-

236 469 400 539 §vdvoys'
431 471 508 512 τοῦ
534 469 791 540 &peplum-coz?
829 471 905 510 τοῦ
935 470 1009 523 τῆς
1040 468 1289 522 Σιγοιανῆς,
1322 465 1598 521 (ἡγουμένου)
1629 467 1706 507 τοῦ

236 529 282 567 ὲν
310 527 368 582 τῶ
396 523 563 585 μεγάλῳ
588 526 727 583 Ἀγρῴ
754 524 960 576 κειμένου.
1018 526 1153 565 sancti
1177 524 1317 579 patris
1342 525 1466 563 nostri
1486 524 1706 578 Theopha-

236 586 299 623 nis
327 586 581 651 confessoris,
602 583 845 624 monasterii
858 582 1067 648 Sigrlanes
1090 581 1328 645 praepositi,
1358 580 1403 619 in
1420 593 1571 632 magno
1588 579 1703 634 Agro

235 642 425 691 iacentis,
451 642 532 681 sive
573 640 810 695 quiescentis
843 639 1056 679 memoria.
1126 637 1222 677 hinc
1263 637 1303 676 in
1334 635 1706 704 pseudophotianis

237 697 432 737 analectis
462 711 587 750 penes
620 695 828 746 Allatium‚
857 690 914 742 ω’ς
945 709 1047 748 φησι
1080 689 1302 748 Θεοφάνης
1329 690 1350 732 ὅ
1384 688 1704 746 ὃμοὶογητὴς,ο

233 751 596 806 Μεγαλαγοιτής·
654 762 699 792 ut
731 752 992 806 Theophanes
1021 752 1226 803 consessor
1242 749 1543 804 lllegalagrztes‚
1574 744 1706 802 μεγά·

235 809 312 848 λου
339 807 495 862 Ἀγροῦ
524 808 812 863 praepositum
834 807 1028 861 intellige,
1057 815 1232 846 testatur.
1294 805 1438 846 loanni
1473 805 1500 844 ii
1532 819 1704 860 quoque

230 865 343 906 vitae
375 865 560 919 scriptor
586 864 698 919 apud
727 864 897 905 Surium
928 863 1172 903 Novembris
1212 861 1279 903 dic
1312 867 1479 917 qua1to.
1536 863 1707 916 naviga-

232 922 298 962 vit
325 920 568 962 adoraturus
602 922 731 961 sancti
763 921 1020 984 Theophanis
1057 919 1350 959 tabernaculum
1364 949 1376 970 ,
1415 916 1531 974 quod
1568 927 1626 957 est
1662 920 1707 957 in

233 978 452 1032 Sigriana.
520 975 668 1031 Ἀγρὸς
697 991 824 1032 ergo,
866 977 950 1016 sive
990 975 1122 1027 μέγας
1149 972 1296 1026 Ἀγρὸς
1325 975 1533 1029 Sigrianes
1573 973 1709 1014 extitit

234 1034 350 1074 locus
382 1033 625 1088 designatus,
655 1048 740 1088 quo
761 1031 1060 1073 monasterium
1091 1031 1293 1082 condidit,
1323 1038 1365 1072 et
1393 1031 1445 1071 ad
1472 1029 1586 1085 quod
1611 1037 1708 1084 post

236 1091 321 1131 eius
350 1098 530 1130 mortem
558 1105 709 1144 corpus
748 1090 832 1130 eius
863 1089 1068 1130 relatum:
1112 1087 1191 1127 alia
1219 1094 1357 1127 tamen
1385 1087 1636 1127 monasteria
1666 1087 1706 1125 in

237 1146 379 1187 eadem
409 1147 615 1201 Sigrianes
646 1146 818 1210 regione
855 1161 877 1184 a
910 1143 1119 1198 Gregorio
1150 1142 1416 1198 Theophanis
1446 1144 1596 1184 abbate
1629 1157 1707 1198 gu..

234 1203 424 1254 hernata,
456 1217 502 1242 ex
531 1204 617 1243 eius
648 1202 758 1242 vitae
785 1201 891 1242 serie
911 1199 1161 1241 observabis,
1194 1200 1381 1241 advertes
1404 1200 1710 1241 iterumTheo-

232 1259 414 1314 phanem
443 1256 675 1312 ἡγούμενον
702 1258 782 1298 τοῦ
807 1256 959 1310 Ἀγροῦ
991 1258 1101 1322 ‘Agri
1129 1257 1284 1308 ducem,
1316 1263 1358 1297 et
1378 1257 1526 1298 Vossio
1557 1262 1600 1297 et
1631 1257 1708 1296 Ce-

236 1316 357 1356 dreni
377 1316 625 1370 interprete,
644 1322 840 1355 vocatum
871 1314 1146 1368 ineptissime:
1176 1314 1249 1353 nisi
1270 1314 1411 1353 forsan
1430 1313 1707 1354 Alexandrum

233 1373 431 1413 exercitus
459 1373 645 1413 abbatem
674 1371 889 1412 voluerint
903 1370 1067 1426 pariter
1097 1370 1435 1424 nuncupandum.
1495 1369 1554 1410 sic
1571 1370 1706 1410 fabri-

232 1428 287 1469 lia
316 1434 478 1469 sutores
508 1434 708 1469 tractant.

346 1494 386 1548 3,
412 1479 452 1535 4.
517 1494 829 1550 χρονογραφιά]
870 1494 1072 1535 historica
1105 1493 1297 1534 narratio
1336 1493 1451 1534 cuius
1483 1507 1702 1548 personae,

229 1558 427 1607 gestaque
458 1551 618 1606 singula
646 1553 900 1606 percensita,
933 1550 986 1591 ad
1015 1556 1177 1616 tempus
1207 1551 1462 1618 proprium,
1493 1556 1535 1590 et
1563 1565 1704 1601 annos,

231 1609 339 1649 adde
376 1609 627 1663 plerumque
653 1623 812 1648 menses
841 1613 884 1649 et
914 1607 1016 1659 dies,
1048 1604 1153 1647 κατὰ
1194 1606 1347 1655 πλάτος
1379 1614 1636 1648 revocantur
1664 1614 1707 1648 et

231 1672 513 1719 1cponuntur.
576 1664 684 1704 hanc
729 1679 825 1704 cum
852 1663 976 1718 vulgo
1009 1663 1119 1703 dicta
1157 1663 1338 1703 miscella
1366 1664 1571 1703 Baronius
1601 1678 1707 1704 con-

229 1720 369 1762 fundit
395 1720 447 1762 ad
476 1735 629 1760 annum
669 1721 714 1760 C.
745 1719 828 1761 719
868 1736 984 1760 num.
1019 1718 1070 1760 ΩΟ
1113 1720 1172 1760 his
1214 1720 1374 1761 verbis:
1406 1730 1549 1760 auctor
1581 1721 1710 1760 leeo-

226 1780 409 1833 phaneS,
437 1778 508 1834 qui
553 1778 712 1817 Graece
754 1778 893 1817 scriba
920 1777 1134 1817 historzam
1171 1777 1313 1827 zllam,
1342 1791 1452 1832 quae
1480 1777 1712 1817 i'nserzbitur

233 1834 446 1883 miscella,
480 1842 519 1873 et
553 1834 624 1872 sub
653 1833 767 1873 titulo
797 1834 926 1874 Pauli
949 1832 1119 1874 dzaconi
1159 1846 1300 1873 errore
1329 1834 1633 1886 circunfircur:
1665 1839 1711 1873 et

235 1890 289 1930 ad
319 1904 473 1930 annum
492 1888 574 1930 726
604 1889 656 1930 ad
675 1890 886 1945 Gregorii
904 1903 1039 1944 papae
1067 1888 1282 1943 epistolam
1313 1895 1411 1929 nota
1442 1889 1580 1943 piima
1609 1904 1706 1943 pag.

233 1946 337 1987 mihi
369 1945 435 1988 79.
495 1947 758 2003 Theophanes
783 1946 1020 1996 (niiscellam
1043 1945 1308 2002 intelligit)q
1313 1960 1353 1985 ιιι
1347 1946 1490 1999 falso
1518 1947 1708 1988 znscribi-

235 2012 303 2043 tur
330 2002 484 2043 Paulas
511 2003 730 2044 diaconus.
790 2008 1007 2042 auctorem
1037 2001 1235 2042 historiae
1263 1962 1467 2043 miscellae
1500 2003 1643 2042 titulus
1673 2002 1710 2041 ei

235 2061 500 2114 praepositus
530 2058 716 2114 agnoscit
742 2058 1036 2113 Landulphum
1066 2061 1286 2113 sagacem,
1322 2059 1394 2114 qui
1423 2073 1514 2098 eam
1548 2073 1595 2099 ex
1621 2059 1711 2099 Eu-

238 2116 399 2170 tropio,
428 2116 558 2156 Paulo
555 2090 854 2170 ²²Aquilegiensi
884 2115 1076 2166 diacono,
1103 2121 1145 2156 et
1174 2116 1371 2155 Anastasii
1401 2115 1712 2156 bibliothecarii

238 2171 550 2212 narrationibus
594 2172 777 2226 collegit.
846 2179 1059 2226 postrema
1100 2187 1203 2212 vero
1235 2187 1331 2226 pars
1373 2173 1636 2227 quantumvis
1664 2186 1712 2211 ex

238 2228 510 2282 Theophane,
538 2228 742 2283 pleraque
772 2229 920 2269 Latine
949 2229 1000 2268 ab
1031 2229 1243 2269 Anastasio
1275 2229 1440 2270 reddita
1471 2228 1707 2276 contineat3

238 2285 462 2326 miscellam
481 2291 618 2325 tamen
651 2284 1140 2339 integram2Theophani
1170 2286 1282 2326 velut
1310 2285 1475 2326 auctori
1495 2299 1711 2341 germano,

240 2356 288 2382 ex
322 2342 607 2382 litteratorum
634 2356 754 2382 sensu
781 2355 985 2396 nusquam
1017 2342 1266 2396 ascripserit.

352 2425 462 2466 Ibz'd.
503 2425 542 2466 5.
611 2424 828 2479 α’ρχομένη
869 2422 950 2465 ἀπὸ
1005 2422 1174 2477 πρώτου
1219 2422 1341 2473 ἔτους
1383 2422 1711 2478 Διοκλητιανοῦ]

242 2482 357 2522 cuius
385 2496 547 2523 causam
583 2483 758 2539 assignat
786 2482 969 2522 auctoris
996 2482 1118 2538 ipsius
1149 2482 1416 2538 prooemium
1446 2496 1541 2522 mox
1568 2481 1712 2522 subse-

243 2544 458 2579 cuturum.

355 2612 462 2651 Ilnd.
520 2608 599 2658 ἕως
639 2611 842 2664 δευτέρου
870 2607 988 2659 ἔτους
1025 2607 1235 2679 Μιχαὴλ]
1271 2611 1448 2652 Cedmni
1478 2611 1712 2678 Synopfeos

242 2666 465 2708 historicae
494 2668 716 2733 prooemio
745 2668 982 2718 smibentis,
1016 2666 1037 2707 ὁ
1068 2663 1324 2734 ὃμολογητῆς
1355 2663 1580 2722 Θεοφάνης
1608 2661 1714 2719 α’χρι

244 2723 391 2770 τέλους
442 2721 693 2778 Νικηφόρου
742 2724 816 2765 τοῦ
859 2721 942 2765 αἠὸ
993 2724 1033 2766 Γ
1031 2737 1170 2764 ενινου
1219 2721 1464 2777 κατήντησε,
1507 2738 1581 2764 con
1602 2737 1716 2763 essor-

251 2780 514 2837 Theophanes
541 2780 603 2821 ad
630 2782 854 2839 Nceephori
893 2782 1150 2836 exgeneralis
1167 2781 1307 2837 finem.
1342 2782 1554 2822 historiam
1584 2780 1713 2820 dedu-
