1728 3184
673 141 874 183 NOTAE.
1413 133 1508 183 391

30 255 307 354 pellatba3bab
331 255 433 297 aliis
460 255 575 297 hasta
592 284 607 308 ‚
635 256 688 295 ab
718 257 815 296 aliis
847 255 1048 296 trabecula
1060 270 1076 305 ;
1113 257 1323 311 visamque
1350 264 1407 296 ese
1431 255 1515 295 ali-

34 324 130 370 quot
188 327 226 354 ιε
251 328 312 353 us.

149 389 242 436 178,
270 384 314 426 3.
371 381 756 442 δεκᾶστασιςΙΡειΙ.
786 385 912 425 Barb.
931 390 974 424 et
999 384 1173 441 Peyrez.
1204 384 1347 438 legunt
1378 383 1516 439 aptius

32 437 149 490 ἴασις
178 443 237 484 ob
269 449 506 497 respectum
534 441 588 483 ad
613 440 774 494 ὑγείαν.
832 437 1088 481 &adaman
1116 442 1259 496 posuit
1286 444 1516 481 Annmanu-

30 499 139 539 ensis
165 497 287 555 quod
323 499 464 539 forsan
512 499 673 554 legisset
711 499 735 539 ι’
757 492 874 545 ἇσις.
932 498 1109 538 observa
1139 512 1305 537 rursum
1333 497 1515 551 χερσέου

31 561 76 596 et
104 555 322 607 κοπρῶνος
348 555 437 596 sive
462 555 698 610 κοπρεῶνος
730 553 772 594 in
792 554 915 595 variis
947 554 1195 595 tentionibus
1224 553 1386 594 haberi.

145 620 258 663 Ibid.
290 620 332 664 6.
402 619 627 671 ’[σοκάσιος
664 619 688 662 ὅ
720 621 970 676 κοιαίστωρ]
1015 636 1126 662 anno
1155 622 1305 661 Leonis
1336 620 1515 671 decimo,

31 677 194 719 Pusaeo
237 685 280 720 et
325 679 483 721 Ioanne
520 693 624 720 coss.
664 681 822 720 factum
865 679 976 719 istud
1024 679 1240 733 consignat
1281 677 1514 717 chronicon

34 733 376 788 Alexandrinum,
405 741 560 776 auctor
580 735 833 777 undecimo:
869 735 911 775 in
944 750 1028 790 quo
1050 735 1149 775 nihii
1182 734 1259 774 sibi
1290 734 1518 773 adversan-

33 795 119 832 tur.
176 805 289 833 anno
315 792 477 848 quippe
497 793 648 834 Leonis
679 792 902 833 undecimo
925 808 948 832 a
969 791 1207 846 Septembri
1239 790 1405 830 initium
1435 790 1518 830 du-

32 855 157 889 cente
205 863 287 903 per
332 855 539 904 quattuor
574 850 660 890 eius
706 864 893 900 menses,
934 849 1069 889 adhuc
1100 847 1247 888 Pusaei
1281 853 1324 887 et
1354 847 1517 887 loannis

33 904 264 946 consularis
290 903 468 960 dignitas
506 906 818 960 perseverabat.
877 906 1163 946 animadverte
1192 904 1365 960 Peyrez.
1394 903 1515 944 codi-

36 975 128 1002 cem
161 961 261 1002 anni
305 961 519 1007 undecimi
563 963 781 1003 historiam
812 962 866 1003 ad
895 961 1102 1002 decimum
1134 961 1311 1011 referre,
1341 967 1384 1001 et
1410 974 1519 1015 quae

32 1016 103 1059 hic
135 1017 287 1059 decimi
334 1018 388 1058 ad
431 1019 700 1060 undecimum
752 1019 1067 1073 transposuisse.
1150 1016 1368 1058 metathesi
1406 1017 1519 1057 favet

33 1074 267 1115 chronicon
298 1075 491 1116 Alexand.
526 1077 692 1118 Isocasii
722 1082 917 1117 eventum
952 1076 1005 1116 ad
1033 1074 1183 1115 Leonis
1215 1088 1373 1114 annum
1399 1072 1517 1114 deci-

34 1146 152 1172 mum
180 1132 379 1173 referens.

147 1199 262 1243 Ibid.
286 1202 354 1244 15.
424 1199 498 1240 καί
539 1197 695 1251 μαθών
736 1196 759 1239 ὁ
800 1195 1022 1251 βασιλεύς]
1061 1198 1311 1252 ampliorem
1352 1196 1522 1238 exhibet.

32 1255 145 1296 hanc
170 1256 390 1297 historiam
433 1256 667 1298 chronicon
713 1255 907 1297 Alexand.
981 1256 1039 1296 his
1078 1263 1216 1296 autem
1259 1254 1397 1295 verbis
1425 1268 1519 1294 eum

37 1312 269 1354 conciudit-
337 1311 413 1354 nai
438 1311 623 1361 ἀκούσας
658 1313 736 1354 τοῦ
760 1312 994 1354 Ἰσοκασιόυ
1022 1307 1044 1352 ὃ
1075 1311 1212 1365 δῆμος
1240 1310 1324 1351 τῶν
1348 1309 1519 1360 Βυζαν-

30 1365 134 1410 τίων
163 1365 394 1425 ειῖφήμησε
421 1367 496 1409 τὸν
522 1370 703 1420 βασιλέα
736 1370 908 1410 Λέοντα
937 1366 1083 1409 πολλὰ.
1141 1366 1216 1408 καί
1240 1363 1519 1407 ἀποσπάσαν-

33 1439 102 1474 τες
128 1422 205 1466 τὸν
233 1424 365 1466 αὐτὸν
390 1423 620 1467 Ἰσοκάσιον
648 1420 865 1479 ἀπήγαγον
895 1424 1025 1465 αύτὸν
1052 1421 1137 1464 ἀπὸ
1166 1423 1245 1464 τοῦ
1270 1420 1518 1472 Ζευξύιπου

34 1480 98 1530 εἰς
133 1478 212 1535 τὴν
248 1478 437 1536 μεγάλην
475 1482 728 1535 ἐκκλησίαν,
768 1482 842 1522 καί
884 1482 1141 1535 κατηχηθείς
1169 1477 1419 1533 ἐφωτίσθη,
1449 1476 1523 1517 καί

35 1538 238 1592 ἐπέμφθη
264 1539 326 1586 εἰς
351 1537 428 1592 τὴν
453 1538 604 1591 χώραν
632 1537 779 1579 αὐτοῦ.
834 1538 952 1594 quod
978 1538 1050 1578 aba·
1072 1537 1247 1594 populus
1272 1536 1522 1587 Byzantinus

36 1595 233 1647 audivit,
263 1594 404 1650 fauste
432 1597 598 1651 saepius
638 1596 900 1636 acclamavit
935 1595 1034 1650 imp.
1065 1602 1348 1649 arreptmnque
1376 1591 1522 1630 Isoca-

37 1652 147 1692 sium
173 1651 430 1693 deduxermzt
458 1666 489 1693 a
527 1653 753 1707 Zeuxippo
782 1652 843 1691 ad
873 1664 1075 1703 magnam
1103 1650 1325 1699 ecclesiam,
1356 1648 1423 1687 ubi
1450 1661 1523 1686 ru-

35 1708 224 1749 dimenta
242 1707 354 1765 fidei
377 1710 551 1763 edoctus,
581 1718 619 1750 ec
644 1710 903 1760 sacrofonte
940 1708 1141 1760 lusu-acm,
1172 1707 1217 1747 in
1242 1706 1427 1762 patriam
1459 1718 1524 1742 re·

35 1779 180 1806 mlssus
205 1774 277 1806 est.

150 1832 354 1878 Ibid.18.
411 1833 543 1874 Λέων
573 1829 596 1873 ὅ
625 1828 845 1884 βασιλεύς]
877 1847 922 1872 ex
952 1831 1187 1872 Theodoro
1218 1829 1394 1879 lectore,
1413 1827 1523 1866 Pro-

37 1888 152 1942 copii
181 1889 252 1930 lib.
291 1890 345 1931 de
380 1889 491 1930 bello
534 1889 713 1932 Vandai.
753 1887 963 1929 lornande
1005 1889 1057 1929 de
1093 1901 1322 1942 regnorum
1358 1897 1521 1923 succes-

35 1945 167 1994 sione,
199 1952 244 1986 et
277 1960 406 2002 quem
433 1952 586 1988 auctor
604 1946 707 1986 citat
725 1947 884 1997 Prisco,
914 1960 1078 1985 necnon
1100 1942 1288 1984 Candido
1319 1941 1413 1981 hist.
1446 1940 1518 1980 lib.

41 2003 83 2043 1.
118 1999 174 2041 τὰ
207 1997 317 2042 κατὰ
346 2000 552 2057 Ἀφρικὴν
579 2003 844 2044 Βασιλίσκου
877 1996 1154 2053 ειῖτυχὴματά
1181 2013 1238 2049 τε,
1271 1997 1347 2038 καί
1371 1997 1522 2037 δυστυε

37 2053 221 2113 χήματα
251 2058 404 2100 litteris
434 2060 720 2115 consignante,
752 2059 805 2099 de
833 2058 1127 2115 quolPhotius
1157 2057 1252 2096 cod.
1275 2054 1342 2095 79.

152 2128 247 2177 179,
276 2130 317 2172 7-
375 2126 647 2182 κεντηνάρια]
678 2128 962 2180 centenarium,
994 2141 1077 2166 non
1098 2124 1312 2180 ponderi5‚
1340 2121 1411 2162 sed
1440 2135 1521 2159 nu-

36 2181 144 2224 meri
175 2198 328 2224 nomen
360 2190 435 2235 est,
470 2184 588 2240 quod
618 2191 788 2225 centum
813 2184 1018 2224 librarum
1044 2181 1242 2237 ponderis
1270 2180 1335 2219 sit.
1396 2175 1513 2231 qnod

32 2239 199 2294 Pondus
229 2245 413 2296 propter
440 2241 748 2296 perfectionem
781 2240 1013 2282 centenarii
1045 2239 1208 2279 numeri
1240 2233 1418 2277 Romani
1447 2233 1516 2271 in-

32 2296 276 2338 stituerunt.
344 2297 455 2338 libra
493 2297 720 2339 duodecim
756 2297 889 2338 unciis
926 2296 1162 2352 perficitur.
1193 2292 1376 2334 isidorus
1406 2288 1515 2343 orig.

37 2352 109 2394 nb.
134 2355 187 2398 16
215 2368 307 2408 cap.
339 2352 407 2394 24.

149 2421 266 2466 Ibid.
299 2424 366 2466 19.
420 2421 603 2473 βασιλέα
630 2417 926 2477 πεποιήκασιν]
966 2421 1086 2461 aliam
1118 2418 1325 2459 rationem
1353 2414 1523 2469 profert

36 2474 201 2518 Suidas.
243 2493 282 2522 v.
312 2472 501 2531 Ἀσπαρ.
551 2472 615 2518 ὅτι
656 2478 921 2529 Μαρκιανοῦ
959 2476 1170 2530 βασιλέως
1209 2469 1404 2525 χρήστου
1442 2471 1523 2520 μὲν

37 2531 282 2585 γεγονότος,
323 2535 483 2575 θᾶττον
523 2533 572 2574 δὲ
609 2533 932 2585 ἑκβεβιωκότος,
975 2531 1109 2572 αὐτοῦ
1137 2527 1346 2583 κελεῦστῳ
1376 2524 1525 2580 γνώμῃ

24 2584 201 2644 ''Aona‘'
219 2590 393 2632 Λέοντα
426 2588 627 2642 διάδοχον
646 2590 783 2631 αὐτοῦ
809 2591 1009 2643 γενέσθαι
1037 2584 1366 2638 παρεσκεύασεν.
1396 2584 1522 2622 Μαι·-

37 2646 153 2687 ciani
182 2646 379 2688 nimirum
419 2647 698 2701 benignissimi
736 2648 961 2703 principis,
999 2655 1047 2686 at
1086 2644 1204 2684 citius
1240 2641 1396 2681 sublati
1431 2654 1521 2680 sen-

36 2703 168 2744 tentia
219 2714 259 2747 ee
297 2707 439 2756 iussis,
485 2704 688 2760 Asparem
729 2704 858 2744 Leoni
900 2701 1066 2758 imperii
1109 2699 1394 2740 successionem
1443 2696 1519 2738 de·

40 2758 193 2806 adisse.
