1794 3250
257 181 353 230 264
472 188 755 231 ANASTAsn
806 188 1068 231 His‘romA
1110 176 1527 231 ECCLEfflAsTlCA

255 303 470 354 ferebant,
516 303 803 345 maledicentes
847 305 1069 345 coronanti
1109 309 1151 344 et
1196 302 1443 344 coronando
1485 299 1728 356 cunctisque

255 359 643 414 congratulantibus
693 361 766 402 eis.
835 368 877 402 et
926 361 1093 417 quidem
1125 375 1225 402 cum
1252 359 1456 414 religione
1487 373 1535 398 ac
1562 357 1729 399 ratione

254 418 437 456 viventes
468 416 653 458 divinum
683 418 948 458 mirabantur
978 417 1200 467 iudicium,
1234 417 1416 471 qualiter
1444 430 1534 456 eam
1564 413 1726 468 permi-

253 473 378 523 serit,
410 489 518 528 quae
551 488 630 528 pro
665 479 780 514 recta
809 474 889 514 fide
918 489 1037 515 more
1077 480 1314 529 martyrum
1353 471 1672 528 agonizaverat,
1703 485 1727 509 a

253 530 426 570 subulco
457 530 616 583 expelli,
644 532 891 585 praesertim
912 546 1007 571 cum
1037 531 1075 571 ei
1101 528 1351 570 devotissimi
1384 528 1469 569 eius
1499 528 1727 582 praecipue

252 585 482 627 adhaerere
513 594 695 641 propter
739 587 958 628 avaritiam
1000 587 1317 642 proposuerint,
1350 586 1434 625 Leo
1467 585 1626 625 scilicet
1655 598 1726 623 eu-

252 642 424 695 nuchus,
457 643 658 697 patricius
689 650 730 684 et
766 644 998 684 sacellarius
1030 643 1232 698 Sinopeos
1277 649 1318 683 et
1347 642 1425 682 deo
1455 641 1595 696 perosi
1625 640 1726 679 Tri-

251 699 381 755 phylii
414 706 541 754 atque
569 701 752 755 patricii,
785 701 858 757 qui
890 701 1079 755 superius
1110 699 1213 741 dicti
1239 705 1347 749 sunt,
1373 698 1445 754 qui
1476 698 1594 738 donis
1627 696 1727 751 plu-

251 756 365 795 rimis
404 757 456 796 ab
490 757 558 796 illa
584 757 704 797 ditati
744 765 871 811 sunt,
912 764 954 798 et
986 772 1080 797 cum
1113 772 1160 797 ea
1193 771 1316 811 saepe
1346 759 1652 804 convescentes,
1684 759 1725 793 et

250 812 560 853 adulationibus
589 828 683 854 cum
717 814 959 854 iuramentis
988 813 1264 854 horribilibus
1299 819 1458 852 certam
1487 810 1723 860 reddentes,

250 869 441 910 omnibus
470 870 614 910 mundi
656 870 778 911 rebus
808 885 850 910 se
893 871 1215 911 necessariorem
1247 874 1461 923 reputare,
1492 882 1617 923 quam
1647 865 1726 906 ha·-

248 925 398 967 berent
428 940 526 980 erga
555 927 683 978 illam,
716 927 1050 967 benevolentiam
1071 925 1345 966 affirmabant.
1406 925 1476 965 alii
1505 931 1646 964 autem
1677 929 1726 963 ut

247 982 290 1022 in
322 983 464 1022 ecstasi
498 984 619 1034 facti,
657 988 870 1038 gestorum
900 983 1198 1023 certitudinem
1241 982 1398 1022 horum
1429 981 1600 1021 minime
1628 994 1727 1020 sen-

247 1038 410 1089 tientes,
438 1040 647 1079 somnium
691 1055 733 1080 se
765 1040 909 1080 videre
937 1040 1161 1094 putabant.
1221 1039 1289 1078 alii
1324 1044 1477 1091 autem,
1507 1037 1580 1092 qui
1614 1036 1725 1076 dun-

110 1108 145 1142 p.
167 1096 234 1132 740
247 1101 358 1135 taxat
384 1095 646 1150 perpendere
673 1096 781 1136 bene
809 1097 1007 1147 sciebant,
1049 1096 1320 1150 praeteritam
1349 1094 1590 1134 felicitatem
1622 1093 1724 1132 bea-

247 1152 461 1192 tificabant
491 1159 533 1193 et
561 1154 745 1192 futuram
788 1167 868 1207 per
899 1153 1167 1208 tyrannidem
1197 1151 1481 1191 infelicitatem
1513 1150 1724 1204 lugebant,

245 1209 422 1249 maxime
458 1208 502 1248 bi
533 1209 605 1264 qui
650 1209 817 1264 maligni
845 1209 937 1250 voti
983 1209 1153 1264 tyranni
1184 1208 1480 1262 experientiam
1512 1206 1725 1262 quandam

245 1271 341 1306 ante
368 1272 663 1319 perceperant.
728 1280 863 1320 porro
909 1267 1122 1306 universos
1165 1265 1448 1306 communiter
1485 1261 1725 1317 possidebat

243 1321 377 1377 caligo
409 1327 450 1362 et
494 1323 580 1363 sine
624 1323 913 1363 consolatione
954 1323 1102 1363 mentis
1145 1322 1341 1372 defectio,
1375 1336 1426 1361 ne
1455 1334 1534 1375 per
1562 1319 1724 1374 singula

242 1378 500 1419 miserandae
531 1379 640 1420 illius
673 1378 755 1419 diei
785 1379 991 1420 deformia
1024 1379 1152 1419 verba
1182 1379 1366 1418 scribens
1396 1376 1604 1432 protelem
1634 1390 1722 1416 ser-

242 1450 423 1476 monem.
483 1435 664 1491 deniqne
695 1437 884 1491 sequenti
917 1437 984 1477 die
1014 1435 1188 1490 sumptis
1230 1434 1478 1490 quibusdam
1511 1447 1558 1473 ex
1583 1433 1721 1488 patri-

243 1491 314 1532 ciis
347 1492 530 1534 ascendit
573 1494 627 1533 ad
670 1492 984 1547 imperatricem
1027 1491 1239 1532 custodiae
1273 1491 1565 1544 mancipatam,
1594 1489 1722 1529 simu-

242 1547 342 1600 lans,
374 1555 419 1588 ut
447 1549 484 1590 ei
506 1550 633 1589 moris
654 1556 759 1600 erat,
790 1549 933 1589 falsam
958 1550 1275 1603 benignitatem,
1305 1563 1384 1603 per
1405 1562 1530 1602 quam
1559 1552 1601 1587 et
1621 1546 1723 1601 plu-

243 1619 307 1646 res
339 1605 516 1660 decepit,
549 1612 589 1646 et
617 1620 808 1646 excusans
831 1621 874 1647 se
905 1606 1020 1661 quod
1042 1606 1192 1645 invitus
1213 1604 1265 1644 ad
1294 1605 1581 1659 principatum
1614 1618 1720 1643 con-

241 1662 454 1702 scenderit
484 1676 560 1702 nec
588 1661 701 1702 hunc
729 1678 911 1717 unquam
930 1661 1251 1703 desideraverit:
1281 1660 1554 1702 maledicebat
1579 1666 1721 1700 autem

240 1717 302 1763 his
346 1719 418 1773 qui
462 1734 504 1759 se
545 1726 828 1773 provexerant
869 1725 911 1759 et
958 1719 1068 1759 illam
1125 1718 1281 1759 insidiis
1321 1718 1639 1772 appetiverant,
1674 1722 1722 1755 ut

240 1774 442 1828 proditor
473 1775 712 1826 dominum,
741 1782 965 1831 postquam
1007 1791 1103 1816 cum
1133 1776 1222 1830 ipso
1254 1775 1513 1822 caenaverit;
1544 1787 1649 1827 quos
1678 1779 1722 1813 et

241 1831 473 1871 imitatores
521 1832 627 1872 illius
672 1832 848 1873 existere
890 1834 1135 1873 testabatur.
1207 1832 1378 1872 ostensis
1419 1831 1546 1871 etiam
1591 1830 1720 1883 nigris

240 1887 542 1940 calceamentis,
577 1903 716 1929 amare
746 1903 788 1929 se
818 1889 967 1929 talibus
996 1891 1058 1930 uti
1085 1895 1260 1943 praeter
1290 1889 1396 1942 leges
1428 1886 1721 1941 imperatorias

108 1959 144 1994 p.
158 1949 223 1984 741
240 1944 503 1997 affirmabat3
537 1945 817 2000 fiduciamque
840 1944 996 1987 habere
1017 1946 1160 1986 dolose
1188 1945 1387 1984 monebat
1416 1959 1520 1996 eam,
1552 1949 1595 1984 et
1624 1957 1718 1982 cum

239 2001 498 2052 iuramentis,
526 2002 577 2042 de
608 2003 722 2042 omni
752 2003 968 2056 corporali
1004 2002 1164 2058 requie,
1195 2016 1321 2057 quarn
1349 2000 1549 2055 consequi
1580 1998 1721 2039 domi-

239 2072 335 2097 nam
368 2073 391 2098 a
431 2072 552 2099 servo
590 2058 784 2106 deceret3
825 2059 1064 2114 nullamque
1096 2058 1298 2098 arbitrari
1333 2072 1576 2098 aerumnam
1605 2070 1719 2096 casus

239 2114 346 2155 illius
378 2113 695 2155 exhortabatur.
753 2116 1047 2156 commonebat
1070 2120 1284 2169 postremo
1316 2115 1372 2154 nil
1402 2114 1599 2154 occulere
1628 2128 1651 2151 a
1677 2127 1720 2153 se

238 2170 522 2225 imperialium
553 2171 859 2223 thesaurorum,
888 2180 930 2213 et
961 2171 1186 2211 damnabat
1216 2172 1416 2211 avaritiae
1439 2170 1601 2220 vitium,
1638 2169 1719 2209 hoc

237 2227 353 2268 illam
396 2227 553 2268 habere
598 2243 682 2268 non
728 2228 889 2268 ferens:
934 2229 1157 2283 languebat
1199 2228 1309 2268 enim
1351 2243 1400 2268 eo
1447 2227 1718 2267 vehementer

237 2284 378 2325 omnia
409 2283 644 2334 devorans,
691 2298 943 2340 omnemque
979 2286 1020 2325 in
1054 2298 1160 2324 auro
1190 2299 1305 2339 spem
1336 2291 1377 2325 et
1407 2283 1604 2324 fiduciam
1636 2297 1719 2338 poa

236 2356 349 2382 nens·
409 2348 452 2382 at
481 2341 771 2395 verosapiens
804 2348 846 2382 et
875 2341 953 2382 deo
986 2341 1139 2382 dilecta
1168 2341 1362 2391 Heirene,
1396 2340 1583 2395 quamvis
1615 2353 1719 2379 con-

238 2403 412 2452 grueret
451 2403 499 2437 ut
545 2397 736 2451 passione
778 2405 862 2438 tam
901 2399 1146 2452 repentinae
1182 2396 1521 2438 commutationis
1565 2402 1716 2451 utpote

236 2454 390 2495 mulier
434 2458 682 2503 teneretur,
714 2454 816 2494 forti
848 2459 890 2494 et
932 2454 1107 2509 sapienti
1138 2454 1362 2508 prudentia
1393 2453 1496 2493 dixit
1526 2451 1578 2492 ad
1608 2467 1716 2502 eum,

239 2512 311 2565 qui
345 2510 437 2551 heri
479 2510 651 2566 quidem
673 2514 833 2551 vservus
874 2512 1069 2564 periurus
1100 2511 1262 2562 fuerat,
1296 2510 1421 2551 bodie
1444 2524 1544 2550 vero
1573 2508 1717 2549 sollcrs

237 2574 278 2608 ct
309 2567 525 2608 seditiosus
555 2573 757 2623 tyrannus
786 2581 833 2606 ac
866 2567 1081 2621 impudens
1112 2568 1369 2608 habebatur:
1399 2569 1504 2621 “ego
1535 2563 1717 2620 quidem,

239 2638 264 2662 o
293 2623 437 2674 homo,
468 2623 592 2664 deum
620 2623 777 2679 deputo
809 2623 984 2677 pridem,
1016 2639 1109 2664 cum
1133 2639 1258 2664 essem
1292 2623 1495 2678 orphana,
1526 2621 1717 2662 exaltasse

240 2694 319 2730 me,
347 2687 388 2721 et
417 2679 567 2722 deinde
597 2695 723 2735 super
739 2680 889 2721 solium
912 2680 1091 2734 imperii,
1121 2680 1218 2721 licet
1239 2695 1364 2721 essem
1395 2679 1578 2734 indigna,
1607 2693 1718 2732 pro-

240 2737 393 2777 vexisse
426 2753 506 2778 ine.
540 2752 703 2785 causam
737 2751 837 2777 vero
870 2736 1142 2791 depositionis
1176 2752 1290 2778 meae
1326 2736 1516 2776 mihimet
1548 2733 1715 2790 applico

243 2800 285 2834 et
315 2795 493 2847 peccatis
521 2794 619 2835 meis
650 2794 827 2836 ascriho.
905 2795 945 2834 in
977 2793 1136 2834 cunctis
1165 2800 1303 2835 autem
1335 2808 1384 2834 ac
1413 2791 1545 2833 modis
1576 2791 1715 2831 omni-
