1728 3184
216 139 319 186 600
710 142 785 186 AD
807 142 1199 187 JI'HEOPHANEM

215 269 322 309 male
349 269 522 321 omissa,
553 285 678 324 quam
719 285 861 311 omnes
910 269 1031 310 codd.
1063 284 1111 323 ir
1117 275 1321 319 noscunt
1362 273 1537 324 totaque
1566 269 1686 319 serie,

216 340 380 365 necnon
419 301 548 367 Cedic.
578 327 713 381 liquet
745 326 904 393 aliquid
934 302 1189 376 desideri-ui,
1221 331 1269 365 ut
1273 299 1512 394 scripserit
1541 324 1688 366 Theo-

215 382 384 436 phanes,
415 383 650 434 πολεμῆσαι
678 381 876 437 α’λλήλοις
918 380 989 423 τὸν
1016 382 1205 435 βασηλὲα
1233 396 1318 421 των
1341 379 1590 433 Ἐξουμιτῶν
1606 375 1686 422 Ἵν-
1723 427 1728 432 ,

215 439 314 491 (law,
344 436 417 478 καί
441 438 525 479 τῶν
545 435 782 492 Ὁμηριτῶν
810 438 1039 480 Ἰουδαιων.
1106 439 1342 480 Homeritas
1371 438 1482 478 enim
1515 437 1686 478 ludaeos

215 495 363 546 fuisse,
400 510 536 552 eoque
566 497 735 536 nomine
774 496 971 536 Rom-inis
1015 495 1216 547 infensos,
1259 511 1281 534 a
1322 494 1496 550 quibus,
1538 499 1688 548 utpote

215 551 461 592 Christianis
490 558 774 607 quereientur
813 567 854 592 se
892 552 1097 602 vexari,‹
1088 558 1214 607 atque
1256 551 1421 603 oceidi3
1450 557 1498 591 ut
1529 549 1688 591 idcirco

215 615 470 648 merc-utores
502 609 712 649 Romanos
743 609 791 647 ad
818 609 1025 648 Exumitas
1055 623 1132 661 per
1160 624 1309 649 eorum
1339 607 1552 663 regionem
1582 621 1688 661 pro-

216 665 442 706 ficiscentes
471 665 548 719 ipsi
590 665 836 715 occideiint,
885 665 971 718 ipse
1001 663 1127 706 habet
1155 664 1444 719 TheophaneS‚
1474 679 1606 719 exque
1636 678 1688 704 eo

216 721 340 762 Cedr.
399 722 590 790 adeoque
635 721 828 776 sequenti
875 721 1013 760 statim
1048 722 1153 761 linea
1183 723 1294 762 sorte
1319 736 1447 762 error
1472 721 1573 761 alius
1603 727 1687 761 est:

216 778 288 818 ubi
322 779 431 819 enim
481 775 503 817 ὅ
533 778 614 819 τῶν
656 777 907 844 Ἐξιιυμιτῶν
944 774 1156 831 βασιλεύς,
1186 778 1454 819 sciibendum
1482 777 1689 827 videatur,

216 833 238 873 ὅ
268 835 354 875 τῶν
374 833 623 889 Ὁμηριτων,
656 835 727 889 qui
759 835 958 873 nimirum
998 834 1241 875 interimem
1275 837 1505 890 Aegyptum
1537 835 1690 886 colens,

219 898 262 931 et
285 889 545 942 Ἰουδαίζων,
573 891 759 931 addictus
787 891 1033 930 Iudaeorum
1066 902 1211 943 sectae,
1234 891 1568 931 Christianorum
1599 892 1690 930 Ro-

217 963 440 988 manorum
470 963 564 987 cum
604 947 711 987 indis
751 952 793 987 et
836 947 1113 1001 Aethiopibus
1155 948 1225 988 illo
1268 947 1540 989 ulterioribus
1569 961 1689 988 com-

217 1005 377 1046 mercia
411 1020 505 1045 eum
535 1004 575 1043 in
607 1003 780 1044 modum
809 1004 1046 1044 sustulerat.

216 1147 249 1187 P
327 1085 424 1139 347,
465 1086 534 1129 20.
609 1085 903 1144 κωμοδρόμος]
957 1088 1081 1129 Barb.
1122 1086 1257 1130 ἐποίει
1300 1084 1521 1141 θαύματα.
1564 1087 1690 1128 Barb.

253 1161 341 1201 eyr.
376 1153 453 1186 etc.

256 1289 291 1328 ll
310 1230 426 1328 13148,
453 1229 494 1272 6.
551 1226 623 1271 καὶ
657 1226 886 1285 Shapur]
927 1230 1028 1286 Reg.
1060 1230 1188 1286 pede,
1214 1244 1263 1271 ac
1285 1231 1473 1271 calcaneo
1500 1229 1693 1285 effodiens

214 1298 253 1329 to
288 1305 309 1328 e
363 1297 391 1328 t.

332 1369 428 1423 349,
463 1372 526 1414 12.
595 1368 654 1419 ὥς
699 1370 959 1424 ἐπαρθέντα]
1000 1371 1101 1411 nihil
1145 1372 1298 1412 mirum
1337 1378 1410 1414 aut
1436 1371 1694 1412 Anastasium

219 1444 302 1485 pro
334 1429 437 1470 sedis
478 1429 736 1484 apostolicae
765 1429 1000 1469 reverentia
1030 1428 1274 1470 subticuisse
1290 1428 1398 1468 hanc
1421 1443 1592 1479 vocem,
1623 1433 1697 1468 aut

221 1486 551 1540 Theophanem,
585 1486 626 1526 S.
654 1485 964 1540 Nicephorum,
1000 1486 1186 1541 aliosque
1229 1487 1413 1527 Graecos
1451 1485 1697 1526 infensiores

224 1543 358 1583 tribus
388 1543 594 1596 capitum,
638 1542 693 1582 ob
726 1557 907 1598 quorum
941 1542 1155 1596 nogotium
1191 1543 1365 1596 vigilius
1387 1556 1494 1596 papa
1530 1544 1698 1582 Menam

221 1616 247 1640 a
277 1600 576 1644 communione
605 1606 860 1649 removerat,
890 1606 938 1639 ut
967 1600 1134 1639 illorum
1165 1599 1504 1640 condemnationi
1537 1599 1697 1638 instan-

221 1662 320 1708 tem,
349 1672 441 1697 eam
469 1656 705 1710 protulisse.
765 1662 863 1696 nota
896 1656 980 1696 eius
1011 1656 1092 1709 vis,
1123 1657 1363 1711 frustraque
1393 1655 1622 1709 detorquet
1649 1655 1699 1694 Ρ.

222 1716 354 1764 Goar,
380 1720 428 1754 ut
455 1728 502 1754 ea
533 1719 684 1752 auctor
719 1712 920 1767 vigilium
964 1713 1023 1751 uti
1054 1713 1320 1767 imperatoris
1348 1713 1496 1752 favore
1524 1712 1698 1751 abusum

220 1771 415 1825 sugillare
451 1769 647 1810 noluerit.
716 1776 879 1809 motum
921 1769 1046 1810 sacris
1078 1769 1283 1824 diptychis
1313 1769 1398 1809 eius
1428 1783 1597 1818 nomen,
1626 1782 1699 1808 seu

221 1827 363 1880 potius
400 1829 548 1867 Menae
588 1825 858 1880 p·1triarchae
899 1826 1058 1865 nomini
1105 1826 1337 1866 subiectum
1378 1831 1528 1866 contra
1575 1827 1698 1865 Rom.

220 1883 325 1924 sedis
366 1883 459 1923 iura
502 1882 628 1923 habes
659 1897 768 1922 anno
804 1882 1013 1922 Iustiniani
1046 1882 1113 1933 25,
1152 1888 1326 1938 tumque
1355 1896 1431 1922 suo
1458 1880 1599 1922 ordini
1630 1896 1699 1921 re-

220 1940 441 1990 stitutum,
469 1953 565 1979 cum
601 1939 632 1978 is
681 1940 795 1980 forte
826 1954 970 1979 manus
998 1938 1114 1979 dedit
1156 1939 1350 1980 adversus
1390 1939 1473 1979 tria
1503 1937 1700 1993 capitula,

221 2011 349 2053 seque
375 1969 730 2051 indulgentiorem
773 2010 870 2050 erga
919 1998 1107 2047 Menam,
1148 2003 1276 2051 atque
1318 1995 1419 2036 alios
1461 1994 1699 2036 Orientales

221 2053 492 2108 proscribere
520 2053 763 2102 volentes,
753 2069 792 2092 ιη
818 2054 1030 2093 iustiniani
1060 2053 1240 2107 gratiam
1262 2052 1471 2096 exhibuit
1531 2053 1700 2094 Verane

220 2111 273 2150 sit
302 2110 327 2150 5
371 2108 520 2164 synodi
564 2109 832 2149 confirmatio
876 2110 962 2150 eius
1004 2109 1206 2161 nomine,
1247 2125 1374 2166 quam
1406 2109 1700 2150 illustrissimus

220 2167 567 2234 archiepiscopus
589 2166 820 2207 Tolosanus
852 2168 917 2206 vir
944 2166 1218 2217 doctissimus,
1249 2180 1420 2231 proque
1448 2181 1519 2206 sua
1547 2165 1702 2206 huma-

220 2225 354 2265 nitate
380 2222 670 2272 amicissimus,
702 2228 798 2263 ante
828 2238 958 2263 annos
1002 2223 1166 2278 aliquot
1205 2239 1250 2265 ex
1282 2223 1411 2277 Regia
1439 2223 1700 2263 bibliotheca

220 2280 446 2337 produxit,
477 2294 560 2319 non
605 2255 670 2319 est,
702 2278 825 2319 huius
860 2280 943 2320 loci
982 2279 1210 2335 disputare.
1268 2279 1383 2321 haud
1414 2286 1529 2321 certe
1556 2279 1701 2320 Theo-

219 2338 377 2393 phanes
403 2335 561 2393 aliquid
589 2337 714 2377 favet.

331 2414 775 2467 350,10.α·νεῖλον
811 2413 994 2464 πολλοὺς
1040 2415 1085 2466 ἐξ
1123 2414 1297 2457 αυτων·
1369 2429 1440 2455 και
1471 2413 1700 2468 ἑπνίγησαν

219 2471 447 2527 φεύγοντες
488 2472 655 2512 πολλοί·
727 2466 848 2513 αλλοι
890 2472 937 2512 δὲ
966 2473 1041 2513 καί
1083 2471 1349 2526 ἐσφάγησαν]
1393 2472 1519 2512 Cedr.
1546 2470 1699 2522 ἀνεῖλε,

220 2530 336 2582 quod
365 2535 407 2570 et
435 2529 795 2570 n1elius:multos
826 2530 1003 2569 occidit.-
1034 2544 1114 2584 pio
1145 2528 1386 2582 ἐπνίγησαν.
1416 2528 1540 2569 Barb.
1567 2523 1699 2580 ἐπλή-

217 2599 377 2637 γησαν;
402 2587 618 2639 filgl'ences
657 2586 868 2626 vulnera&
892 2596 1002 2635 sunt3
1049 2601 1098 2626 ac
1129 2586 1313 2640 quadiat
1350 2599 1525 2640 sequens
1569 2598 1701 2624 mem-

217 2638 369 2689 brum3
402 2643 483 2683 alii
525 2646 661 2682 autem
691 2643 814 2682 etiam
852 2644 995 2682 necati.
1075 2642 1190 2696 quod
1221 2642 1288 2682 hic
1330 2641 1556 2693 redditum,
1586 2641 1700 2681 mari

217 2698 439 2747 submersi,
475 2699 574 2737 nihil
625 2699 677 2739 ad
706 2713 818 2739 rem.
866 2698 977 2737 nulla
1024 2700 1134 2738 enim
1178 2698 1246 2738 hic
1274 2698 1427 2750 maris,
1458 2705 1532 2738 aut
1563 2711 1697 2752 aquae

217 2755 404 2809 meuti03
433 2755 637 2813 facileque
668 2756 760 2808 fuit,
789 2757 981 2797 conscili
1001 2755 1107 2799 adeo
1139 2755 1426 2810 multitudine,
1455 2754 1565 2799 iuter
1594 2753 1697 2796 circi
