<?xml version="1.0" encoding="UTF-8"?>
<!DOCTYPE html PUBLIC "-//W3C//DTD XHTML 1.0 Transitional//EN"
    "http://www.w3.org/TR/xhtml1/DTD/xhtml1-transitional.dtd">
<html xmlns="http://www.w3.org/1999/xhtml" xml:lang="en" lang="en">
 <head>
  <title>
</title>
<meta http-equiv="Content-Type" content="text/html;charset=utf-8" />
  <meta name='ocr-system' content='tesseract 3.04.00' />
  <meta name='ocr-capabilities' content='ocr_page ocr_carea ocr_par ocr_line ocrx_word'/>
</head>
<body>
  <div class='ocr_page' id='page_1' title='image "./corpusscriptorum47niebuoft_0322.png"; bbox 0 0 1728 3184; ppageno 0'>
   <div class='ocr_carea' id='block_1_1' title="bbox 187 159 1161 212">
    <p class='ocr_par' dir='ltr' id='par_1_1' title="bbox 187 159 1161 212">
     <span class='ocr_line' id='line_1_1' title="bbox 187 159 1161 212; baseline -0.003 -8"><span class='ocrx_word' id='word_1_1' title='bbox 187 159 284 204; x_wconf 79' lang='lat'><strong>312</strong></span> <span class='ocrx_word' id='word_1_2' title='bbox 690 164 745 203; x_wconf 81' lang='grc' dir='ltr'><strong>ΙΝ</strong></span> <span class='ocrx_word' id='word_1_3' title='bbox 785 160 1161 212; x_wconf 57' lang='grc' dir='ltr'><strong>ΤΗΕΟΡΗΑΒΕΜ</strong></span> 
     </span>
    </p>
   </div>
   <div class='ocr_carea' id='block_1_2' title="bbox 179 272 1658 827">
    <p class='ocr_par' dir='ltr' id='par_1_2' title="bbox 179 272 1658 827">
     <span class='ocr_line' id='line_1_2' title="bbox 188 272 1655 331; baseline -0.003 -15"><span class='ocrx_word' id='word_1_4' title='bbox 188 290 292 331; x_wconf 89' lang='lat' dir='ltr'><strong>pore</strong></span> <span class='ocrx_word' id='word_1_5' title='bbox 323 276 491 316; x_wconf 83' lang='lat' dir='ltr'><strong>humata</strong></span> <span class='ocrx_word' id='word_1_6' title='bbox 518 276 733 318; x_wconf 79' lang='lat' dir='ltr'><strong>subitanea</strong></span> <span class='ocrx_word' id='word_1_7' title='bbox 776 277 1012 330; x_wconf 72' lang='lat' dir='ltr'><strong>sepultum,</strong></span> <span class='ocrx_word' id='word_1_8' title='bbox 1042 276 1123 315; x_wconf 87' lang='lat' dir='ltr'><strong>iam</strong></span> <span class='ocrx_word' id='word_1_9' title='bbox 1156 276 1249 314; x_wconf 90' lang='lat' dir='ltr'><strong>loco</strong></span> <span class='ocrx_word' id='word_1_10' title='bbox 1283 272 1518 315; x_wconf 86' lang='lat' dir='ltr'><strong>honestiori</strong></span> <span class='ocrx_word' id='word_1_11' title='bbox 1551 289 1655 326; x_wconf 70' lang='lat' dir='ltr'><strong>con..</strong></span> 
     </span>
     <span class='ocr_line' id='line_1_3' title="bbox 187 330 1658 386; baseline -0.001 -14"><span class='ocrx_word' id='word_1_12' title='bbox 187 333 402 373; x_wconf 69' lang='lat' dir='ltr'><strong>darentur.</strong></span> <span class='ocrx_word' id='word_1_13' title='bbox 476 332 601 374; x_wconf 90' lang='lat' dir='ltr'><strong>habet</strong></span> <span class='ocrx_word' id='word_1_14' title='bbox 645 334 725 374; x_wconf 85' lang='lat' dir='ltr'><strong>hoe</strong></span> <span class='ocrx_word' id='word_1_15' title='bbox 766 333 998 373; x_wconf 85' lang='lat' dir='ltr'><strong>Anastasius</strong></span> <span class='ocrx_word' id='word_1_16' title='bbox 1044 331 1385 372; x_wconf 81' lang='lat' dir='ltr'><strong>bibliothecarius</strong></span> <span class='ocrx_word' id='word_1_17' title='bbox 1422 330 1465 371; x_wconf 91' lang='lat' dir='ltr'><strong>in</strong></span> <span class='ocrx_word' id='word_1_18' title='bbox 1497 332 1658 386; x_wconf 84' lang='lat' dir='ltr'><strong>scripto</strong></span> 
     </span>
     <span class='ocr_line' id='line_1_4' title="bbox 185 387 1656 460; baseline -0.001 -32"><span class='ocrx_word' id='word_1_19' title='bbox 185 389 405 439; x_wconf 88' lang='lat' dir='ltr'><strong>chronico,</strong></span> <span class='ocrx_word' id='word_1_20' title='bbox 436 396 479 431; x_wconf 88' lang='lat' dir='ltr'><strong>et</strong></span> <span class='ocrx_word' id='word_1_21' title='bbox 512 390 724 430; x_wconf 83' lang='lat' dir='ltr'><strong>cedrenus</strong></span> <span class='ocrx_word' id='word_1_22' title='bbox 755 405 928 460; x_wconf 88' lang='lat' dir='ltr'><strong>quoque</strong></span> <span class='ocrx_word' id='word_1_23' title='bbox 959 390 999 429; x_wconf 92' lang='lat' dir='ltr'><strong>in</strong></span> <span class='ocrx_word' id='word_1_24' title='bbox 1029 388 1241 428; x_wconf 82' lang='lat' dir='ltr'><strong>annalibus</strong></span> <span class='ocrx_word' id='word_1_25' title='bbox 1271 394 1471 428; x_wconf 88' lang='lat' dir='ltr'><strong>testatur·</strong></span> <span class='ocrx_word' id='word_1_26' title='bbox 1504 387 1574 428; x_wconf 88' lang='lat' dir='ltr'><strong>sed</strong></span> <span class='ocrx_word' id='word_1_27' title='bbox 1605 404 1656 428; x_wconf 86' lang='lat' dir='ltr'><strong>an</strong></span> 
     </span>
     <span class='ocr_line' id='line_1_5' title="bbox 181 438 1656 499; baseline -0.003 -15"><span class='ocrx_word' id='word_1_28' title='bbox 181 445 284 486; x_wconf 84' lang='lat' dir='ltr'><strong>haec</strong></span> <span class='ocrx_word' id='word_1_29' title='bbox 314 446 442 486; x_wconf 86' lang='lat' dir='ltr'><strong>modo</strong></span> <span class='ocrx_word' id='word_1_30' title='bbox 474 447 581 486; x_wconf 85' lang='lat' dir='ltr'><strong>facta</strong></span> <span class='ocrx_word' id='word_1_31' title='bbox 610 446 708 498; x_wconf 87' lang='lat' dir='ltr'><strong>sint,</strong></span> <span class='ocrx_word' id='word_1_32' title='bbox 740 462 791 486; x_wconf 91' lang='lat' dir='ltr'><strong>an</strong></span> <span class='ocrx_word' id='word_1_33' title='bbox 822 438 928 487; x_wconf 84' lang='lat' dir='ltr'><strong>vero</strong></span> <span class='ocrx_word' id='word_1_34' title='bbox 959 461 1054 485; x_wconf 89' lang='lat' dir='ltr'><strong>cum</strong></span> <span class='ocrx_word' id='word_1_35' title='bbox 1093 459 1214 485; x_wconf 88' lang='lat' dir='ltr'><strong>sacro</strong></span> <span class='ocrx_word' id='word_1_36' title='bbox 1241 444 1448 499; x_wconf 87' lang='lat' dir='ltr'><strong>baptismo</strong></span> <span class='ocrx_word' id='word_1_37' title='bbox 1482 449 1543 485; x_wconf 86' lang='lat' dir='ltr'><strong>est</strong></span> <span class='ocrx_word' id='word_1_38' title='bbox 1573 444 1656 484; x_wconf 85' lang='lat' dir='ltr'><strong>ini-</strong></span> 
     </span>
     <span class='ocr_line' id='line_1_6' title="bbox 184 478 1654 557; baseline -0.002 -15"><span class='ocrx_word' id='word_1_39' title='bbox 184 503 322 552; x_wconf 80' lang='lat' dir='ltr'><strong>tiatus,</strong></span> <span class='ocrx_word' id='word_1_40' title='bbox 354 502 563 544; x_wconf 80' lang='lat' dir='ltr'><strong>inceltum</strong></span> <span class='ocrx_word' id='word_1_41' title='bbox 593 478 783 544; x_wconf 58' lang='lat' dir='ltr'><strong>habetui.</strong></span> <span class='ocrx_word' id='word_1_42' title='bbox 813 502 916 543; x_wconf 87' lang='lat' dir='ltr'><strong>haec</strong></span> <span class='ocrx_word' id='word_1_43' title='bbox 945 502 1024 542; x_wconf 87' lang='lat' dir='ltr'><strong>ille.</strong></span> <span class='ocrx_word' id='word_1_44' title='bbox 1056 509 1097 542; x_wconf 86' lang='lat' dir='ltr'><strong>at</strong></span> <span class='ocrx_word' id='word_1_45' title='bbox 1127 518 1159 542; x_wconf 81' lang='lat' dir='ltr'><strong>si</strong></span> <span class='ocrx_word' id='word_1_46' title='bbox 1176 516 1361 557; x_wconf 76' lang='lat' dir='ltr'><strong>unquam</strong></span> <span class='ocrx_word' id='word_1_47' title='bbox 1377 502 1498 549; x_wconf 84' lang='lat' dir='ltr'><strong>facta,</strong></span> <span class='ocrx_word' id='word_1_48' title='bbox 1524 501 1654 541; x_wconf 87' lang='lat' dir='ltr'><strong>modo</strong></span> 
     </span>
     <span class='ocr_line' id='line_1_7' title="bbox 181 558 1651 611; baseline -0.003 -13"><span class='ocrx_word' id='word_1_49' title='bbox 181 559 290 599; x_wconf 84' lang='lat' dir='ltr'><strong>facta</strong></span> <span class='ocrx_word' id='word_1_50' title='bbox 317 559 419 598; x_wconf 88' lang='lat' dir='ltr'><strong>mihi</strong></span> <span class='ocrx_word' id='word_1_51' title='bbox 448 566 610 600; x_wconf 90' lang='lat' dir='ltr'><strong>certum</strong></span> <span class='ocrx_word' id='word_1_52' title='bbox 641 565 720 602; x_wconf 86' lang='lat' dir='ltr'><strong>est·</strong></span> <span class='ocrx_word' id='word_1_53' title='bbox 750 560 923 600; x_wconf 79' lang='lat' dir='ltr'><strong>maxime</strong></span> <span class='ocrx_word' id='word_1_54' title='bbox 953 574 1047 599; x_wconf 88' lang='lat' dir='ltr'><strong>cum</strong></span> <span class='ocrx_word' id='word_1_55' title='bbox 1078 558 1141 599; x_wconf 89' lang='lat' dir='ltr'><strong>vel</strong></span> <span class='ocrx_word' id='word_1_56' title='bbox 1170 558 1419 610; x_wconf 83' lang='lat' dir='ltr'><strong>inhumatos,</strong></span> <span class='ocrx_word' id='word_1_57' title='bbox 1449 558 1514 598; x_wconf 88' lang='lat' dir='ltr'><strong>vel</strong></span> <span class='ocrx_word' id='word_1_58' title='bbox 1544 572 1651 611; x_wconf 74' lang='lat' dir='ltr'><strong>pro-</strong></span> 
     </span>
     <span class='ocr_line' id='line_1_8' title="bbox 180 614 1657 683; baseline -0.001 -29"><span class='ocrx_word' id='word_1_59' title='bbox 180 614 345 670; x_wconf 87' lang='lat' dir='ltr'><strong>phanae</strong></span> <span class='ocrx_word' id='word_1_60' title='bbox 369 617 611 670; x_wconf 86' lang='lat' dir='ltr'><strong>sepulturae</strong></span> <span class='ocrx_word' id='word_1_61' title='bbox 641 616 817 656; x_wconf 87' lang='lat' dir='ltr'><strong>traditos</strong></span> <span class='ocrx_word' id='word_1_62' title='bbox 847 616 922 656; x_wconf 88' lang='lat' dir='ltr'><strong>sub</strong></span> <span class='ocrx_word' id='word_1_63' title='bbox 951 621 1163 683; x_wconf 86' lang='lat' dir='ltr'><strong>postrema</strong></span> <span class='ocrx_word' id='word_1_64' title='bbox 1184 614 1456 666; x_wconf 74' lang='lat' dir='ltr'><strong>Diocletiani,</strong></span> <span class='ocrx_word' id='word_1_65' title='bbox 1487 615 1552 654; x_wconf 89' lang='lat' dir='ltr'><strong>vel</strong></span> <span class='ocrx_word' id='word_1_66' title='bbox 1571 629 1657 668; x_wconf 88' lang='lat' dir='ltr'><strong>po-</strong></span> 
     </span>
     <span class='ocr_line' id='line_1_9' title="bbox 180 668 1655 728; baseline -0.001 -16"><span class='ocrx_word' id='word_1_67' title='bbox 180 673 264 712; x_wconf 89' lang='lat' dir='ltr'><strong>tius</strong></span> <span class='ocrx_word' id='word_1_68' title='bbox 293 672 489 712; x_wconf 82' lang='lat' dir='ltr'><strong>Maxentii</strong></span> <span class='ocrx_word' id='word_1_69' title='bbox 528 673 824 726; x_wconf 87' lang='lat' dir='ltr'><strong>persecutione</strong></span> <span class='ocrx_word' id='word_1_70' title='bbox 866 678 1097 728; x_wconf 79' lang='lat' dir='ltr'><strong>martyres,</strong></span> <span class='ocrx_word' id='word_1_71' title='bbox 1138 668 1234 727; x_wconf 62' lang='grc' dir='ltr'>ὅσι’ςι</span> <span class='ocrx_word' id='word_1_72' title='bbox 1265 671 1460 727; x_wconf 81' lang='grc' dir='ltr'>ταφῇ,ιι</span> <span class='ocrx_word' id='word_1_73' title='bbox 1436 671 1655 711; x_wconf 87' lang='lat' dir='ltr'><strong>avictore</strong></span> 
     </span>
     <span class='ocr_line' id='line_1_10' title="bbox 179 726 1656 784; baseline -0.001 -16"><span class='ocrx_word' id='word_1_74' title='bbox 179 728 375 784; x_wconf 84' lang='lat' dir='ltr'><strong>principe</strong></span> <span class='ocrx_word' id='word_1_75' title='bbox 401 743 495 769; x_wconf 91' lang='lat' dir='ltr'><strong>suos</strong></span> <span class='ocrx_word' id='word_1_76' title='bbox 525 729 674 770; x_wconf 86' lang='lat' dir='ltr'><strong>milites</strong></span> <span class='ocrx_word' id='word_1_77' title='bbox 719 728 976 781; x_wconf 90' lang='lat' dir='ltr'><strong>tumulante,</strong></span> <span class='ocrx_word' id='word_1_78' title='bbox 1006 728 1245 784; x_wconf 88' lang='lat' dir='ltr'><strong>petentibus</strong></span> <span class='ocrx_word' id='word_1_79' title='bbox 1278 742 1368 768; x_wconf 87' lang='lat' dir='ltr'><strong>eam</strong></span> <span class='ocrx_word' id='word_1_80' title='bbox 1398 726 1656 778; x_wconf 86' lang='lat' dir='ltr'><strong>Christianis,</strong></span> 
     </span>
     <span class='ocr_line' id='line_1_11' title="bbox 179 785 745 827; baseline 0 -2"><span class='ocrx_word' id='word_1_81' title='bbox 179 785 387 825; x_wconf 81' lang='lat' dir='ltr'><strong>honorari</strong></span> <span class='ocrx_word' id='word_1_82' title='bbox 421 785 574 826; x_wconf 87' lang='lat' dir='ltr'><strong>iustum</strong></span> <span class='ocrx_word' id='word_1_83' title='bbox 604 785 745 827; x_wconf 82' lang='lat' dir='ltr'><strong>suerit.</strong></span> 
     </span>
    </p>
   </div>
   <div class='ocr_carea' id='block_1_3' title="bbox 172 866 1661 2456">
    <p class='ocr_par' dir='ltr' id='par_1_3' title="bbox 172 866 1661 2456">
     <span class='ocr_line' id='line_1_12' title="bbox 292 866 1655 927; baseline -0.001 -13"><span class='ocrx_word' id='word_1_84' title='bbox 292 872 358 924; x_wconf 72' lang='grc' dir='ltr'><strong>ΩΟ,</strong></span> <span class='ocrx_word' id='word_1_85' title='bbox 390 874 430 914; x_wconf 91' lang='grc'><strong>7.</strong></span> <span class='ocrx_word' id='word_1_86' title='bbox 487 875 562 914; x_wconf 77' lang='grc' dir='ltr'><em>καί</em></span> <span class='ocrx_word' id='word_1_87' title='bbox 588 866 697 927; x_wconf 63' lang='grc' dir='ltr'><em>ἦσαν</em></span> <span class='ocrx_word' id='word_1_88' title='bbox 726 870 763 914; x_wconf 80' lang='grc' dir='ltr'><strong>οἱ</strong></span> <span class='ocrx_word' id='word_1_89' title='bbox 786 872 995 923; x_wconf 82' lang='grc' dir='ltr'>Ῥωμαῖοι</span> <span class='ocrx_word' id='word_1_90' title='bbox 1024 867 1208 926; x_wconf 67' lang='grc' dir='ltr'><strong><em>ἄγοντες]</em></strong></span> <span class='ocrx_word' id='word_1_91' title='bbox 1241 887 1370 914; x_wconf 87' lang='lat' dir='ltr'><strong>annos</strong></span> <span class='ocrx_word' id='word_1_92' title='bbox 1391 888 1457 914; x_wconf 89' lang='lat' dir='ltr'><strong>sex</strong></span> <span class='ocrx_word' id='word_1_93' title='bbox 1483 874 1539 914; x_wconf 87' lang='lat' dir='ltr'><strong>ita</strong></span> <span class='ocrx_word' id='word_1_94' title='bbox 1566 875 1655 913; x_wconf 86' lang='lat' dir='ltr'><strong>Ma-</strong></span> 
     </span>
     <span class='ocr_line' id='line_1_13' title="bbox 179 930 1655 985; baseline 0.001 -17"><span class='ocrx_word' id='word_1_95' title='bbox 179 930 363 969; x_wconf 74' lang='lat' dir='ltr'><strong>xentium</strong></span> <span class='ocrx_word' id='word_1_96' title='bbox 396 931 615 985; x_wconf 82' lang='lat' dir='ltr'><strong>imperasse</strong></span> <span class='ocrx_word' id='word_1_97' title='bbox 645 937 768 984; x_wconf 86' lang='lat' dir='ltr'><strong>putat</strong></span> <span class='ocrx_word' id='word_1_98' title='bbox 782 931 997 980; x_wconf 84' lang='lat' dir='ltr'><strong>Eusebius,</strong></span> <span class='ocrx_word' id='word_1_99' title='bbox 1029 937 1075 970; x_wconf 86' lang='lat' dir='ltr'><strong>ut</strong></span> <span class='ocrx_word' id='word_1_100' title='bbox 1105 930 1190 970; x_wconf 89' lang='lat' dir='ltr'><strong>eius</strong></span> <span class='ocrx_word' id='word_1_101' title='bbox 1217 930 1345 970; x_wconf 86' lang='lat' dir='ltr'><strong>nihilo</strong></span> <span class='ocrx_word' id='word_1_102' title='bbox 1376 931 1508 971; x_wconf 87' lang='lat' dir='ltr'><strong>secius</strong></span> <span class='ocrx_word' id='word_1_103' title='bbox 1540 945 1655 970; x_wconf 85' lang='lat' dir='ltr'><strong>1··n01-</strong></span> 
     </span>
     <span class='ocr_line' id='line_1_14' title="bbox 178 986 1656 1043; baseline 0.001 -18"><span class='ocrx_word' id='word_1_104' title='bbox 178 991 262 1027; x_wconf 86' lang='lat' dir='ltr'><strong>tem</strong></span> <span class='ocrx_word' id='word_1_105' title='bbox 292 987 330 1026; x_wconf 91' lang='lat' dir='ltr'><strong>in</strong></span> <span class='ocrx_word' id='word_1_106' title='bbox 368 1003 523 1027; x_wconf 89' lang='lat' dir='ltr'><strong>annum</strong></span> <span class='ocrx_word' id='word_1_107' title='bbox 552 988 815 1028; x_wconf 81' lang='lat' dir='ltr'><strong>Constantini</strong></span> <span class='ocrx_word' id='word_1_108' title='bbox 832 987 1002 1043; x_wconf 78' lang='lat' dir='ltr'><strong>Augusti</strong></span> <span class='ocrx_word' id='word_1_109' title='bbox 1031 986 1252 1040; x_wconf 84' lang='lat' dir='ltr'><strong>septimum</strong></span> <span class='ocrx_word' id='word_1_110' title='bbox 1277 988 1461 1027; x_wconf 82' lang='lat' dir='ltr'><strong>referat:</strong></span> <span class='ocrx_word' id='word_1_111' title='bbox 1491 988 1547 1028; x_wconf 87' lang='lat' dir='ltr'><strong>ita</strong></span> <span class='ocrx_word' id='word_1_112' title='bbox 1575 1002 1656 1041; x_wconf 89' lang='lat' dir='ltr'><strong>pa·-</strong></span> 
     </span>
     <span class='ocr_line' id='line_1_15' title="bbox 178 1043 1656 1098; baseline 0.002 -17"><span class='ocrx_word' id='word_1_113' title='bbox 178 1044 284 1083; x_wconf 82' lang='lat' dir='ltr'><strong>riter</strong></span> <span class='ocrx_word' id='word_1_114' title='bbox 314 1050 466 1084; x_wconf 82' lang='lat' dir='ltr'><strong>auctor</strong></span> <span class='ocrx_word' id='word_1_115' title='bbox 507 1043 785 1098; x_wconf 85' lang='lat' dir='ltr'><strong>Theophanes</strong></span> <span class='ocrx_word' id='word_1_116' title='bbox 830 1058 939 1083; x_wconf 89' lang='lat' dir='ltr'><strong>anno</strong></span> <span class='ocrx_word' id='word_1_117' title='bbox 982 1043 1229 1096; x_wconf 77' lang='lat' dir='ltr'><strong>superioie,</strong></span> <span class='ocrx_word' id='word_1_118' title='bbox 1273 1043 1344 1097; x_wconf 88' lang='lat' dir='ltr'><strong>qui</strong></span> <span class='ocrx_word' id='word_1_119' title='bbox 1391 1044 1656 1084; x_wconf 86' lang='lat' dir='ltr'><strong>Constantini</strong></span> 
     </span>
     <span class='ocr_line' id='line_1_16' title="bbox 176 1099 1656 1152; baseline 0.001 -13"><span class='ocrx_word' id='word_1_120' title='bbox 176 1105 323 1151; x_wconf 80' lang='lat' dir='ltr'><strong>sextus,</strong></span> <span class='ocrx_word' id='word_1_121' title='bbox 360 1101 581 1140; x_wconf 86' lang='lat' dir='ltr'><strong>victoriam</strong></span> <span class='ocrx_word' id='word_1_122' title='bbox 621 1101 705 1140; x_wconf 89' lang='lat' dir='ltr'><strong>eius</strong></span> <span class='ocrx_word' id='word_1_123' title='bbox 736 1100 966 1151; x_wconf 85' lang='lat' dir='ltr'><strong>recensuit,</strong></span> <span class='ocrx_word' id='word_1_124' title='bbox 1000 1106 1048 1139; x_wconf 90' lang='lat' dir='ltr'><strong>ut</strong></span> <span class='ocrx_word' id='word_1_125' title='bbox 1076 1100 1275 1139; x_wconf 84' lang='lat' dir='ltr'><strong>Maxentii</strong></span> <span class='ocrx_word' id='word_1_126' title='bbox 1305 1099 1486 1152; x_wconf 86' lang='lat' dir='ltr'><strong>caedem,</strong></span> <span class='ocrx_word' id='word_1_127' title='bbox 1518 1108 1560 1141; x_wconf 91' lang='lat' dir='ltr'><strong>et</strong></span> <span class='ocrx_word' id='word_1_128' title='bbox 1588 1116 1656 1141; x_wconf 86' lang='lat' dir='ltr'><strong>se·-</strong></span> 
     </span>
     <span class='ocr_line' id='line_1_17' title="bbox 177 1156 1655 1210; baseline -0.001 -14"><span class='ocrx_word' id='word_1_129' title='bbox 177 1163 356 1210; x_wconf 81' lang='lat' dir='ltr'><strong>quutum</strong></span> <span class='ocrx_word' id='word_1_130' title='bbox 389 1157 441 1197; x_wconf 88' lang='lat' dir='ltr'><strong>de</strong></span> <span class='ocrx_word' id='word_1_131' title='bbox 472 1171 517 1196; x_wconf 88' lang='lat' dir='ltr'><strong>ea</strong></span> <span class='ocrx_word' id='word_1_132' title='bbox 547 1156 810 1210; x_wconf 88' lang='lat' dir='ltr'><strong>triumphum</strong></span> <span class='ocrx_word' id='word_1_133' title='bbox 844 1156 884 1195; x_wconf 92' lang='lat' dir='ltr'><strong>in</strong></span> <span class='ocrx_word' id='word_1_134' title='bbox 912 1171 1064 1195; x_wconf 86' lang='lat' dir='ltr'><strong>annum</strong></span> <span class='ocrx_word' id='word_1_135' title='bbox 1095 1163 1352 1210; x_wconf 87' lang='lat' dir='ltr'><strong>sequentem,</strong></span> <span class='ocrx_word' id='word_1_136' title='bbox 1384 1156 1427 1196; x_wconf 90' lang='lat' dir='ltr'><strong>id</strong></span> <span class='ocrx_word' id='word_1_137' title='bbox 1454 1162 1517 1198; x_wconf 84' lang='lat' dir='ltr'><strong>est</strong></span> <span class='ocrx_word' id='word_1_138' title='bbox 1539 1158 1655 1197; x_wconf 87' lang='lat' dir='ltr'><strong>Con..</strong></span> 
     </span>
     <span class='ocr_line' id='line_1_18' title="bbox 177 1211 1655 1277; baseline 0.002 -26"><span class='ocrx_word' id='word_1_139' title='bbox 177 1213 347 1252; x_wconf 83' lang='lat' dir='ltr'><strong>stantini</strong></span> <span class='ocrx_word' id='word_1_140' title='bbox 392 1214 637 1277; x_wconf 82' lang='lat' dir='ltr'><strong>septimum,</strong></span> <span class='ocrx_word' id='word_1_141' title='bbox 671 1213 739 1253; x_wconf 82' lang='lat' dir='ltr'><strong>hic</strong></span> <span class='ocrx_word' id='word_1_142' title='bbox 770 1212 946 1253; x_wconf 86' lang='lat' dir='ltr'><strong>reiicere</strong></span> <span class='ocrx_word' id='word_1_143' title='bbox 976 1211 1185 1252; x_wconf 83' lang='lat' dir='ltr'><strong>videatur.</strong></span> <span class='ocrx_word' id='word_1_144' title='bbox 1247 1219 1362 1253; x_wconf 88' lang='lat' dir='ltr'><strong>certe</strong></span> <span class='ocrx_word' id='word_1_145' title='bbox 1393 1228 1471 1268; x_wconf 89' lang='lat' dir='ltr'><strong>per</strong></span> <span class='ocrx_word' id='word_1_146' title='bbox 1498 1213 1655 1268; x_wconf 80' lang='lat' dir='ltr'><strong>flagitia</strong></span> 
     </span>
     <span class='ocr_line' id='line_1_19' title="bbox 176 1269 1656 1324; baseline 0.001 -16"><span class='ocrx_word' id='word_1_147' title='bbox 176 1269 460 1323; x_wconf 87' lang='lat' dir='ltr'><strong>desidiamque</strong></span> <span class='ocrx_word' id='word_1_148' title='bbox 498 1269 531 1309; x_wconf 87' lang='lat' dir='ltr'><strong>si</strong></span> <span class='ocrx_word' id='word_1_149' title='bbox 575 1277 777 1324; x_wconf 83' lang='lat' dir='ltr'><strong>tyrannus</strong></span> <span class='ocrx_word' id='word_1_150' title='bbox 806 1269 1044 1309; x_wconf 89' lang='lat' dir='ltr'><strong>sexennium</strong></span> <span class='ocrx_word' id='word_1_151' title='bbox 1085 1270 1357 1322; x_wconf 85' lang='lat' dir='ltr'><strong>consumpsit,</strong></span> <span class='ocrx_word' id='word_1_152' title='bbox 1391 1277 1438 1311; x_wconf 90' lang='lat' dir='ltr'><strong>ut</strong></span> <span class='ocrx_word' id='word_1_153' title='bbox 1467 1285 1513 1311; x_wconf 86' lang='lat' dir='ltr'><strong>ex</strong></span> <span class='ocrx_word' id='word_1_154' title='bbox 1545 1273 1656 1311; x_wconf 88' lang='lat' dir='ltr'><strong>Con-</strong></span> 
     </span>
     <span class='ocr_line' id='line_1_20' title="bbox 175 1325 1659 1382; baseline 0.001 -17"><span class='ocrx_word' id='word_1_155' title='bbox 175 1326 343 1365; x_wconf 85' lang='lat' dir='ltr'><strong>stantini</strong></span> <span class='ocrx_word' id='word_1_156' title='bbox 377 1326 639 1382; x_wconf 81' lang='lat' dir='ltr'><strong>Panegyrico</strong></span> <span class='ocrx_word' id='word_1_157' title='bbox 682 1333 783 1366; x_wconf 88' lang='lat' dir='ltr'><strong>nota</strong></span> <span class='ocrx_word' id='word_1_158' title='bbox 818 1327 1014 1380; x_wconf 85' lang='lat' dir='ltr'><strong>superior</strong></span> <span class='ocrx_word' id='word_1_159' title='bbox 1054 1325 1199 1380; x_wconf 86' lang='lat' dir='ltr'><strong>quinta</strong></span> <span class='ocrx_word' id='word_1_160' title='bbox 1233 1327 1410 1377; x_wconf 83' lang='lat' dir='ltr'><strong>retulit,</strong></span> <span class='ocrx_word' id='word_1_161' title='bbox 1441 1333 1483 1367; x_wconf 91' lang='lat' dir='ltr'><strong>et</strong></span> <span class='ocrx_word' id='word_1_162' title='bbox 1512 1327 1659 1382; x_wconf 85' lang='lat' dir='ltr'><strong>aliquo</strong></span> 
     </span>
     <span class='ocr_line' id='line_1_21' title="bbox 175 1382 1655 1448; baseline 0.001 -27"><span class='ocrx_word' id='word_1_163' title='bbox 175 1387 271 1435; x_wconf 85' lang='lat' dir='ltr'><strong>post</strong></span> <span class='ocrx_word' id='word_1_164' title='bbox 314 1383 631 1423; x_wconf 85' lang='lat' dir='ltr'><strong>Constantinum</strong></span> <span class='ocrx_word' id='word_1_165' title='bbox 671 1383 829 1436; x_wconf 85' lang='lat' dir='ltr'><strong>spatio,</strong></span> <span class='ocrx_word' id='word_1_166' title='bbox 872 1383 988 1448; x_wconf 81' lang='lat' dir='ltr'><strong>quod</strong></span> <span class='ocrx_word' id='word_1_167' title='bbox 1030 1382 1174 1422; x_wconf 87' lang='lat' dir='ltr'><strong>saltem</strong></span> <span class='ocrx_word' id='word_1_168' title='bbox 1227 1382 1455 1424; x_wconf 87' lang='lat' dir='ltr'><strong>deferendo</strong></span> <span class='ocrx_word' id='word_1_169' title='bbox 1505 1384 1655 1423; x_wconf 89' lang='lat' dir='ltr'><strong>nuntio</strong></span> 
     </span>
     <span class='ocr_line' id='line_1_22' title="bbox 177 1439 1655 1495; baseline 0.003 -18"><span class='ocrx_word' id='word_1_170' title='bbox 177 1439 303 1479; x_wconf 83' lang='lat' dir='ltr'><strong>fuerit</strong></span> <span class='ocrx_word' id='word_1_171' title='bbox 337 1440 445 1490; x_wconf 82' lang='lat' dir='ltr'><strong>satis,</strong></span> <span class='ocrx_word' id='word_1_172' title='bbox 477 1439 744 1495; x_wconf 85' lang='lat' dir='ltr'><strong>tyrannidem</strong></span> <span class='ocrx_word' id='word_1_173' title='bbox 762 1439 970 1494; x_wconf 84' lang='lat' dir='ltr'><strong>arripuit.</strong></span> <span class='ocrx_word' id='word_1_174' title='bbox 1002 1440 1448 1480; x_wconf 79' lang='lat' dir='ltr'><strong>nonnisiConstantini</strong></span> <span class='ocrx_word' id='word_1_175' title='bbox 1475 1440 1655 1495; x_wconf 86' lang='lat' dir='ltr'><strong>septimo</strong></span> 
     </span>
     <span class='ocr_line' id='line_1_23' title="bbox 175 1496 1654 1564; baseline 0.001 -30"><span class='ocrx_word' id='word_1_176' title='bbox 175 1496 318 1549; x_wconf 89' lang='lat' dir='ltr'><strong>potuit</strong></span> <span class='ocrx_word' id='word_1_177' title='bbox 348 1496 399 1536; x_wconf 87' lang='lat' dir='ltr'><strong>ab</strong></span> <span class='ocrx_word' id='word_1_178' title='bbox 434 1511 483 1537; x_wconf 87' lang='lat' dir='ltr'><strong>eo</strong></span> <span class='ocrx_word' id='word_1_179' title='bbox 505 1497 715 1562; x_wconf 87' lang='lat' dir='ltr'><strong>superari.</strong></span> <span class='ocrx_word' id='word_1_180' title='bbox 747 1511 879 1564; x_wconf 90' lang='lat' dir='ltr'><strong>quare</strong></span> <span class='ocrx_word' id='word_1_181' title='bbox 910 1511 1020 1536; x_wconf 89' lang='lat' dir='ltr'><strong>anno</strong></span> <span class='ocrx_word' id='word_1_182' title='bbox 1029 1496 1224 1560; x_wconf 88' lang='lat' dir='ltr'><strong>imperii</strong></span> <span class='ocrx_word' id='word_1_183' title='bbox 1252 1497 1313 1537; x_wconf 87' lang='lat' dir='ltr'><strong>sui</strong></span> <span class='ocrx_word' id='word_1_184' title='bbox 1345 1503 1489 1547; x_wconf 86' lang='lat' dir='ltr'><strong>sexto,</strong></span> <span class='ocrx_word' id='word_1_185' title='bbox 1524 1497 1654 1537; x_wconf 78' lang='grc' dir='ltr'>Κων-</span> 
     </span>
     <span class='ocr_line' id='line_1_24' title="bbox 174 1547 1654 1607; baseline 0.001 -16"><span class='ocrx_word' id='word_1_186' title='bbox 174 1555 392 1598; x_wconf 82' lang='grc' dir='ltr'><strong><em>σταντῖνυς</em></strong></span> <span class='ocrx_word' id='word_1_187' title='bbox 424 1550 447 1591; x_wconf 79' lang='grc' dir='ltr'>ὅ</span> <span class='ocrx_word' id='word_1_188' title='bbox 478 1551 691 1601; x_wconf 75' lang='grc' dir='ltr'>θειότατος</span> <span class='ocrx_word' id='word_1_189' title='bbox 734 1552 795 1600; x_wconf 78' lang='grc' dir='ltr'><strong>εἰς</strong></span> <span class='ocrx_word' id='word_1_190' title='bbox 825 1549 903 1606; x_wconf 67' lang='grc' dir='ltr'><strong>τὴν</strong></span> <span class='ocrx_word' id='word_1_191' title='bbox 933 1547 1043 1593; x_wconf 77' lang='grc' dir='ltr'><strong><em>κατὰ</em></strong></span> <span class='ocrx_word' id='word_1_192' title='bbox 1086 1552 1169 1593; x_wconf 76' lang='grc' dir='ltr'><strong>τῶν</strong></span> <span class='ocrx_word' id='word_1_193' title='bbox 1204 1551 1423 1605; x_wconf 77' lang='grc' dir='ltr'><em>τυράννων</em></span> <span class='ocrx_word' id='word_1_194' title='bbox 1454 1553 1654 1607; x_wconf 77' lang='grc' dir='ltr'>διανέστη</span> 
     </span>
     <span class='ocr_line' id='line_1_25' title="bbox 174 1603 1655 1674; baseline 0.003 -29"><span class='ocrx_word' id='word_1_195' title='bbox 174 1603 420 1659; x_wconf 60' lang='grc' dir='ltr'>κατάλυσιν,</span> <span class='ocrx_word' id='word_1_196' title='bbox 439 1608 717 1650; x_wconf 86' lang='lat' dir='ltr'><strong>deiiciendum</strong></span> <span class='ocrx_word' id='word_1_197' title='bbox 737 1616 778 1649; x_wconf 88' lang='lat' dir='ltr'><strong>et</strong></span> <span class='ocrx_word' id='word_1_198' title='bbox 797 1608 1110 1674; x_wconf 81' lang='lat' dir='ltr'><strong>profligandum</strong></span> <span class='ocrx_word' id='word_1_199' title='bbox 1130 1617 1358 1665; x_wconf 89' lang='lat' dir='ltr'><strong>tyrannum</strong></span> <span class='ocrx_word' id='word_1_200' title='bbox 1386 1609 1555 1651; x_wconf 84' lang='lat' dir='ltr'><strong>molitus</strong></span> <span class='ocrx_word' id='word_1_201' title='bbox 1581 1616 1655 1660; x_wconf 86' lang='lat' dir='ltr'><strong>est,</strong></span> 
     </span>
     <span class='ocr_line' id='line_1_26' title="bbox 177 1664 1654 1721; baseline 0.001 -18"><span class='ocrx_word' id='word_1_202' title='bbox 177 1671 220 1704; x_wconf 87' lang='lat' dir='ltr'><strong>et</strong></span> <span class='ocrx_word' id='word_1_203' title='bbox 241 1664 352 1704; x_wconf 90' lang='lat' dir='ltr'><strong>circa</strong></span> <span class='ocrx_word' id='word_1_204' title='bbox 371 1665 528 1705; x_wconf 85' lang='lat' dir='ltr'><strong>Padum</strong></span> <span class='ocrx_word' id='word_1_205' title='bbox 548 1673 589 1707; x_wconf 86' lang='lat' dir='ltr'><strong>et</strong></span> <span class='ocrx_word' id='word_1_206' title='bbox 607 1666 816 1707; x_wconf 88' lang='lat' dir='ltr'><strong>Romam</strong></span> <span class='ocrx_word' id='word_1_207' title='bbox 806 1680 932 1721; x_wconf 80' lang='lat' dir='ltr'><strong>ipsam</strong></span> <span class='ocrx_word' id='word_1_208' title='bbox 950 1668 1197 1721; x_wconf 87' lang='lat' dir='ltr'><strong>frequenter</strong></span> <span class='ocrx_word' id='word_1_209' title='bbox 1214 1667 1336 1706; x_wconf 89' lang='lat' dir='ltr'><strong>vicit:</strong></span> <span class='ocrx_word' id='word_1_210' title='bbox 1369 1666 1484 1708; x_wconf 87' lang='lat' dir='ltr'><strong>haud</strong></span> <span class='ocrx_word' id='word_1_211' title='bbox 1514 1674 1654 1708; x_wconf 87' lang='lat' dir='ltr'><strong>tamen</strong></span> 
     </span>
     <span class='ocr_line' id='line_1_27' title="bbox 177 1720 1653 1779; baseline 0.001 -19"><span class='ocrx_word' id='word_1_212' title='bbox 177 1735 224 1760; x_wconf 87' lang='lat' dir='ltr'><strong>ex</strong></span> <span class='ocrx_word' id='word_1_213' title='bbox 255 1720 421 1776; x_wconf 79' lang='lat' dir='ltr'><strong>integro</strong></span> <span class='ocrx_word' id='word_1_214' title='bbox 463 1723 648 1773; x_wconf 87' lang='lat' dir='ltr'><strong>delevit,</strong></span> <span class='ocrx_word' id='word_1_215' title='bbox 688 1729 730 1762; x_wconf 89' lang='lat' dir='ltr'><strong>et</strong></span> <span class='ocrx_word' id='word_1_216' title='bbox 761 1721 924 1764; x_wconf 87' lang='lat' dir='ltr'><strong>cecidit.</strong></span> <span class='ocrx_word' id='word_1_217' title='bbox 996 1729 1163 1778; x_wconf 76' lang='lat' dir='ltr'><strong>paltam</strong></span> <span class='ocrx_word' id='word_1_218' title='bbox 1202 1723 1450 1775; x_wconf 88' lang='lat' dir='ltr'><strong>victoriam,</strong></span> <span class='ocrx_word' id='word_1_219' title='bbox 1482 1723 1653 1779; x_wconf 85' lang='lat' dir='ltr'><strong>tyranni</strong></span> 
     </span>
     <span class='ocr_line' id='line_1_28' title="bbox 174 1777 1655 1833; baseline 0.001 -17"><span class='ocrx_word' id='word_1_220' title='bbox 174 1777 357 1832; x_wconf 84' lang='lat' dir='ltr'><strong>caedem,</strong></span> <span class='ocrx_word' id='word_1_221' title='bbox 390 1779 579 1819; x_wconf 89' lang='lat' dir='ltr'><strong>habitum</strong></span> <span class='ocrx_word' id='word_1_222' title='bbox 611 1779 663 1819; x_wconf 90' lang='lat' dir='ltr'><strong>de</strong></span> <span class='ocrx_word' id='word_1_223' title='bbox 693 1793 743 1819; x_wconf 87' lang='lat' dir='ltr'><strong>eo</strong></span> <span class='ocrx_word' id='word_1_224' title='bbox 764 1778 1039 1833; x_wconf 87' lang='lat' dir='ltr'><strong>triumphum,</strong></span> <span class='ocrx_word' id='word_1_225' title='bbox 1075 1780 1187 1819; x_wconf 85' lang='lat' dir='ltr'><strong>cirea</strong></span> <span class='ocrx_word' id='word_1_226' title='bbox 1218 1779 1409 1820; x_wconf 82' lang='lat' dir='ltr'><strong>kalendas</strong></span> <span class='ocrx_word' id='word_1_227' title='bbox 1438 1779 1655 1830; x_wconf 87' lang='lat' dir='ltr'><strong>Octobris,</strong></span> 
     </span>
     <span class='ocr_line' id='line_1_29' title="bbox 173 1833 1652 1890; baseline 0.002 -17"><span class='ocrx_word' id='word_1_228' title='bbox 173 1833 323 1875; x_wconf 84' lang='lat' dir='ltr'><strong>scribit</strong></span> <span class='ocrx_word' id='word_1_229' title='bbox 352 1835 556 1876; x_wconf 81' lang='lat' dir='ltr'><strong>Onufrius</strong></span> <span class='ocrx_word' id='word_1_230' title='bbox 585 1836 698 1890; x_wconf 90' lang='lat' dir='ltr'><strong>apud</strong></span> <span class='ocrx_word' id='word_1_231' title='bbox 718 1835 949 1875; x_wconf 86' lang='lat' dir='ltr'><strong>Baronium</strong></span> <span class='ocrx_word' id='word_1_232' title='bbox 980 1836 1032 1876; x_wconf 89' lang='lat' dir='ltr'><strong>ad</strong></span> <span class='ocrx_word' id='word_1_233' title='bbox 1064 1851 1218 1875; x_wconf 83' lang='lat' dir='ltr'><strong>annum</strong></span> <span class='ocrx_word' id='word_1_234' title='bbox 1237 1836 1391 1876; x_wconf 80' lang='lat' dir='ltr'><strong>Chiisti</strong></span> <span class='ocrx_word' id='word_1_235' title='bbox 1421 1834 1503 1876; x_wconf 75' lang='lat'><strong>312</strong></span> <span class='ocrx_word' id='word_1_236' title='bbox 1537 1852 1652 1876; x_wconf 91' lang='lat' dir='ltr'><strong>num.</strong></span> 
     </span>
     <span class='ocr_line' id='line_1_30' title="bbox 174 1889 1657 1948; baseline 0.001 -17"><span class='ocrx_word' id='word_1_237' title='bbox 174 1889 200 1930; x_wconf 88' lang='lat'><strong>7</strong></span> <span class='ocrx_word' id='word_1_238' title='bbox 235 1897 278 1931; x_wconf 83' lang='lat' dir='ltr'><strong>et</strong></span> <span class='ocrx_word' id='word_1_239' title='bbox 305 1891 526 1932; x_wconf 72' lang='lat' dir='ltr'><strong>Patavium</strong></span> <span class='ocrx_word' id='word_1_240' title='bbox 557 1898 658 1933; x_wconf 88' lang='lat' dir='ltr'><strong>nota</strong></span> <span class='ocrx_word' id='word_1_241' title='bbox 698 1900 929 1933; x_wconf 87' lang='lat' dir='ltr'><strong>memorata</strong></span> <span class='ocrx_word' id='word_1_242' title='bbox 963 1895 1162 1945; x_wconf 79' lang='lat' dir='ltr'><strong>citatnm3</strong></span> <span class='ocrx_word' id='word_1_243' title='bbox 1193 1893 1262 1933; x_wconf 88' lang='lat' dir='ltr'><strong>sed</strong></span> <span class='ocrx_word' id='word_1_244' title='bbox 1299 1893 1427 1942; x_wconf 87' lang='lat' dir='ltr'><strong>nullo,</strong></span> <span class='ocrx_word' id='word_1_245' title='bbox 1456 1892 1657 1948; x_wconf 89' lang='lat' dir='ltr'><strong>inquiunt</strong></span> 
     </span>
     <span class='ocr_line' id='line_1_31' title="bbox 174 1947 1656 2003; baseline 0.001 -17"><span class='ocrx_word' id='word_1_246' title='bbox 174 1947 254 1997; x_wconf 82' lang='lat' dir='ltr'><strong>isti,</strong></span> <span class='ocrx_word' id='word_1_247' title='bbox 285 1954 544 2003; x_wconf 83' lang='lat' dir='ltr'><strong>argumento,</strong></span> <span class='ocrx_word' id='word_1_248' title='bbox 573 1949 640 1990; x_wconf 81' lang='lat' dir='ltr'><strong>vel</strong></span> <span class='ocrx_word' id='word_1_249' title='bbox 667 1955 845 1990; x_wconf 85' lang='lat' dir='ltr'><strong>auctore</strong></span> <span class='ocrx_word' id='word_1_250' title='bbox 877 1949 970 1990; x_wconf 88' lang='lat' dir='ltr'><strong>satis</strong></span> <span class='ocrx_word' id='word_1_251' title='bbox 1014 1956 1122 1990; x_wconf 88' lang='lat' dir='ltr'><strong>tuto.</strong></span> <span class='ocrx_word' id='word_1_252' title='bbox 1186 1957 1228 1990; x_wconf 89' lang='lat' dir='ltr'><strong>at</strong></span> <span class='ocrx_word' id='word_1_253' title='bbox 1257 1965 1352 1989; x_wconf 92' lang='lat' dir='ltr'><strong>cum</strong></span> <span class='ocrx_word' id='word_1_254' title='bbox 1380 1949 1582 1990; x_wconf 89' lang='lat' dir='ltr'><strong>Eusebius</strong></span> <span class='ocrx_word' id='word_1_255' title='bbox 1614 1955 1656 1989; x_wconf 87' lang='lat' dir='ltr'><strong>et</strong></span> 
     </span>
     <span class='ocr_line' id='line_1_32' title="bbox 174 2004 1657 2071; baseline 0.001 -28"><span class='ocrx_word' id='word_1_256' title='bbox 174 2004 451 2058; x_wconf 85' lang='lat' dir='ltr'><strong>Theophanes</strong></span> <span class='ocrx_word' id='word_1_257' title='bbox 482 2012 633 2046; x_wconf 86' lang='lat' dir='ltr'><strong>auctor</strong></span> <span class='ocrx_word' id='word_1_258' title='bbox 656 2021 786 2046; x_wconf 89' lang='lat' dir='ltr'><strong>annos</strong></span> <span class='ocrx_word' id='word_1_259' title='bbox 816 2022 840 2045; x_wconf 88' lang='lat' dir='ltr'><strong>a</strong></span> <span class='ocrx_word' id='word_1_260' title='bbox 867 2007 1105 2060; x_wconf 82' lang='lat' dir='ltr'><strong>Septembii</strong></span> <span class='ocrx_word' id='word_1_261' title='bbox 1137 2007 1429 2071; x_wconf 82' lang='lat' dir='ltr'><strong>auspicentur,</strong></span> <span class='ocrx_word' id='word_1_262' title='bbox 1461 2021 1555 2047; x_wconf 89' lang='lat' dir='ltr'><strong>cum</strong></span> <span class='ocrx_word' id='word_1_263' title='bbox 1587 2004 1657 2046; x_wconf 65' lang='lat' dir='ltr'><strong>hfc</strong></span> 
     </span>
     <span class='ocr_line' id='line_1_33' title="bbox 172 2060 1657 2117; baseline 0.002 -18"><span class='ocrx_word' id='word_1_264' title='bbox 172 2060 381 2101; x_wconf 82' lang='lat' dir='ltr'><strong>victoriae</strong></span> <span class='ocrx_word' id='word_1_265' title='bbox 413 2062 612 2102; x_wconf 84' lang='lat' dir='ltr'><strong>laetitiam</strong></span> <span class='ocrx_word' id='word_1_266' title='bbox 651 2061 704 2102; x_wconf 87' lang='lat' dir='ltr'><strong>ad</strong></span> <span class='ocrx_word' id='word_1_267' title='bbox 737 2078 892 2102; x_wconf 89' lang='lat' dir='ltr'><strong>annum</strong></span> <span class='ocrx_word' id='word_1_268' title='bbox 926 2063 1188 2103; x_wconf 84' lang='lat' dir='ltr'><strong>Constantini</strong></span> <span class='ocrx_word' id='word_1_269' title='bbox 1217 2063 1452 2117; x_wconf 85' lang='lat' dir='ltr'><strong>septimum,</strong></span> <span class='ocrx_word' id='word_1_270' title='bbox 1483 2062 1552 2103; x_wconf 81' lang='lat' dir='ltr'><strong>ille</strong></span> <span class='ocrx_word' id='word_1_271' title='bbox 1584 2077 1657 2117; x_wconf 89' lang='lat' dir='ltr'><strong>pa-</strong></span> 
     </span>
     <span class='ocr_line' id='line_1_34' title="bbox 176 2117 1654 2174; baseline 0.002 -18"><span class='ocrx_word' id='word_1_272' title='bbox 176 2117 284 2157; x_wconf 89' lang='lat' dir='ltr'><strong>riter</strong></span> <span class='ocrx_word' id='word_1_273' title='bbox 312 2118 485 2159; x_wconf 88' lang='lat' dir='ltr'><strong>eandem</strong></span> <span class='ocrx_word' id='word_1_274' title='bbox 531 2119 583 2159; x_wconf 89' lang='lat' dir='ltr'><strong>ad</strong></span> <span class='ocrx_word' id='word_1_275' title='bbox 628 2118 794 2173; x_wconf 84' lang='lat' dir='ltr'><strong>septimi</strong></span> <span class='ocrx_word' id='word_1_276' title='bbox 838 2119 944 2159; x_wconf 89' lang='lat' dir='ltr'><strong>latus</strong></span> <span class='ocrx_word' id='word_1_277' title='bbox 974 2120 1191 2170; x_wconf 70' lang='lat' dir='ltr'><strong>conficiat,</strong></span> <span class='ocrx_word' id='word_1_278' title='bbox 1241 2135 1291 2160; x_wconf 89' lang='lat' dir='ltr'><strong>eo</strong></span> <span class='ocrx_word' id='word_1_279' title='bbox 1325 2120 1507 2173; x_wconf 87' lang='lat' dir='ltr'><strong>ineunte,</strong></span> <span class='ocrx_word' id='word_1_280' title='bbox 1536 2118 1654 2174; x_wconf 87' lang='lat' dir='ltr'><strong>quod</strong></span> 
     </span>
     <span class='ocr_line' id='line_1_35' title="bbox 172 2153 1653 2230; baseline 0 -18"><span class='ocrx_word' id='word_1_281' title='bbox 172 2173 379 2228; x_wconf 80' lang='lat' dir='ltr'><strong>sagaciter</strong></span> <span class='ocrx_word' id='word_1_282' title='bbox 402 2174 586 2216; x_wconf 85' lang='lat' dir='ltr'><strong>advertit</strong></span> <span class='ocrx_word' id='word_1_283' title='bbox 617 2176 843 2226; x_wconf 85' lang='lat' dir='ltr'><strong>Onufrius,</strong></span> <span class='ocrx_word' id='word_1_284' title='bbox 875 2176 1017 2217; x_wconf 85' lang='lat' dir='ltr'><strong>vicisse</strong></span> <span class='ocrx_word' id='word_1_285' title='bbox 1058 2191 1106 2216; x_wconf 92' lang='lat' dir='ltr'><strong>ac</strong></span> <span class='ocrx_word' id='word_1_286' title='bbox 1137 2153 1416 2230; x_wconf 84' lang='lat' dir='ltr'><strong>triumphasse</strong></span> <span class='ocrx_word' id='word_1_287' title='bbox 1447 2178 1653 2217; x_wconf 82' lang='lat' dir='ltr'><strong>Constan-</strong></span> 
     </span>
     <span class='ocr_line' id='line_1_36' title="bbox 175 2229 1650 2286; baseline 0.001 -17"><span class='ocrx_word' id='word_1_288' title='bbox 175 2229 311 2270; x_wconf 89' lang='lat' dir='ltr'><strong>tinum</strong></span> <span class='ocrx_word' id='word_1_289' title='bbox 353 2231 447 2271; x_wconf 89' lang='lat' dir='ltr'><strong>satis</strong></span> <span class='ocrx_word' id='word_1_290' title='bbox 488 2238 633 2286; x_wconf 85' lang='lat' dir='ltr'><strong>aperte</strong></span> <span class='ocrx_word' id='word_1_291' title='bbox 687 2247 835 2272; x_wconf 89' lang='lat' dir='ltr'><strong>eorum</strong></span> <span class='ocrx_word' id='word_1_292' title='bbox 877 2234 1133 2274; x_wconf 87' lang='lat' dir='ltr'><strong>auctoritate</strong></span> <span class='ocrx_word' id='word_1_293' title='bbox 1173 2232 1275 2273; x_wconf 89' lang='lat' dir='ltr'><strong>mihi</strong></span> <span class='ocrx_word' id='word_1_294' title='bbox 1319 2233 1650 2274; x_wconf 88' lang='lat' dir='ltr'><strong>demonstratur.</strong></span> 
     </span>
     <span class='ocr_line' id='line_1_37' title="bbox 172 2287 1654 2346; baseline 0.001 -20"><span class='ocrx_word' id='word_1_295' title='bbox 172 2287 384 2341; x_wconf 84' lang='lat' dir='ltr'><strong>publicam</strong></span> <span class='ocrx_word' id='word_1_296' title='bbox 415 2289 705 2329; x_wconf 88' lang='lat' dir='ltr'><strong>Romanorum</strong></span> <span class='ocrx_word' id='word_1_297' title='bbox 737 2289 951 2336; x_wconf 85' lang='lat' dir='ltr'><strong>laetitiam,</strong></span> <span class='ocrx_word' id='word_1_298' title='bbox 985 2289 1292 2346; x_wconf 87' lang='lat' dir='ltr'><strong>victoriamque</strong></span> <span class='ocrx_word' id='word_1_299' title='bbox 1322 2306 1345 2330; x_wconf 87' lang='lat' dir='ltr'><strong>a</strong></span> <span class='ocrx_word' id='word_1_300' title='bbox 1379 2289 1654 2330; x_wconf 86' lang='lat' dir='ltr'><strong>Constantino</strong></span> 
     </span>
     <span class='ocr_line' id='line_1_38' title="bbox 173 2343 1661 2402; baseline 0.003 -20"><span class='ocrx_word' id='word_1_301' title='bbox 173 2343 289 2383; x_wconf 86' lang='lat' dir='ltr'><strong>eruci</strong></span> <span class='ocrx_word' id='word_1_302' title='bbox 320 2345 546 2400; x_wconf 80' lang='lat' dir='ltr'><strong>asciiptam</strong></span> <span class='ocrx_word' id='word_1_303' title='bbox 574 2347 681 2402; x_wconf 83' lang='lat' dir='ltr'><strong>leges</strong></span> <span class='ocrx_word' id='word_1_304' title='bbox 711 2345 824 2401; x_wconf 87' lang='lat' dir='ltr'><strong>apud</strong></span> <span class='ocrx_word' id='word_1_305' title='bbox 855 2345 1008 2387; x_wconf 85' lang='lat' dir='ltr'><strong>chron.</strong></span> <span class='ocrx_word' id='word_1_306' title='bbox 1029 2346 1226 2390; x_wconf 87' lang='lat' dir='ltr'><strong>Alexand.</strong></span> <span class='ocrx_word' id='word_1_307' title='bbox 1259 2362 1369 2388; x_wconf 87' lang='lat' dir='ltr'><strong>anno</strong></span> <span class='ocrx_word' id='word_1_308' title='bbox 1391 2345 1661 2387; x_wconf 81' lang='lat' dir='ltr'><strong>Constantini.</strong></span> 
     </span>
     <span class='ocr_line' id='line_1_39' title="bbox 174 2401 373 2456; baseline 0.011 -17"><span class='ocrx_word' id='word_1_309' title='bbox 174 2401 373 2456; x_wconf 87' lang='lat' dir='ltr'><strong>septimo.</strong></span> 
     </span>
    </p>
   </div>
   <div class='ocr_carea' id='block_1_4' title="bbox 171 2482 1655 2826">
    <p class='ocr_par' dir='ltr' id='par_1_4' title="bbox 171 2482 1655 2826">
     <span class='ocr_line' id='line_1_40' title="bbox 287 2482 1649 2542; baseline 0.001 -17"><span class='ocrx_word' id='word_1_310' title='bbox 287 2484 401 2526; x_wconf 86' lang='lat' dir='ltr'><strong>Ibid.</strong></span> <span class='ocrx_word' id='word_1_311' title='bbox 423 2484 463 2527; x_wconf 80' lang='grc'><strong>9.</strong></span> <span class='ocrx_word' id='word_1_312' title='bbox 520 2483 594 2527; x_wconf 80' lang='grc' dir='ltr'><strong>ἐπι</strong></span> <span class='ocrx_word' id='word_1_313' title='bbox 620 2484 784 2540; x_wconf 79' lang='grc' dir='ltr'><strong><em>ἡμέρας</em></strong></span> <span class='ocrx_word' id='word_1_314' title='bbox 809 2482 928 2540; x_wconf 72' lang='grc' dir='ltr'>ἑπτά]</span> <span class='ocrx_word' id='word_1_315' title='bbox 961 2489 1170 2542; x_wconf 85' lang='lat' dir='ltr'><strong>baptismi,</strong></span> <span class='ocrx_word' id='word_1_316' title='bbox 1199 2487 1399 2530; x_wconf 84' lang='lat' dir='ltr'><strong>ecelesiae</strong></span> <span class='ocrx_word' id='word_1_317' title='bbox 1427 2502 1649 2528; x_wconf 84' lang='lat' dir='ltr'><strong>consecra-</strong></span> 
     </span>
     <span class='ocr_line' id='line_1_41' title="bbox 176 2541 1652 2597; baseline 0.002 -17"><span class='ocrx_word' id='word_1_318' title='bbox 176 2541 310 2593; x_wconf 79' lang='lat' dir='ltr'><strong>tionis,</strong></span> <span class='ocrx_word' id='word_1_319' title='bbox 340 2549 633 2597; x_wconf 70' lang='lat' dir='ltr'><strong>susceptonum</strong></span> <span class='ocrx_word' id='word_1_320' title='bbox 656 2544 868 2594; x_wconf 85' lang='lat' dir='ltr'><strong>ordinum,</strong></span> <span class='ocrx_word' id='word_1_321' title='bbox 901 2553 1099 2585; x_wconf 86' lang='lat' dir='ltr'><strong>votorum</strong></span> <span class='ocrx_word' id='word_1_322' title='bbox 1133 2547 1173 2584; x_wconf 87' lang='lat' dir='ltr'><strong>in</strong></span> <span class='ocrx_word' id='word_1_323' title='bbox 1202 2545 1459 2585; x_wconf 84' lang='lat' dir='ltr'><strong>monasterio</strong></span> <span class='ocrx_word' id='word_1_324' title='bbox 1480 2544 1652 2586; x_wconf 85' lang='lat' dir='ltr'><strong>emisso-</strong></span> 
     </span>
     <span class='ocr_line' id='line_1_42' title="bbox 175 2599 1653 2656; baseline 0.003 -20"><span class='ocrx_word' id='word_1_325' title='bbox 175 2613 284 2649; x_wconf 87' lang='lat' dir='ltr'><strong>rum,</strong></span> <span class='ocrx_word' id='word_1_326' title='bbox 313 2599 553 2640; x_wconf 86' lang='lat' dir='ltr'><strong>subeundae</strong></span> <span class='ocrx_word' id='word_1_327' title='bbox 581 2601 880 2655; x_wconf 85' lang='lat' dir='ltr'><strong>poenitentiae,</strong></span> <span class='ocrx_word' id='word_1_328' title='bbox 914 2608 996 2642; x_wconf 86' lang='lat' dir='ltr'><strong>etc.</strong></span> <span class='ocrx_word' id='word_1_329' title='bbox 1028 2609 1186 2656; x_wconf 84' lang='lat' dir='ltr'><strong>septem</strong></span> <span class='ocrx_word' id='word_1_330' title='bbox 1207 2603 1293 2643; x_wconf 91' lang='lat' dir='ltr'><strong>dies</strong></span> <span class='ocrx_word' id='word_1_331' title='bbox 1325 2602 1547 2642; x_wconf 85' lang='lat' dir='ltr'><strong>continuos</strong></span> <span class='ocrx_word' id='word_1_332' title='bbox 1575 2601 1653 2641; x_wconf 83' lang='lat' dir='ltr'><strong>be.-</strong></span> 
     </span>
     <span class='ocr_line' id='line_1_43' title="bbox 174 2655 1652 2713; baseline 0.003 -20"><span class='ocrx_word' id='word_1_333' title='bbox 174 2655 368 2695; x_wconf 80' lang='lat' dir='ltr'><strong>neficium</strong></span> <span class='ocrx_word' id='word_1_334' title='bbox 400 2657 590 2697; x_wconf 84' lang='lat' dir='ltr'><strong>recolere</strong></span> <span class='ocrx_word' id='word_1_335' title='bbox 620 2658 790 2700; x_wconf 81' lang='lat' dir='ltr'><strong>Graecis</strong></span> <span class='ocrx_word' id='word_1_336' title='bbox 830 2659 1014 2698; x_wconf 87' lang='lat' dir='ltr'><strong>solemne</strong></span> <span class='ocrx_word' id='word_1_337' title='bbox 1043 2666 1104 2699; x_wconf 85' lang='lat' dir='ltr'><strong>est</strong></span> <span class='ocrx_word' id='word_1_338' title='bbox 1138 2665 1179 2699; x_wconf 87' lang='lat' dir='ltr'><strong>et</strong></span> <span class='ocrx_word' id='word_1_339' title='bbox 1211 2659 1465 2713; x_wconf 88' lang='lat' dir='ltr'><strong>antiquum.</strong></span> <span class='ocrx_word' id='word_1_340' title='bbox 1500 2657 1553 2698; x_wconf 91' lang='lat' dir='ltr'><strong>de</strong></span> <span class='ocrx_word' id='word_1_341' title='bbox 1581 2672 1652 2697; x_wconf 89' lang='lat' dir='ltr'><strong>re-</strong></span> 
     </span>
     <span class='ocr_line' id='line_1_44' title="bbox 171 2711 1655 2771; baseline 0.003 -21"><span class='ocrx_word' id='word_1_342' title='bbox 171 2711 317 2751; x_wconf 84' lang='lat' dir='ltr'><strong>stituta</strong></span> <span class='ocrx_word' id='word_1_343' title='bbox 347 2714 490 2769; x_wconf 83' lang='lat' dir='ltr'><strong>itaque</strong></span> <span class='ocrx_word' id='word_1_344' title='bbox 518 2713 714 2755; x_wconf 86' lang='lat' dir='ltr'><strong>libertate</strong></span> <span class='ocrx_word' id='word_1_345' title='bbox 755 2714 956 2755; x_wconf 90' lang='lat' dir='ltr'><strong>laetitiam</strong></span> <span class='ocrx_word' id='word_1_346' title='bbox 1001 2731 1079 2769; x_wconf 78' lang='lat' dir='ltr'><strong>pei</strong></span> <span class='ocrx_word' id='word_1_347' title='bbox 1119 2716 1205 2756; x_wconf 84' lang='lat' dir='ltr'><strong>dies</strong></span> <span class='ocrx_word' id='word_1_348' title='bbox 1245 2722 1405 2771; x_wconf 87' lang='lat' dir='ltr'><strong>septem</strong></span> <span class='ocrx_word' id='word_1_349' title='bbox 1443 2715 1655 2755; x_wconf 85' lang='lat' dir='ltr'><strong>Romanos</strong></span> 
     </span>
     <span class='ocr_line' id='line_1_45' title="bbox 171 2767 1645 2826; baseline 0.002 -18"><span class='ocrx_word' id='word_1_350' title='bbox 171 2767 429 2822; x_wconf 83' lang='lat' dir='ltr'><strong>produxisse,</strong></span> <span class='ocrx_word' id='word_1_351' title='bbox 458 2771 600 2826; x_wconf 83' lang='lat' dir='ltr'><strong>potuit</strong></span> <span class='ocrx_word' id='word_1_352' title='bbox 645 2785 730 2813; x_wconf 84' lang='lat' dir='ltr'><strong>esse</strong></span> <span class='ocrx_word' id='word_1_353' title='bbox 765 2772 951 2813; x_wconf 85' lang='lat' dir='ltr'><strong>auctoris</strong></span> <span class='ocrx_word' id='word_1_354' title='bbox 993 2772 1254 2814; x_wconf 78' lang='lat' dir='ltr'><strong>coniectuia.</strong></span> <span class='ocrx_word' id='word_1_355' title='bbox 1323 2772 1440 2813; x_wconf 91' lang='lat' dir='ltr'><strong>cruci</strong></span> <span class='ocrx_word' id='word_1_356' title='bbox 1481 2770 1645 2821; x_wconf 83' lang='lat' dir='ltr'><strong>laudes,</strong></span> 
     </span>
    </p>
   </div>
  </div>
 </body>
</html>
