1794 3250
675 198 880 242 NOTAE.
1433 195 1527 242 302

58 307 286 364 Syncellus‚
316 307 403 348 vita
432 306 679 364 consiliique
722 320 910 348 successu
941 306 1163 347 infeliciter
1188 306 1357 348 excidit.
1418 321 1530 347 eam-

63 366 213 405 obrem
239 364 531 406 Romanorum
555 364 687 419 impp.
716 372 827 419 gesta
854 362 937 404 suis
958 364 1219 417 temporibus
1248 370 1291 404 et
1320 362 1437 404 annis
1463 362 1532 404 di-

63 420 246 461 stributa
282 420 521 461 describere
548 419 839 475 Theophanis·‚
870 419 945 474 qui
971 419 1153 475 Syncelli
1188 420 1455 474 propositum
1479 418 1531 460 ad

61 476 216 518 exitum
254 476 463 517 deducere
502 477 714 531 suscepit,
743 477 903 517 animus
941 482 1014 516 est.
1085 490 1232 516 verum
1261 483 1309 516 ut
1337 475 1533 516 ecclesiae

59 534 188 576 rebus
219 532 386 587 imperii
414 547 479 574 res
513 533 777 584 coniunctae,
804 538 847 572 et
874 531 1041 586 imperii
1069 531 1247 571 Romani
1277 531 1454 572 thronus
1478 531 1532 573 ad

61 588 246 630 Orientis
275 603 383 639 oras,
415 589 458 629 id
487 595 568 641 est,
596 589 786 645 Byzantii
813 588 1001 643 positus,
1031 588 1254 628 Persarum
1285 593 1327 628 et
1356 590 1533 629 Sarace-

61 660 216 686 norum
255 646 464 686 aemulum
507 651 651 686 nactus
695 652 756 686 est
783 644 1095 699 principatum:
1126 644 1223 683 hinc
1253 643 1531 698 Theophanes

61 701 291 742 Romanam
329 701 545 742 historiam
582 709 947 757 prosequuturus,
986 701 1209 741 Persarum
1251 706 1293 741 et
1332 701 1531 752 Arabum,

59 757 482 813 patriarcharumque
518 759 678 813 primas
716 758 830 798 orbis
872 758 986 798 sedes
1025 756 1320 807 obtinentium,
1348 757 1532 808 nomina,

62 820 230 865 aetates,
258 815 382 865 facta,
413 828 493 869 per
522 814 910 870 chronographiam
937 814 1058 855 istam
1088 812 1235 854 ordine
1262 813 1377 854 hono
1404 825 1533 854 enar.

62 877 154 911 rata
182 875 414 925 percenset.

173 935 218 989 7,
248 937 284 978 1.
339 935 654 993 χρονογραφία]
689 937 895 990 nonnullis
924 935 975 977 de
1009 942 1198 987 auctore,
1229 937 1324 985 fine,
1353 941 1397 977 et
1424 949 1534 989 ope—

60 994 118 1035 ris
156 993 328 1035 huiusce
363 993 553 1035 subiecto
597 993 816 1049 hucusque
855 993 1111 1048 praemissis3
1150 994 1233 1033 iam
1274 1006 1383 1048 quae
1419 993 1532 1032 circa

56 1064 161 1105 opus
181 1050 332 1105 ipsum,
350 1049 500 1102 lector,
528 1050 726 1091 edoctum
756 1058 795 1091 te
822 1055 1076 1105 cautumque
1105 1049 1217 1100 volo,
1246 1049 1389 1103 paucis
1416 1049 1532 1089 evol-

59 1121 143 1147 vo=
185 1106 264 1147 tibi
289 1107 414 1147 semel
440 1107 604 1147 monito
626 1107 766 1162 operis
796 1106 925 1146 totius
957 1107 1148 1156 decursu,
1174 1106 1365 1159 pluribus
1391 1119 1533 1145 exem-

62 1164 139 1216 plis
169 1162 341 1204 et'locis
369 1162 516 1203 eadem
552 1162 659 1204 haec
702 1163 928 1203 recolenda
966 1177 1049 1202 non
1079 1162 1286 1203 excidant.
1347 1161 1382 1202 1.
1412 1160 1532 1202 brevi

58 1215 179 1260 facile
206 1218 468 1274 composit0‚
499 1225 543 1259 at
575 1232 659 1259 non
688 1218 913 1259 admodum
944 1218 1144 1272 expolito,
1173 1217 1405 1272 quinimmo
1437 1217 1532 1272 ple-

59 1276 156 1316 heio
186 1289 294 1330 pene
321 1289 370 1316 ac
399 1275 564 1330 vulgari
593 1275 701 1330 stylo
734 1275 955 1316 historiam
983 1275 1092 1316 hanc
1124 1290 1147 1314 a
1179 1273 1437 1328 Theophane
1467 1274 1531 1314 di·

59 1338 238 1385 gestam:
287 1331 326 1371 2.
353 1331 452 1371 hinc
492 1331 571 1372 tibi
613 1332 730 1382 trita,
770 1346 846 1372 nec
875 1331 1058 1385 palatio,
1091 1330 1271 1371 Amboni
1300 1344 1435 1380 sacro,
1465 1331 1530 1371 vel

59 1390 157 1428 foro
177 1389 343 1443 cognita
366 1387 593 1436 vocabula3
627 1386 698 1428 sed
730 1402 778 1428 ex
800 1388 994 1441 compitis
1025 1394 1067 1428 et
1083 1386 1262 1428 incultae
1289 1386 1421 1441 plebis
1452 1400 1529 1427 ore

57 1444 234 1484 collecta
278 1458 508 1484 occurrere
547 1443 694 1484 mirari
726 1442 907 1485 desines=
953 1459 1000 1484 ea
1033 1457 1133 1484 vero
1164 1442 1531 1497 chronographiae

59 1506 184 1556 parte
210 1500 419 1554 usurpari,
441 1499 557 1539 cuius
586 1506 781 1554 tempore
802 1500 844 1539 in
871 1514 992 1539 usum
1007 1500 1181 1540 fuerunt
1199 1499 1384 1548 inducta,
1414 1506 1528 1539 certa

58 1557 303 1598 coniectura
334 1569 419 1596 non
444 1555 629 1597 habetur
658 1555 772 1610 apud
799 1570 866 1597 me
895 1556 1087 1597 alienum.
1145 1554 1188 1596 3.
1220 1553 1530 1596 inemendatum

59 1613 113 1654 ad
150 1612 449 1668 grammaticae
477 1613 608 1668 leges,
650 1612 735 1652 imo
764 1613 937 1653 soloecis
970 1611 1246 1668 barbarisque
1275 1611 1530 1652 dictionibus

63 1675 220 1710 textum
251 1684 334 1709 non
366 1682 465 1710 raro
496 1671 813 1722 interpunctum
860 1670 1023 1709 auctori
1054 1669 1178 1708 velim
1210 1668 1529 1708 ascribendum:

59 1725 118 1766 sic
146 1725 257 1766 enim
284 1731 464 1766 mentem
484 1758 496 1777 ,
537 1726 769 1766 verborum
805 1726 978 1778 ambage
1002 1725 1206 1779 seposita,
1234 1723 1532 1779 significantius

60 1781 372 1837 exprimendam
400 1781 565 1822 sibimet
591 1781 738 1822 suasit:
769 1781 884 1836 quod
911 1787 1049 1823 tamen
1080 1786 1196 1822 recta
1223 1779 1434 1821 scribendi
1463 1795 1531 1820 ra-

60 1838 146 1889 tio,
177 1852 304 1893 quam
340 1837 486 1878 dicunt
525 1837 898 1893 orthographiam,
936 1837 1194 1893 quandoque
1234 1835 1531 1891 reprehendat,

60 1894 381 1935 Amanuensium
410 1894 777 1935 hallucinationem
802 1900 845 1935 et
873 1908 1067 1935 errorem
1096 1908 1181 1934 non
1204 1893 1414 1940 diffiteor;
1443 1908 1529 1948 quo

0 1951 2 1955 ’
60 1951 225 2002 relicto,
258 1957 301 1991 et
329 1949 617 2002 inemendato,
650 1965 698 1991 ex
728 1950 812 1991 fide
843 1950 895 1991 ad
924 1965 984 1991 ms
1015 1951 1227 2005 exemplar
1256 1950 1531 1990 commenda-

60 2007 223 2047 tionem
247 2007 404 2060 potius‚
434 2022 561 2062 quam
590 2021 637 2047 ex
667 2007 932 2048 correctione
954 2006 1005 2047 ad
1034 2008 1323 2062 grammatices
1352 2020 1529 2060 praece-

59 2070 146 2116 pta,
177 2062 342 2102 laudem
380 2063 484 2103 mihi
524 2063 731 2118 proposui
768 2063 1017 2106 sectandam.
1088 2063 1205 2118 quod
1236 2063 1367 2103 nihilo
1397 2062 1528 2103 secius

59 2119 175 2160 iubet
204 2119 274 2158 illa
306 2119 588 2173 reparandum
628 2119 843 2160 declarant
877 2120 1183 2170 annotationes,
1207 2119 1273 2158 vel
1306 2118 1529 2160 emendant

58 2175 127 2215 alii
158 2175 322 2215 codices
357 2176 398 2215 in
430 2176 554 2216 variis
586 2176 833 2216 lectionibus
865 2176 1088 2230 producti:
1118 2175 1310 2216 nonnihil
1339 2189 1415 2230 ego
1444 2188 1527 2228 pro

57 2231 301 2271 scholiastae
329 2231 493 2272 licentia
515 2232 740 2286 interpolo‚
771 2247 818 2273 ex
835 2233 985 2288 quihus
1019 2233 1183 2287 reliqua
1201 2232 1359 2272 facilius
1390 2236 1529 2271 mente

59 2287 330 2328 restituenda.
386 2286 426 2326 4.
450 2289 679 2329 verborum
695 2288 879 2339 lacunae,
910 2296 952 2330 et
981 2304 1089 2344 quae
1108 2287 1409 2337 desiderantur,
1432 2301 1527 2326 sen-

58 2344 285 2383 tentiarum
311 2350 459 2398 patent
474 2345 624 2395 hiatus,
652 2344 724 2384 sed
745 2360 830 2385 non
860 2345 1126 2395 intolerandi,
1157 2359 1234 2385 ceu
1265 2344 1336 2399 qui
1368 2358 1449 2383 mss
1483 2342 1525 2381 in

59 2400 251 2440 omnibus
281 2405 450 2451 extent,
497 2400 561 2441 vel
589 2401 738 2441 mentis
777 2401 952 2453 iudicio,
982 2402 1067 2443 sive
1096 2402 1242 2442 labore
1273 2405 1428 2455 queant
1456 2412 1528 2438 re-

58 2455 215 2509 parari.
274 2456 312 2497 5.
350 2456 621 2511 repetitiones
656 2458 816 2507 fateor,
844 2458 1028 2498 eiusdem
1064 2458 1126 2499 rei
1155 2456 1319 2511 penitus
1349 2454 1526 2504 inutiles,

59 2517 102 2550 et
132 2526 241 2566 quae
266 2512 389 2553 semel
422 2513 532 2553 dicta
571 2512 832 2562 sufficerent,
861 2515 1039 2555 eundem
1074 2515 1116 2553 in
1147 2515 1284 2554 locum
1316 2511 1378 2551 bis
1407 2511 1525 2564 inge-

56 2574 118 2607 sta
146 2568 386 2608 illubentius
424 2570 610 2623 perfero,
678 2567 717 2610 6.
753 2584 897 2610 rerum
931 2577 1138 2626 gestarum
1168 2566 1410 2609 metatheses
1440 2580 1523 2606 non

58 2624 403 2677 praetereundas,
434 2626 738 2680 infrequentius
768 2625 876 2674 licet,
908 2627 1219 2673 animadverto;
1248 2630 1290 2664 et
1318 2637 1364 2663 ex
1390 2622 1524 2662 histo-

58 2679 147 2720 riae
175 2686 339 2722 tantum
366 2680 460 2731 fide,
492 2696 575 2721 non
607 2696 654 2721 ex
682 2683 886 2735 temporis
916 2688 1110 2723 accurata
1132 2679 1373 2722 recensione
1400 2680 1525 2733 plura

0 2788 9 2794 .
59 2736 248 2776 narrari:
276 2736 391 2792 quod
413 2743 485 2788 est,
514 2736 759 2778 historicum
777 2738 947 2795 ubique,
977 2745 1019 2778 at
1037 2753 1121 2779 non
1152 2735 1523 2790 chronographum

58 2804 223 2846 semper
250 2807 293 2835 se
326 2793 494 2848 gessisse
533 2793 846 2850 Theophanem.
913 2794 950 2834 7.
983 2793 1183 2850 temporis
1212 2791 1449 2843 canoniam,
1480 2797 1525 2833 et
