1768 3268
239 211 332 255 112
433 211 717 256 ANASTASII
758 209 1020 255 HISTORIA
1061 209 1485 255 ECCLESIASTICA

233 329 375 378 modo,
408 328 591 380 domine,
621 329 683 369 bis
715 329 921 369 rationem
951 326 1117 378 redde,”
1149 333 1191 368 et
1221 325 1468 367 ostendebat
1494 325 1530 366 ei
1555 339 1702 381 equos.

233 393 273 427 at
303 400 405 426 vero
436 386 672 441 imperator
701 386 869 441 rogavit
901 401 997 427 eum
1025 399 1163 425 secum
1188 383 1455 433 manducare,
1484 388 1526 423 et
1556 382 1706 436 pacifi-

230 443 313 483 cati
346 449 453 483 sunt.
511 442 660 484 eodem
689 457 793 484 vero
840 456 950 483 anno
987 443 1142 482 sactum
1177 447 1236 481 est
1275 439 1430 480 bellum
1459 439 1574 480 circa
1602 439 1705 479 Sar-

229 499 386 553 gathon
428 502 720 542 Romanorum
764 506 893 556 atque
933 500 1156 540 Persarum
1182 511 1404 552 magnum,
1434 503 1477 538 et
1509 497 1703 537 vicerunt

229 556 422 598 Romani.

342 625 463 665 Nono
492 638 601 665 anno
634 624 801 679 imperii
833 624 974 664 Iustini
1006 621 1228 663 Hormisda
1264 636 1335 662 rex
1364 621 1588 663 Persarum
1620 622 1703 661 Ar..

97 681 455 732 p,381damenum
502 682 650 722 ducem
681 682 904 722 Persarum
937 680 1133 721 ordinans
1170 679 1281 719 misit
1308 680 1601 725 Romanorum
1632 692 1704 718 re-

227 740 395 794 gionem
435 739 714 793 depopulari;
764 738 837 793 qui
878 736 1032 792 praeda
1076 735 1206 776 multa
1248 741 1371 791 capta
1404 750 1598 776 reversus
1630 742 1702 775 est.

226 810 312 851 quo
343 801 562 850 comperto
596 795 786 847 lustinus,
819 799 1106 834 consternatus
1137 792 1248 833 mole
1275 792 1549 843 calamitatis,
1587 794 1701 846 capti

224 866 364 902 sensus
386 853 630 907 languorem
661 852 855 900 incurrit,
886 859 928 893 et
949 856 1119 906 pactum
1146 850 1285 891 facere
1311 850 1421 904 petit
1439 849 1701 899 Hormisdae,

227 909 299 964 qui
330 909 370 950 id
402 909 493 950 fieri
526 923 635 949 anno
665 909 882 949 consensit.
916 913 918 915 ’

336 975 482 1016 Mundi
510 990 618 1015 anno
646 973 769 1027 6067,
797 976 960 1016 divinae
984 973 1287 1015 incarnationis
1310 988 1422 1015 anno
1448 973 1545 1024 567,
1573 973 1700 1014 Iusti-

226 1047 302 1073 nus
347 1033 581 1088 imperator
621 1033 840 1073 Tiberium
875 1032 1071 1072 comitem
1116 1031 1410 1072 excubitorum
1452 1031 1530 1072 sibi
1568 1031 1701 1071 filium

225 1090 374 1131 iaciens
404 1090 620 1129 Caesarem
668 1089 916 1144 appellavit,
950 1095 991 1130 et
1019 1103 1300 1129 consessorem
1326 1103 1448 1130 suum
1479 1089 1701 1129 constituit

224 1151 309 1186 tam
333 1148 371 1186 in
403 1146 718 1201 Hippodromiis
749 1161 874 1201 quam
903 1146 945 1186 in
976 1144 1119 1187 diebus
1142 1145 1382 1201 insignibus.
1442 1151 1536 1190 erat
1559 1151 1700 1186 autem

225 1203 458 1257 imperator
496 1202 672 1257 pedibus
718 1209 893 1258 captus,
944 1216 992 1243 ac
1030 1218 1109 1257 per
1151 1202 1234 1244 hoc
1279 1203 1407 1259 magis
1446 1203 1490 1244 in
1543 1202 1698 1244 lectulo

225 1275 375 1300 iacens.

94 1330 210 1374 p.382
332 1326 567 1368 Undecimo
600 1327 765 1382 imperii
793 1327 856 1369 sui
887 1342 998 1368 anno
1026 1327 1262 1368 construxit
1290 1328 1470 1370 Iustinus
1501 1341 1699 1384 magnum

219 1383 528 1441 aquaeductum
579 1384 792 1437 Valentis,
841 1390 884 1426 et
937 1384 1109 1440 largitus
1174 1391 1234 1427 est
1271 1386 1368 1426 urbi
1413 1386 1699 1441 dapsilitatem

219 1456 434 1497 aquarum.

329 1514 590 1555 Duodecimo
625 1514 792 1570 imperii
821 1515 883 1557 sui
913 1530 1022 1556 anno
1044 1515 1224 1557 Iustinus
1251 1515 1488 1571 imperator
1514 1531 1698 1571 synago-

218 1586 310 1627 gam
340 1572 646 1623 Hebraeorum,
678 1587 787 1628 quae
834 1578 927 1613 erat
958 1573 1328 1628 Constantinopoli
1359 1573 1400 1613 in
1433 1573 1699 1628 Chalcopra—

218 1630 298 1679 tiis,
327 1629 507 1669 ablatam
536 1630 586 1669 ab
632 1629 686 1669 eis
713 1630 812 1671 fecit
841 1630 1060 1671 ecclesiam
1105 1630 1301 1671 dominae
1331 1637 1498 1672 sanctae
1529 1637 1698 1672 nostrae

217 1683 282 1726 dei
312 1685 553 1740 genitricis;
585 1701 691 1741 quae
718 1702 891 1742 magnae
916 1687 1112 1742 proxima
1141 1693 1202 1728 est
1230 1687 1441 1729 ecclesiae.

326 1758 638 1800 Tertiodecimo
668 1761 832 1815 imperii
860 1761 1008 1802 Iustini
1041 1775 1175 1815 anno,
1207 1763 1364 1805 Ioanne
1393 1760 1697 1803 Constantino—

215 1815 405 1870 politano
436 1816 633 1857 defuncto
676 1819 896 1873 episcopo,
925 1818 1157 1875 Eutychius
1191 1820 1355 1874 recepit
1383 1819 1538 1861 iterato
1570 1819 1695 1860 thro-

217 1888 316 1912 num
345 1873 534 1914 eundem.
593 1881 636 1914 at
662 1890 764 1917 vero
795 1876 1029 1930 imperator
1062 1876 1311 1927 infirmatus,
1343 1881 1386 1918 et
1411 1875 1643 1931 pauxillum
1671 1892 1695 1915 a

217 1928 419 1983 languore
439 1929 634 1981 dimissus,
662 1931 882 1973 advocavit
899 1940 986 1974 tam
1006 1934 1252 1988 pontificem
1281 1938 1324 1974 et
1341 1940 1531 1974 senatum
1566 1948 1693 1989 quam

216 2000 358 2026 omnes
388 1987 623 2028 sacerdotes
653 1995 693 2029 et
716 1990 840 2041 cives,
869 1996 911 2031 et
941 1990 1125 2031 adducto
1153 1991 1328 2031 Caesare
1349 1990 1524 2031 Tiberio
1555 1991 1694 2044 palam

217 2043 409 2083 omnihus
438 2044 662 2098 appellavit
691 2061 787 2087 eum
825 2048 1151 2102 imperatorem,
1186 2047 1245 2088 bis
1277 2047 1540 2099 sermonibus
1572 2061 1692 2087 usus:

214 2103 342 2140 “ecce
371 2100 484 2152 deus,
515 2102 587 2156 qui
614 2102 821 2144 benefecit
849 2100 940 2146 tibi.
998 2105 1111 2146 hunc
1150 2104 1341 2145 habitum
1375 2105 1475 2145 deus
1508 2104 1586 2145 tihi
1616 2103 1695 2144 de-

217 2156 304 2206 dit,
348 2171 432 2197 non
468 2172 566 2212 ego:
611 2157 775 2201 honora
820 2160 964 2212 illum,
1010 2169 1058 2203 ut
1104 2167 1151 2201 tu
1180 2176 1353 2217 quoque
1386 2160 1610 2202 honoreris
1640 2162 1692 2201 ab

216 2214 319 2267 ipso.
350 2213 517 2255 honora
544 2221 721 2256 matrem
749 2224 879 2269 tuam,
909 2234 1017 2274 quae
1044 2217 1272 2274 aliquando
1305 2225 1378 2258 tua
1407 2217 1577 2259 domina
1599 2218 1691 2259 fuit.

217 2270 323 2310 nosti
353 2271 468 2325 quod
502 2271 686 2326 primum
719 2274 804 2314 eius
822 2290 963 2316 servus
993 2276 1134 2327 fueris,
1166 2290 1279 2316 nunc
1309 2282 1451 2316 autem
1482 2274 1604 2316 fitius.
1639 2290 1690 2317 ne

82 2339 119 2375 p.
133 2330 201 2367 332
215 2327 434 2380 gratuleris
474 2327 514 2367 in
559 2330 843 2384 sanguinibus;
876 2347 928 2373 ne
961 2333 1242 2374 communices
1271 2333 1316 2373 in
1346 2331 1605 2380 homicidio;
1640 2347 1692 2372 ne

215 2383 366 2423 malum
396 2399 478 2439 pro
507 2387 616 2426 malo
651 2386 819 2436 reddas3
850 2404 902 2430 ne
928 2389 971 2429 in
1001 2391 1113 2431 malo
1143 2389 1388 2430 inimicitiae
1415 2388 1557 2429 similis
1587 2389 1691 2429 mihi

214 2439 414 2482 efficiaris.
474 2456 551 2496 ego
584 2443 705 2498 enim,
737 2451 784 2484 ut
812 2445 956 2498 homo,
987 2447 1178 2501 culpavi:
1215 2446 1371 2488 etenim
1401 2451 1444 2486 et
1474 2445 1690 2501 culpabilis

214 2497 346 2538 sactus
370 2514 459 2540 sum
490 2505 533 2540 et
563 2501 706 2554 recepi
733 2503 959 2543 secundum
977 2511 1152 2558 peccata
1178 2519 1283 2556 mea,
1314 2501 1385 2544 sed
1417 2517 1579 2543 causam
1612 2502 1690 2542 ha-

214 2557 325 2597 bebo
355 2573 451 2599 cum
485 2557 547 2597 his
581 2557 654 2611 qui
684 2558 763 2598 hoc
792 2560 890 2600 mibi
923 2562 1142 2610 fecerunt,
1172 2566 1269 2601 ante
1297 2559 1484 2601 tribunal
1518 2559 1690 2600 Christi.

217 2627 300 2653 non
331 2616 464 2657 elevet
512 2621 553 2655 te
598 2614 666 2655 hic
696 2615 856 2658 babitus
901 2618 1258 2672 quemadmodum
1291 2632 1371 2657 me.
1429 2616 1488 2656 sic
1521 2616 1691 2656 attende

217 2671 406 2710 omnibus
433 2673 538 2713 sicut
566 2672 657 2713 tibi.
715 2674 819 2714 scito
850 2674 952 2729 quid
987 2675 1142 2724 fueris,
1174 2682 1217 2715 et
1247 2674 1339 2730 quis
1371 2673 1500 2713 modo
1532 2673 1689 2714 existas.

215 2741 268 2766 ne
295 2729 521 2781 superbias,
549 2735 591 2770 et
623 2734 706 2769 non
724 2732 929 2784 peccabis.
989 2731 1096 2772 nosti
1122 2732 1212 2786 quis
1246 2730 1398 2770 l’uerim
1426 2737 1468 2771 et
1503 2733 1594 2785 quis
1621 2731 1689 2770 fa-

215 2790 306 2823 ctus
334 2785 538 2826 extiterim
585 2793 626 2826 et
658 2788 838 2828 existam.
911 2802 1053 2829 omnes
1086 2789 1148 2827 isti
1179 2788 1253 2827 filii
1286 2788 1344 2828 tui
1377 2794 1537 2828 suntet
1565 2787 1686 2827 servi.

215 2841 289 2882 scis
322 2841 435 2897 quod
484 2857 583 2897 prae
626 2844 850 2887 visceribus
888 2845 987 2887 meis
1023 2845 1325 2886 honoraverim
1369 2851 1424 2886 te.
1483 2844 1557 2885 bos
1591 2859 1687 2884 cum
