1768 3268
279 211 343 258 66
494 215 773 259 ANASTASIl
817 214 1076 259 HISTORIA
1115 211 1528 258 ECCLESIASTICA

276 332 475 387 Hesperio
519 333 703 373 Oceano.
776 331 1010 374 Bonil'acius
1057 336 1194 371 autem
1232 335 1419 369 metuens
1459 327 1738 380 imperatores

274 391 506 441 Romanos,
553 391 821 430 transfretans
862 405 884 429 a
911 389 1041 444 Libya
1081 388 1123 427 in
1153 385 1413 440 Hispaniam,
1443 383 1495 423 ad
1527 382 1737 423 Vandalos

273 446 395 486 venit.
454 460 633 502 cumque
650 445 940 501 Modigisclum
969 444 1186 485 invenisset
1212 447 1427 482 mortuum
1458 446 1500 483 et
1516 439 1620 480 filios
1648 440 1736 480 eius

271 502 482 542 Gonzarin
513 510 555 543 et
570 503 805 543 Gizericum
831 502 1113 557 principatum
1143 499 1420 548 moderantes,
1452 496 1645 538 hortatus
1675 502 1737 537 est

270 565 317 598 ut
355 559 584 614 hesperiam
622 559 797 614 Libyam
841 559 883 598 in
923 565 1007 599 tres
1049 563 1188 612 partes
1229 554 1478 595 dividerent,
1551 552 1733 608 polliciti

269 623 363 656 sunt
393 616 617 671 unicuique
642 616 793 656 tertiae
824 615 934 669 parti
963 629 1005 655 se
1032 629 1114 653 una
1155 627 1248 652 cum
1280 610 1375 665 ipsis
1402 610 1734 665 principaturOS,

268 671 308 710 in
342 673 549 712 communi
578 678 713 712 tamen
749 672 790 711 in
812 672 1040 727 quemlibet
1069 670 1232 710 hostem
1266 668 1445 708 ulturos.
1505 667 1547 707 in
1578 667 1733 708 talibus

268 743 367 782 ergo
416 729 739 782 professionibus
782 727 957 769 Vandali
1010 727 1163 767 fretum
1207 729 1506 766 transmeantes
1556 723 1748 779 Libyam.

266 783 561 826 habitaverunt
591 786 642 825 ab
677 785 846 825 Oceano
876 799 1006 839 usque
1034 781 1254 838 Tripolim,
1283 796 1390 836 quae
1419 787 1480 821 est
1510 779 1624 821 circa
1645 780 1733 836 Cy-

137 855 172 890 p.
188 842 252 880 147
269 856 410 886 renen.
482 841 721 897 Hypogotbi
762 855 862 881 vero
905 845 1115 895 surgentes
1161 854 1183 879 a
1215 838 1350 879 Gallia
1396 844 1573 878 tenuere
1603 837 1731 878 etiam

266 898 520 952 Hispaniam.
580 897 746 953 quidam
778 905 915 937 autem
945 904 1106 937 senatus
1137 895 1326 945 Romani,
1358 894 1478 934 amici
1510 893 1728 946 Bonifacii,

263 955 403 995 falsam
434 955 734 995 accusationem
764 954 871 994 Aetii
911 954 1156 994 intimavere
1197 951 1430 998 placidiae,
1463 951 1727 991 ostendentes

263 1026 432 1066 quoque
446 1018 486 1051 et
504 1011 606 1051 Aestii
621 1011 672 1051 ad
686 1010 941 1050 Bonifacium
958 1010 1122 1063 pridem
1140 1009 1335 1064 scriptam
1358 1008 1589 1063 epistolam,
1602 1022 1728 1063 quam

259 1067 309 1107 ad
343 1082 411 1107 eos
442 1067 549 1107 idem
578 1067 745 1108 miserat
774 1067 1025 1106 Bonifacius.
1085 1071 1146 1106 ast
1175 1067 1408 1120 stupefacta
1436 1064 1622 1105 Placidia
1644 1068 1729 1106 Αἰξ-

258 1123 364 1163 tium
402 1124 567 1178 quidem
611 1124 651 1163 in
694 1122 808 1163 nullo
850 1123 990 1171 laesit,
1024 1122 1240 1164 Bonifacio
1283 1137 1386 1163 vero
1418 1121 1596 1162 verbum
1628 1137 1726 1162 cum

258 1179 491 1220 iuramento
530 1179 639 1220 misit
684 1179 1031 1220 exhortatorium.
1100 1193 1234 1234 porro
1278 1177 1518 1220 Gonthario
1548 1185 1723 1219 mortuo

257 1236 466 1276 Gizericus
489 1236 776 1277 Vandalorum
804 1236 935 1276 factus
967 1241 1027 1275 est
1054 1235 1303 1290 imperator.
1362 1235 1600 1276 Bonifacius
1621 1249 1723 1290 ergo

254 1292 385 1332 verbo
425 1299 614 1347 suscepto
653 1297 801 1333 contra
841 1292 1050 1333 Vandalos
1095 1298 1308 1343 armatur,
1352 1292 1538 1332 exercitu
1569 1306 1721 1347 magno

252 1348 328 1388 sibi
358 1350 543 1390 veniente
587 1355 672 1389 tam
717 1364 739 1388 a
767 1349 900 1389 Roma
931 1364 1057 1403 quam
1105 1365 1128 1389 a
1159 1348 1376 1404 Byzantio,
1407 1349 1523 1388 cuius
1554 1349 1721 1403 Asperis

252 1410 343 1445 erat
372 1406 577 1459 magister.
635 1404 740 1445 inito
770 1411 907 1445 autem
942 1411 1090 1445 contra
1122 1405 1359 1445 Gizericum
1396 1405 1558 1459 praelio
1592 1420 1721 1459 supe-

252 1467 363 1501 ratus
391 1468 450 1502 est
474 1463 760 1502 Romanorum
787 1461 1002 1515 exercitus,
1030 1462 1174 1517 sicque
1188 1461 1427 1503 Bonifacius
1452 1476 1548 1502 cum
1569 1462 1718 1516 Asperi

249 1518 422 1557 Romam
451 1519 615 1558 veniens
646 1518 921 1572 suspicionem
951 1517 1153 1569 dissolvit,
1182 1518 1245 1559 rei
1270 1519 1448 1560 veritate
1468 1525 1718 1559 monstrata.

249 1587 383 1627 porro
414 1575 551 1614 Africa
582 1574 721 1615 taliter
753 1580 811 1615 est
849 1574 1042 1614 Vandalis
1082 1576 1266 1616 subacta.
1325 1581 1427 1616 tunc
1459 1582 1501 1616 et
1529 1575 1718 1616 Marcia-

252 1644 325 1668 nus
346 1661 356 1677 ‚
404 1632 474 1685 qui
514 1631 780 1685 postmodum
810 1631 1046 1685 imperavit,
1089 1644 1185 1672 cum
1214 1631 1331 1672 miles
1361 1638 1465 1674 esset
1498 1637 1541 1674 et
1570 1632 1717 1688 Asperi

251 1686 490 1738 deserviret,
522 1687 636 1727 vivus
663 1703 686 1727 a
717 1688 908 1728 Gizerico
941 1687 1332 1743 comprehenditur.

79 1764 240 1810 p.1488
362 1764 508 1805 Mundi
538 1780 645 1806 anno
679 1764 800 1817 5937,
829 1766 993 1808 divinae
1022 1767 1321 1809 incarnationis
1350 1782 1461 1808 anno
1494 1765 1592 1819 437,
1625 1769 1718 1809 Βο-

250 1834 396 1861 manae
443 1821 546 1861 sedis
585 1824 668 1863 Leo
714 1823 975 1876 pontificium
1015 1825 1152 1879 gerit,
1186 1824 1422 1879 imperante
1459 1823 1715 1876 Theodosio,

73 1892 108 1926 p.
127 1880 191 1915 150
216 1876 366 1916 Gellius
397 1877 559 1931 imperii
600 1879 809 1933 trigesimo
844 1894 954 1920 nono
1003 1894 1111 1920 anno
1144 1881 1322 1922 Procius
1353 1881 1718 1936 Constantinopo-

250 1932 397 1973 litanus
428 1934 620 1984 moritur,
665 1935 729 1974 cui
758 1936 940 1976 succedit
981 1938 1201 1978 Flavianus
1246 1938 1470 1994 presbyter
1498 1944 1540 1979 et
1564 1953 1717 1979 sceuo—

247 1989 399 2044 phylax
430 1991 622 2031 ccclesiae
653 1992 1163 2047 Constantinopolitanae,
1197 1994 1264 2035 vir
1292 2009 1410 2035 sacer
1438 2000 1480 2035 et
1507 2001 1713 2036 strenuus.

249 2050 374 2099 atque
407 2046 579 2101 Cyrillus
610 2048 899 2088 Alexandrinus
930 2050 1035 2091 obiit
1063 2052 1258 2102 antistes,
1289 2051 1356 2091 cui
1387 2051 1643 2107 subrogatur
1671 2053 1711 2092 in

247 2100 343 2196 sede}
371 2101 612 2158 Dioscorus,
641 2104 714 2159 qui
744 2104 972 2146 nullatenus
1013 2114 1106 2148 erat
1139 2107 1421 2161 didascalicus,
1445 2108 1518 2150 sed
1545 2108 1713 2151 immitis

249 2163 290 2197 et
340 2171 447 2199 eruS.

352 2236 505 2300 'Mundi
524 2252 632 2277 anno
652 2236 772 2289 5940,
804 2238 965 2282 divinae
988 2241 1286 2285 incarnationis
1307 2258 1420 2285 anno
1438 2238 1536 2297 440,
1568 2243 1711 2301 Chry-

246 2292 410 2346 saplnus
441 2293 651 2334 eunuchus
672 2294 867 2348 palatium
887 2304 928 2337 et
947 2298 1078 2352 ipsum
1101 2300 1402 2354 imperatorem
1426 2307 1582 2355 tenens,
1613 2317 1710 2342 cum

247 2348 454 2390 invideret
494 2350 678 2390 Flaviani
719 2354 1045 2407 consecrationi,
1093 2358 1292 2412 suggessit
1322 2357 1584 2413 imperatori,
1621 2357 1709 2400 sine

245 2404 398 2445 malitia
429 2405 615 2446 existenti
644 2412 684 2446 et
712 2409 822 2461 apud
851 2409 1155 2452 Chalcedonem
1186 2414 1366 2467 degenti,
1395 2414 1598 2455 mandare
1627 2429 1709 2468 pa-

245 2461 453 2503 triarchae
483 2467 532 2501 ut
558 2463 744 2504 mitteret
772 2479 852 2517 pro
881 2469 1194 2511 consecratione
1212 2471 1290 2511 sibi
1322 2471 1636 2513 henedictiones
1658 2473 1705 2524 ἢ.

115 2531 148 2566 p.
166 2519 230 2555 151
246 2531 330 2572 quo
360 2519 470 2559 facto
493 2522 549 2571 **)
578 2519 855 2575 Chrysaphius
885 2530 1070 2566 avertens
1099 2526 1311 2570 mandavit
1341 2542 1486 2569 aureas
1519 2528 1706 2583 impera·-

289 2655 322 2702 *)
349 2653 641 2711 benedictiones]
667 2669 698 2689 v.
720 2657 932 2694 Menai-dum
955 2661 1001 2695 ad
1027 2664 1254 2700 concordiam
1278 2666 1492 2713 regularum.
1522 2665 1701 2701 Flodoar-

338 2701 422 2735 dum
447 2703 530 2737 hist.
556 2704 640 2738 eccl.
666 2706 761 2738 Rem.
790 2707 813 2741 2
843 2711 897 2743 11.
947 2709 1051 2744 Fun.

268 2770 321 2819 **)
337 2770 606 2858 ‘matzil—fram}
619 2773 804 2810 Fabi-otus.
829 2776 925 2812 idem
939 2789 1022 2814 mox
1047 2793 1180 2819 aureas
1193 2784 1314 2830 posuit
1337 2796 1402 2831 pro
1423 2795 1467 2819 eo
1495 2783 1596 2832 quod
1623 2788 1701 2819 erat

480 2846 492 2855 .
513 2834 536 2856 n
565 2834 585 2857 r
608 2835 661 2857 as.
