1794 3250
263 216 363 266 250
463 223 747 267 ANASTASII
788 223 1049 268 HISTORIA
1089 224 1511 270 ECCLESIASTICA

265 345 331 378 cet
360 343 402 379 et
433 340 597 390 Aaron,
641 339 759 381 xenia
804 340 962 390 multa,
993 346 1119 396 pacto
1159 342 1324 381 firmato
1365 348 1412 382 ut
1440 355 1522 396 per,
1546 340 1726 397 singulos

263 409 391 435 annos
421 395 477 436 eis
506 410 673 437 censum
710 397 933 438 tribueret.
1000 403 1043 437 et
1074 399 1180 438 facta
1211 412 1314 453 pace
1341 397 1626 449 discesserunt,
1659 398 1728 438 di-

133 458 248 504 p.707
263 451 470 493 mittentes
503 452 628 494 etiam
660 458 702 494 et
739 454 954 494 civitatem
982 454 1187 495 Nacoliae.
1254 454 1350 494 tulit
1382 460 1519 496 autem
1553 461 1595 496 et
1624 456 1724 496 Ata-

260 515 368 548 zates
395 523 570 550 uxorem
598 523 716 550 suam
737 517 779 551 et
808 526 973 551 omnem
998 510 1280 551 substantiam.

369 594 490 633 Anno
522 592 690 648 imperii
716 594 777 634 sui
824 594 977 648 tertio,
1019 609 1124 649 pace
1151 596 1258 634 facta
1304 609 1398 635 cum
1438 595 1642 636 Arabibus
1685 600 1726 635 et

256 647 373 688 aditu
404 655 590 704 reperto,
621 650 802 691 Heirene
831 651 962 692 mittit
988 651 1251 691 stauracium
1281 651 1504 705 patricium
1534 657 1575 692 et
1606 653 1725 706 logo-

256 705 414 746 thetam
440 705 579 746 dromi
604 721 699 746 cum
727 707 886 748 virtute
914 708 1045 748 multa
1075 715 1226 748 contra
1248 709 1724 762 sclavinorumgentes.

256 761 329 817 qui
358 776 453 802 cum
501 761 776 805 descendisset
818 764 858 804 in
890 764 1140 805 Thessaliam
1184 771 1227 806 et
1258 765 1501 816 Graeciam,
1549 764 1727 805 subiecit

255 832 396 859 omnes
438 824 482 860 et
528 819 773 861 tributarios
815 821 913 860 fecit
951 821 1148 876 imperio.
1220 821 1412 862 introivit
1443 829 1581 862 autem
1611 828 1653 861 et
1684 820 1725 860 in

253 874 614 929 Peloponnesum,
656 883 698 918 ct
729 876 904 917 multam
950 878 1235 933 captivitatem
1265 885 1307 919 et
1340 878 1504 919 exuvias
1533 880 1725 919 Romano

254 930 432 986 imperio
464 933 619 973 attulit.

366 1006 485 1044 Anno
505 1005 670 1059 imperii
687 1005 949 1046 Constantini
963 1021 1010 1047 ac
1022 1006 1226 1048 Heirenae
1241 1013 1393 1062 quarto
1408 1007 1533 1048 rediit
1550 1008 1729 1048 staura-

253 1059 354 1112 cius,
375 1060 426 1101 de
445 1076 529 1116 quo
546 1062 836 1116 supradictum
861 1069 932 1114 est,
952 1069 994 1104 et
1010 1064 1178 1114 Sclavis,
1200 1069 1240 1104 et
1252 1063 1470 1119 triumpho
1489 1064 1728 1104 manifesta..

253 1117 314 1156 vit
341 1118 545 1171 trophaea
586 1118 626 1158 in
657 1118 985 1173 Hippodromio.
1058 1135 1195 1161 mense
1225 1127 1364 1160 autem
1403 1120 1515 1161 Maio
1545 1120 1728 1161 eiusdem

251 1173 450 1226 septimae
481 1174 719 1215 indictionis
750 1175 875 1216 exivit
915 1177 1158 1230 imperatrix
1179 1177 1360 1217 Heirene
1404 1192 1486 1217 una
1515 1192 1610 1216 cum
1639 1177 1726 1217 filio

251 1244 328 1270 suo
357 1235 399 1271 et
426 1230 586 1271 virtute
615 1232 786 1286 copiosa
818 1232 858 1272 in
889 1232 1123 1285 Thracem,
1167 1233 1464 1274 circumferens
1500 1249 1656 1288 organa
1685 1239 1729 1274 et

251 1291 392 1326 cetera
422 1301 574 1340 genera
617 1288 900 1338 musicorum,
945 1295 987 1329 et
1019 1290 1093 1330 ivit
1123 1304 1253 1345 usque
1279 1290 1508 1344 Beroeam,
1549 1297 1591 1331 et
1619 1290 1727 1330 hanc

251 1343 461 1383 aedificari
505 1345 648 1385 iubens
686 1345 918 1387 nominavit
959 1345 1292 1401 Heirenopolim.
1363 1346 1479 1387 venit
1517 1353 1654 1387 autem
1685 1351 1728 1386 et

252 1413 381 1454 usque
410 1398 462 1440 ad
508 1400 780 1455 Philippolim
822 1417 918 1442 cum
950 1403 1065 1443 omni
1105 1403 1357 1456 securitate,
1389 1409 1431 1445 et
1459 1402 1597 1455 rediit,
1629 1418 1727 1444 cum

250 1456 546 1499 construxisset
573 1458 699 1498 etiam
731 1458 994 1499 Anchialum.

363 1529 523 1570 Eodem
544 1545 715 1586 quoque
737 1547 846 1572 anno
867 1537 908 1572 et
925 1533 1109 1573 Arabum
1128 1532 1207 1574 dux
1227 1531 1354 1583 Maeli,
1373 1531 1446 1588 qui
1463 1538 1504 1574 et
1517 1531 1725 1584 Maumed,

123 1587 443 1629 n.708mortuus
474 1593 545 1637 est,
581 1594 622 1627 et
651 1588 836 1628 obtinuit
865 1591 997 1630 Moses
1030 1589 1135 1629 filius
1167 1590 1265 1630 eius.
1312 1603 1450 1644 porro
1481 1589 1620 1644 pridie
1651 1589 1725 1628 ka-

254 1641 470 1682 lendarum
500 1644 861 1698 Septembriarum
892 1645 1074 1686 eiusdem
1097 1647 1296 1699 septimae
1320 1645 1557 1687 indictionis
1574 1645 1726 1686 Paulus

253 1699 450 1739 almificus
480 1706 523 1740 et
551 1701 824 1742 sanctissimus
852 1702 1096 1756 patriarcha
1126 1703 1357 1743 infirmatus
1389 1703 1592 1743 thronum
1623 1702 1727 1742 reli-

254 1756 359 1810 quit,
387 1762 430 1796 et
456 1755 702 1797 descendens
733 1757 782 1797 ad
805 1760 1102 1800 monasterium
1118 1759 1237 1799 Flori
1258 1759 1526 1800 monachium
1548 1758 1728 1811 suscepit

254 1811 457 1863 habitum,
490 1812 666 1866 imperio
697 1813 935 1869 ignorante.
966 1830 1061 1856 cum
1091 1822 1230 1856 autem
1259 1816 1342 1856 hoc
1362 1816 1568 1856 didicisset
1597 1815 1730 1868 impe-

254 1868 398 1918 rati-ix,
427 1869 543 1909 venit
572 1869 624 1910 ad
656 1884 751 1910 eum
782 1886 876 1911 cum
905 1872 990 1912 filio
1022 1872 1149 1912 tristis
1182 1879 1224 1913 et
1248 1873 1439 1916 clamans.
1497 1873 1628 1912 “cur''
1660 1871 1726 1910 in-

255 1924 349 1980 quit
378 1924 487 1966 “hoc
529 1925 700 1966 fecisti.''
759 1934 801 1968 at
844 1929 911 1968 ille
941 1943 1036 1969 cum
1075 1928 1265 1969 lamentis
1295 1929 1436 1969 multis
1468 1928 1527 1969 ait
1556 1927 1607 1968 ad
1637 1941 1728 1967 eam

254 1981 440 2021 “utinam
476 1997 552 2022 nec
582 1997 764 2038 unquam
795 1984 984 2026 sedissem
1014 1986 1055 2025 in
1088 1984 1311 2026 sacerdotii
1344 1985 1523 2037 throno,
1556 1983 1729 2026 ecclesia

254 2036 321 2077 dei
351 2038 617 2094 tyrannidem
647 2040 854 2094 patiente,
883 2041 1132 2096 praesertim
1160 2055 1256 2081 cum
1274 2041 1394 2082 scissa
1423 2047 1476 2082 sit
1505 2056 1529 2082 a
1557 2041 1728 2095 reliquis

255 2094 555 2135 universalibus
584 2095 749 2137 sedibus
779 2103 820 2137 et
838 2098 1223 2138 anathematizata.”
1283 2113 1390 2154 quae
1422 2098 1588 2138 demum
1621 2096 1729 2137 asci-

255 2157 319 2190 tos
349 2151 548 2204 patricios
577 2157 619 2191 et
650 2159 812 2193 senatus
847 2154 1055 2208 primores
1085 2154 1197 2194 misit
1226 2154 1278 2194 ad
1310 2169 1406 2196 eum
1438 2153 1586 2194 audire
1620 2168 1728 2209 quae

255 2207 307 2246 al)
338 2207 427 2262 ipso
458 2208 735 2258 dicebantur;
764 2210 834 2265 qui
865 2210 966 2251 dixit
1002 2210 1054 2250 ad
1087 2211 1177 2250 illos
1207 2211 1312 2251 “nisi
1341 2209 1523 2267 synodus
1553 2210 1728 2250 univer.

256 2265 347 2303 salis
376 2264 472 2316 liat,
504 2271 544 2304 et
574 2278 699 2305 error
728 2266 799 2321 qui
829 2267 953 2307 estin
1003 2267 1142 2308 medio
1173 2268 1298 2308 vestri
1332 2267 1586 2322 corrigatur,
1617 2266 1728 2306 salu·

259 2326 341 2360 tern
374 2335 456 2361 non
489 2319 735 2362 habebitis.''
803 2330 846 2363 at
889 2323 947 2364 illi
980 2323 1176 2364 dixerunt
1218 2323 1255 2364 ei
1284 2328 1358 2364 “et
1383 2338 1515 2380 quare
1546 2322 1730 2364 subscri-

259 2377 373 2430 psisti
394 2406 406 2426 ,
455 2392 548 2417 cum
579 2379 910 2432 consecrareris,
955 2394 1037 2420 non
1070 2387 1112 2421 te
1141 2386 1486 2421 consecraturum
1516 2380 1728 2419 iconam?”

259 2436 317 2472 ait
352 2440 488 2474 autem
520 2433 701 2475 “etenim
745 2435 904 2475 idcirco
945 2436 1134 2478 lamentis
1182 2437 1343 2477 afficior
1387 2443 1427 2477 et
1471 2437 1643 2477 cucurri
1675 2435 1728 2475 ad

260 2490 589 2543 poenitentiam,
634 2490 934 2545 deprecaturus
979 2493 1126 2545 deum,
1161 2509 1212 2534 ne
1241 2494 1346 2535 sicut
1372 2492 1633 2534 sacerdotem
1664 2506 1730 2531 me

261 2546 449 2598 cruciet,
496 2547 570 2602 qui
618 2547 820 2587 tacuerim
864 2562 992 2602 usque
1035 2565 1146 2590 nunc
1179 2557 1221 2590 et
1256 2564 1360 2604 prae
1387 2551 1543 2590 timore
1572 2547 1729 2588 furoris

260 2603 387 2642 vestri
419 2618 504 2644 non
544 2603 875 2658 praedicaverim
920 2605 1138 2646 veritatem
1162 2610 1183 2626 ''
1239 2613 1280 2646 et
1310 2606 1350 2646 in
1382 2605 1443 2646 his
1471 2604 1730 2645 obdormivit

123 2675 160 2713 p.
178 2658 302 2701 709in
335 2673 450 2712 pace,
481 2659 683 2700 derelicto
717 2662 897 2700 lamento
923 2661 1054 2700 multo
1099 2669 1181 2703 tam
1215 2662 1392 2717 imperio
1423 2676 1549 2716 quam
1580 2661 1656 2714 piis
1689 2667 1730 2700 et

263 2714 462 2769 religiosis
488 2717 549 2757 rei
579 2716 773 2768 publicae
802 2717 922 2759 viris:
952 2717 1146 2759 colendus
1170 2719 1280 2759 enim
1313 2719 1379 2758 vir
1398 2725 1501 2768 erat,
1532 2724 1574 2757 et
1599 2731 1728 2771 supra

259 2785 496 2812 mensuram
525 2773 774 2822 misericors,
809 2788 857 2812 ac
882 2773 995 2813 omni
1023 2776 1258 2816 reverentia
1278 2775 1440 2830 dignus,
1470 2775 1730 2827 multamque

261 2826 385 2868 fidem
415 2827 597 2870 habebat
632 2836 718 2871 tam
747 2845 810 2871 res
851 2830 1020 2884 publica
1061 2846 1186 2887 quam
1218 2832 1440 2886 imperium
1472 2845 1572 2886 erga
1600 2829 1727 2869 illum.
