1768 3268
287 216 377 262 198
474 233 475 237 ’
497 219 777 263 ANASTASH
814 220 1073 262 HlSTORtA
1115 216 1434 261 ECCLE51AST
1438 217 1526 259 ICA

283 344 454 392 argento
489 345 714 396 ceteroque
747 345 951 394 apparatu
983 339 1157 393 repertis
1196 351 1324 390 usque
1355 335 1405 374 ad
1437 349 1606 374 auream
1635 350 1738 388 por-

154 402 267 449 p.587
282 402 366 435 tam
398 396 700 447 discurrentes,
739 392 913 451 totaque
949 395 1111 434 Thrace
1158 393 1313 447 praeda
1357 396 1582 441 evacuata,
1617 391 1742 431 illaesi

281 465 375 490 cum
406 452 630 492 innumeris
659 453 883 506 pecoribus
914 452 966 491 ad
996 451 1172 504 propria
1202 453 1298 487 sunt
1326 447 1494 488 reversi.
1551 447 1742 486 similiter

280 514 321 547 et
353 508 504 548 Arabes
546 508 753 549 Misthiam
798 513 1001 562 ceperunt
1045 515 1087 546 et
1115 507 1192 545 alia
1224 509 1381 556 castra,
1423 504 1554 544 multa
1583 504 1742 557 praeda

279 563 526 604 familiarum
558 564 834 618 plurimarum
865 570 906 604 et
934 577 1136 617 pecorum
1167 560 1531 600 innumerabilium
1560 560 1683 599 sacta.

392 643 510 682 Anno
541 643 704 696 imperii
733 641 956 696 Philippici
984 639 1162 680 secundo
1196 639 1330 678 movit
1359 638 1585 678 exercitum
1603 638 1739 678 Habas

280 704 429 738 contra
458 700 719 749 Romaniam,
750 705 792 738 et
824 693 936 752 cepit
975 695 1236 736 Antiochiam
1266 694 1445 735 Pisidiae
1487 709 1582 734 cum
1611 695 1740 734 multa

277 753 456 808 praeda,
489 760 529 795 et
559 769 744 794 reversus
788 760 858 794 est.
927 754 1055 792 factus
1100 757 1236 790 autem
1269 757 1328 791 est
1363 757 1405 791 et
1434 758 1573 791 terrae
1601 757 1739 790 motus

277 811 318 849 in
351 810 482 864 Syria.
539 810 706 850 biennio
737 824 837 849 vero
870 809 1032 862 imperii
1063 807 1286 861 Philippici
1318 807 1358 846 in
1388 806 1448 847 his
1481 813 1737 858 transeunte,

277 867 474 920 circoque
507 867 698 906 natalicio
732 871 1028 915 consummato,
1059 879 1153 903 cum
1181 863 1343 904 Prasini
1371 863 1573 916 vicissent,
1606 863 1737 903 visum

276 927 336 961 est
361 923 605 975 imperatori
642 923 812 963 sabbato
847 926 1103 975 pentecostes
1137 920 1319 974 equitem
1350 934 1444 959 cum
1475 920 1738 973 susceptione

275 993 324 1017 ac
353 979 515 1031 organis
546 978 720 1032 ingredi,
752 984 792 1018 et
820 977 947 1016 lavari
980 977 1019 1016 in
1058 976 1228 1030 publico
1270 977 1421 1016 balneo
1451 975 1666 1030 Zeuxippi,
1696 980 1738 1016 et'

275 1049 368 1074 cuin
400 1034 553 1087 civ-ibus
581 1034 798 1088 prosapiae
839 1033 1032 1087 antiquae
1073 1032 1295 1086 prandere.
1355 1048 1447 1072 cum
1479 1038 1617 1072 autem
1646 1047 1736 1072 me-

274 1090 381 1129 ridie
415 1090 658 1144 quiesceret,
692 1096 864 1143 repente
893 1103 970 1143 per
999 1103 1169 1128 auream
1186 1095 1357 1143 portam
1384 1088 1577 1128 introivit
1604 1089 1735 1127 Rufus

271 1146 429 1198 primus
448 1153 676 1185 stratorum
694 1141 905 1200 Obsequii,
923 1174 933 1185 .
946 1174 956 1184 .
969 1175 977 1185 .
990 1151 1290 1198 ,cognomento
1306 1145 1442 1184 Burali
1463 1150 1503 1184 et
1516 1143 1734 1184 Theodori

272 1201 438 1254 patricii
467 1202 631 1255 Myaeii,
664 1216 756 1241 cum
786 1202 931 1242 taxatis
964 1215 1072 1256 quos
1104 1200 1285 1242 habebat
1314 1201 1355 1239 in
1373 1201 1537 1240 Thrace
1569 1201 1733 1240 thema..

271 1258 321 1297 tis
352 1258 425 1308 sui,
450 1264 491 1297 et
519 1258 710 1297 festinans
742 1258 780 1296 in
824 1259 1024 1311 palatium
1053 1257 1210 1298 invenit
1247 1255 1527 1312 Philippicum
1558 1257 1732 1297 meridie

133 1334 168 1368 p.
191 1322 260 1360 588
273 1314 560 1368 quiescentem,
593 1319 634 1353 et
666 1314 1011 1368 comprehensum
1041 1328 1136 1354 eum
1166 1313 1282 1354 duxit
1311 1328 1474 1354 sursum
1506 1313 1545 1352 in
1583 1321 1731 1354 orato-

270 1369 378 1409 rium
407 1369 691 1420 Prasinorum,
719 1376 761 1409 et
790 1370 871 1409 illic
902 1371 988 1410 eius
1022 1370 1162 1410 oculos
1193 1369 1317 1421 eruit,
1351 1370 1464 1410 nullo
1494 1370 1660 1410 sciente.
1692 1370 1731 1409 in

268 1425 492 1465 crastiuum
533 1431 694 1473 autem,
742 1425 782 1465 id
829 1433 887 1466 est
930 1433 1198 1480 pentecoste,
1231 1433 1480 1466 coacervato
1509 1426 1551 1465 in
1582 1441 1730 1480 magna

268 1481 438 1521 ecclesia
480 1482 639 1536 populo
677 1488 902 1522 coronatus
944 1489 1004 1522 est
1050 1483 1256 1522 Artemius
1300 1482 1460 1536 primus
1487 1499 1509 1522 a
1540 1483 1729 1532 secretis,

265 1543 427 1577 mutato
465 1538 632 1578 nomine
676 1540 916 1579 Anastasius
982 1540 1156 1579 sabbato
1204 1554 1306 1579 vero
1336 1545 1430 1593 post
1459 1546 1728 1593 pentecosten

267 1594 395 1633 oculis
429 1595 613 1647 privatus
644 1601 685 1634 et
705 1594 953 1635 Theodorus
974 1598 1165 1650 Myaces,
1195 1601 1237 1636 et
1268 1595 1451 1635 secundo
1483 1595 1653 1635 sabbato
1686 1596 1727 1635 id

265 1649 397 1702 ipsum
431 1650 604 1701 pertulit
634 1652 836 1707 Georgius
858 1651 1132 1706 Buratnphus,
1165 1659 1205 1692 et
1236 1653 1275 1692 in
1307 1651 1471 1693 exilium
1499 1652 1608 1692 missi
1634 1659 1730 1692 sunt

265 1704 377 1759 apud
407 1705 736 1747 Thessalonicen.

375 1784 518 1824 Mundi
551 1801 658 1825 anno
673 1785 794 1835 6906,
825 1785 987 1827 divinae
1018 1786 1316 1827 incarnationis
1351 1802 1460 1827 anno
1490 1785 1584 1836 706,
1616 1802 1727 1826 anno

266 1852 366 1878 vero
414 1840 576 1893 imperii
614 1842 784 1882 Artemii
824 1843 964 1896 primo
1009 1843 1263 1884 incursiones
1293 1844 1503 1884 Masalmas
1534 1842 1727 1883 adversus

262 1895 505 1935 Ros-naniam
536 1898 677 1946 movit,
709 1905 749 1938 et
778 1898 995 1952 dispoliata
1029 1900 1189 1939 Galatia
1221 1900 1347 1940 rediit
1375 1915 1469 1940 cum
1497 1899 1653 1953 praeda
1685 1905 1726 1938 et

261 1951 400 2003 spoliis
432 1953 576 1992 multis.
633 1961 692 1993 ast
715 1957 918 1995 Artemius
949 1957 1253 2010 magistratibus
1284 1957 1324 1996 in
1358 1956 1619 2010 equestribus
1648 1956 1727 1995 mi-

262 2007 360 2045 litiis
391 2007 635 2066 idoneis,'et
665 2011 980 2052 rationabilibus
1024 2013 1064 2052 in
1110 2014 1233 2053 rebus
1274 2012 1461 2052 civilibus
1508 2012 1726 2062 ordinatis,

262 2062 343 2102 iam
365 2065 563 2127 'requiem
606 2067 779 2120 degebat
820 2067 1003 2122 adeptus.
1062 2084 1244 2124 cumque
1274 2069 1428 2109 Arabes
1457 2075 1605 2108 contra
1637 2070 1724 2108 Ro-

221 2167 223 2171 !
263 2133 442 2158 maniam
474 2128 588 2161 terra
618 2123 805 2177 marique
836 2132 1117 2175 armarentur,
1164 2126 1273 2166 misit
1303 2126 1535 2179 imperator
1564 2125 1724 2178 princi-

263 2189 335 2228 pes
366 2175 405 2215 in
437 2177 599 2231 Syriam
630 2178 680 2217 ad
698 2179 861 2224 Vhalid,
896 2182 1006 2235 quasi
1038 2196 1119 2235 pro
1151 2182 1210 2221 his
1239 2197 1346 2237 qnae
1378 2182 1429 2221 ad
1452 2196 1597 2235 pacem
1624 2196 1727 2234 per-

264 2231 400 2271 tinent
430 2232 672 2284 locuturos,
718 2236 923 2276 Danielem
960 2237 1152 2278 videlicet
1196 2239 1306 2278 inter
1346 2238 1459 2288 alim,
1491 2238 1727 2292 Shmpiteu,

264 2287 490 2350 patricium
531 2297 572 2330 et
602 2291 856 2344 praefectum
890 2294 1027 2343 urbis,
1056 2295 1252 2334 mandans
1284 2295 1321 2334 ei
1355 2295 1575 2348 diligenter
1609 2295 1726 2334 inve-

263 2348 418 2397 stlgare
447 2344 498 2385 de
536 2352 654 2385 motu
683 2361 830 2387 eorum
871 2355 912 2388 ct
954 2351 1110 2391 virtute
1150 2359 1299 2391 contra
1342 2350 1590 2390 Rornaniam
1625 2365 1727 2391 con-

264 2399 476 2441 struenda.
551 2403 620 2457 qui
663 2418 756 2442 eum
786 2404 947 2445 abiisset
977 2412 1017 2446 et
1048 2415 1280 2457 remeasset,
1313 2408 1520 2447 nuntiavit
1550 2408 1728 2461 impera..

125 2468 253 2516 p‚589
268 2456 350 2495 tori
378 2472 571 2511 magnum
604 2466 751 2499 contra
783 2461 934 2513 regiain
969 2463 1116 2503 urbem
1146 2479 1223 2517 per
1254 2471 1411 2504 terram
1444 2470 1487 2503 et
1516 2478 1630 2503 mare
1662 2464 1726 2502 in.-

266 2518 541 2553 strumentum
578 2529 736 2558 eorum.
816 2522 914 2556 tune
959 2519 1024 2558 illc
1063 2520 1278 2573 praecepit
1321 2534 1406 2575 quo
1447 2520 1728 2574 unusquisque

267 2575 452 2622 sumptus
483 2585 613 2624 usquc
657 2571 708 2610 ad
741 2572 910 2611 triennii
941 2581 1099 2628 tempus
1129 2572 1304 2617 sollicite
1334 2583 1621 2630 praepararet,
1655 2576 1727 2630 qni

267 2629 407 2687 autem
439 2625 520 2665 hoc
548 2641 631 2665 non
663 2628 920 2681 possederit,
951 2631 1001 2669 ab
1035 2633 1150 2679 urhe,
1182 2633 1330 2688 inquit,
1365 2632 1560 2673 discedat.
1619 2647 1726 2672 con—

268 2685 401 2742 stituit
429 2688 565 2721 autem
598 2684 860 2736 praepositos
890 2689 1219 2729 construentium
1250 2704 1384 2740 naves,
1414 2696 1456 2729 et
1486 2690 1626 2743 coepit
1658 2705 1730 2728 ae-

270 2733 438 2775 dificare
469 2737 692 2779 dromones
723 2747 763 2780 et
803 2740 933 2780 dieses
977 2743 1164 2796 igniferas
1205 2753 1245 2785 ot
1273 2746 1466 2785 maximas
1498 2746 1658 2795 trieres,
1688 2752 1727 2784 et

271 2793 498 2833 maritimos
531 2794 696 2849 quidem
737 2798 953 2838 renovavit
992 2813 1159 2853 muros,
1189 2802 1377 2842 similiter
1411 2807 1548 2843 autem
1579 2808 1619 2842 ct
1650 2809 1733 2842 ter-
