1728 3184
723 175 924 222 NOTAE.
1457 169 1558 229 443

95 296 395 354 grassatoribus
427 304 657 352 nuncupat.
713 297 829 340 bunc
859 312 961 353 ergo
990 313 1099 353 pene
1128 299 1411 355 desperatum,
1438 299 1565 341 etiam

98 355 151 397 de
181 353 410 396 traditione
440 369 514 395 sua
546 354 874 404 deliberantem,
901 355 1028 396 Petza
1060 356 1307 397 subveniens
1327 371 1351 398 e
1376 356 1567 397 manibus

97 411 312 460 Sabiniani
348 410 529 465 eripuit,
567 425 733 467 suoque
773 412 864 467 regi
891 411 1161 452 Theodorico
1203 427 1299 453 cum
1332 413 1568 466 gratiarum

96 468 262 509 actione
289 467 391 508 fecit
425 467 697 509 subiectum?
762 469 854 509 exin
891 467 1128 522 Procopius
1175 468 1227 509 de
1269 469 1379 510 bello
1419 468 1568 511 Gottb.

97 524 170 565 lib.
206 524 229 565 1
263 522 455 565 nonnihil
486 530 649 566 remote
674 524 726 564 ab
755 523 890 565 initio.
918 524 1151 564 “mnndum
1177 524 1417 580 lllyriorum
1442 540 1570 580 prae·

98 581 256 621 fectum
284 580 328 620 in
356 580 611 621 Dalmatiam
659 581 908 621 lastinianus
948 582 1086 631 misit,
1118 581 1269 621 Gothis
1297 587 1398 621 tunc
1425 581 1572 623 subdi-

98 643 198 687 tam,
226 643 306 678 etc.
362 636 432 678 hic
451 637 526 678 etsi
552 637 757 678 barbarus
787 652 953 692 genere,
986 637 1210 677 maximum
1233 644 1369 677 tamen
1400 638 1441 678 in
1475 651 1570 677 mo-

100 692 200 734 dum
234 693 502 748 imperatoris
533 694 658 735 rebus
687 694 908 746 studebat,
940 700 983 735 et
1009 693 1120 735 bello
1150 693 1414 748 praevalidus
1443 696 1571 735 erat.’'

209 766 306 818 340,
333 766 373 806 5.
428 766 503 807 καί
541 766 588 808 ἐν
627 767 688 822 τῷ
725 767 1043 820 παραγενέσθαι
1072 762 1220 819 αὐτόν]
1253 767 1306 807 de
1332 765 1479 807 Mundi
1507 765 1573 806 vi-

97 822 232 863 ctorin
263 822 453 864 meminit
480 824 746 865 Marcellinus
777 838 913 865 comes
948 825 989 863 in
1020 823 1239 863 chronico.

209 895 322 938 Ibid.
355 896 420 936 15.
477 895 534 952 τῷ
564 894 1029 952 τεσσαρεσκαιδεκάτῳ]
1061 896 1247 950 epitome
1274 893 1480 949 Procopii
1523 893 1576 936 de

106 950 188 992 bel.
215 951 332 993 Pers.
363 953 434 995 lib.
455 954 480 994 2
508 953 562 994 ad
591 952 787 994 medium.
845 952 1175 993 additamentum
1197 950 1444 992 Marcellini.

210 1021 308 1075 342,
341 1025 380 1066 2.
437 1021 717 1079 Ἀβανδᾰζην]
747 1026 984 1080 Procopius
1014 1025 1261 1066 Badaranes.

204 1091 324 1141 ,IbicL
357 1093 425 1133 12.
482 1092 741 1133 παπυλεῶνα
769 1089 966 1145 ἐπήξατο]
998 1094 1167 1133 subitum
1198 1092 1399 1146 tugurium
1427 1104 1484 1130 ex
1512 1102 1578 1129 as-

98 1149 547 1260 ῗιῖᾌέῖρῗὲἕιραεαωι,
573 1150 684 1206 quod
712 1150 983 1206 papylionem
1013 1158 1172 1192 vocant.
1232 1147 1408 1199 Gallice,
1435 1146 1578 1186 Hune.

215 1276 316 1328 344,
348 1279 416 1320 12.
495 1277 735 1332 Ου’πίγην]
772 1274 977 1330 Ἰούτγιον
1016 1276 1184 1332 scripsit
1210 1275 1401 1332 superius
1428 1279 1583 1316 auctor

98 1350 194 1392 pag.
227 1332 320 1387 174,
350 1337 403 1377 de
432 1349 517 1391 quo
558 1335 640 1375 alia
668 1335 711 1374 in
742 1334 867 1375 variis
898 1333 1162 1375 lectionibus.

209 1408 318 1449 Ibid.
331 1408 398 1448 21.
458 1406 672 1459 Τιμοθέου
701 1404 948 1461 ἐπισκόπου]
978 1406 1176 1446 nonnulla
1206 1420 1254 1446 ex
1274 1404 1350 1456 his,
1383 1418 1461 1445 nec
1486 1404 1582 1459 pari

100 1465 230 1506 modo
261 1471 432 1506 narrata
465 1463 673 1519 Euagrius
704 1463 775 1503 lib.
795 1461 823 1503 4
854 1477 944 1517 cap.
977 1463 1025 1503 11
1054 1469 1097 1504 et
1116 1461 1184 1505 36.
1242 1463 1441 1502 Severum
1472 1461 1584 1501 inter

101 1537 150 1563 ac
179 1521 384 1562 Iulianum
417 1527 557 1562 ortam
589 1519 936 1571 controversiam,
977 1534 1026 1560 ac
1057 1518 1141 1561 eius
1171 1518 1391 1560 materiam
1422 1517 1583 1559 descri-

97 1579 165 1620 bit
191 1579 410 1619 Liberatus
441 1592 533 1632 cap.
569 1575 619 1618 19
649 1575 703 1616 ad
731 1577 871 1617 finem.

211 1651 309 1705 345,
339 1649 383 1692 9.
441 1650 640 1703 Παῦλον]
673 1650 880 1706 Euagrius
896 1650 1076 1689 Zoilum.
1110 1653 1263 1688 auctor
1291 1647 1381 1703 ipse
1409 1646 1452 1687 in
1481 1646 1580 1687 anni

101 1709 311 1765 sequentis
339 1708 546 1748 laterculo
574 1707 740 1746 Zoilum
770 1712 968 1748 recenset.

210 1781 320 1826 Ibid.
354 1779 419 1822 13.
477 1781 524 1822 ἐν
549 1780 654 1834 μηνί
671 1775 924 1836 Ὀκτωβρίῳ]
961 1778 1071 1818 hanc
1100 1776 1212 1818 luem
1239 1791 1349 1817 anno
1376 1782 1578 1832 sequente

100 1839 264 1881 ltaliam
292 1837 520 1893 pervasisse
547 1842 756 1878 memorat
798 1835 1126 1876 additamentum
1155 1833 1418 1874 Marcellini:
1450 1847 1577 1888 quam

97 1910 179 1951 per
202 1895 441 1936 universum
472 1894 620 1935 orbem
658 1894 822 1934 incerto
854 1907 980 1933 cursu
1019 1897 1211 1946 vagatam
1242 1891 1433 1930 referunt
1465 1890 1575 1928 Pro-

99 1951 248 2006 copius
277 1951 330 1992 de
358 1951 470 1992 bello
488 1951 656 1991 Persico
675 1950 747 1991 lib.
766 1949 805 1999 2,
841 1948 1035 2005 Agathias
1064 1948 1176 1988 libro
1210 1946 1374 2003 quinto,
1405 1951 1448 1986 et
1462 1945 1578 1985 Eua-

97 2009 211 2064 grius
241 2008 327 2048 eius
354 2013 567 2062 spectator
593 2007 665 2050 lib.
698 2007 727 2047 4
754 2020 846 2060 cap.
876 2005 945 2059 38,
973 2003 1232 2059 eandemque
1258 2002 1480 2043 Antiochia
1508 2015 1578 2041 ca-

99 2071 175 2120 pta
203 2064 377 2106 biennio
410 2064 691 2119 posteriorem
726 2063 894 2104 scribit:
934 2063 1002 2103 cui
1031 2066 1182 2101 auctor
1211 2059 1432 2101 assentitur
1466 2071 1575 2098 anno

99 2128 198 2163 ante
230 2127 493 2176 praesentem
524 2119 725 2162 secundo.

207 2193 318 2236 Ibid.
342 2190 405 2232 14.
466 2190 492 2245 ἦ
522 2189 771 2245 ὖπαπαντή]
804 2205 1000 2233 occursus
1033 2189 1232 2231 dominici
1261 2189 1410 2228 festum
1440 2185 1576 2226 eccle-

94 2249 258 2292 siastica
287 2251 377 2304 lege
409 2249 449 2288 in
482 2249 714 2290 Occidente
742 2264 763 2288 a
793 2248 957 2289 Gelasio
990 2254 1086 2287 ante
1115 2261 1240 2287 annos
1270 2243 1325 2285 30
1372 2241 1578 2284 celebrari

95 2306 265 2360 iussum,
291 2306 566 2360 imperatoria
594 2311 804 2360 potestate
831 2319 911 2360 per
938 2304 1159 2344 Orientem
1207 2301 1420 2342 observari
1450 2312 1577 2362 prae-

95 2363 210 2419 cepit
234 2363 495 2416 lastinianus,
526 2362 579 2402 ob
610 2363 827 2402 liberatam
862 2361 1034 2402 mortali
1074 2361 1143 2400 lue
1173 2359 1254 2399 CP.
1283 2358 1340 2397 ita
1371 2357 1576 2396 Baromus

98 2421 143 2461 in
171 2419 284 2460 notis
317 2419 370 2459 ad
398 2426 574 2474 martyr.
603 2419 725 2459 Rom.

211 2486 321 2528 Ibid.
354 2485 419 2527 16.
477 2482 551 2526 καί
577 2486 633 2541 τῷ
662 2483 902 2542 Αὐγούστῳ
929 2483 1056 2538 μηνί]
1085 2482 1136 2524 de
1165 2482 1289 2522 variis
1317 2485 1457 2520 terrae
1488 2491 1583 2518 mo-

97 2544 210 2586 tibus
246 2545 328 2584 CP.
357 2544 476 2584 factis
507 2542 739 2597 Procopius
767 2541 841 2582 lib.
860 2541 888 2583 3
921 2542 973 2582 de
992 2541 1104 2582 bello
1132 2537 1384 2588 Gothorum,
1412 2543 1454 2578 et
1468 2539 1582 2591 Aga-

97 2601 204 2643 thias
234 2600 310 2642 lib.
339 2601 363 2641 2
394 2608 437 2641 et
469 2601 495 2640 5
525 2599 652 2639 variis
680 2598 796 2642 locis.

207 2672 305 2724 346,
333 2671 375 2714 4.
426 2671 704 2728 Ἐξουμιτῶν]
736 2672 777 2712 in
808 2670 1110 2715 relatinonibus
1138 2665 1396 2720 Aethiopicis
1421 2663 1475 2704 ad
1494 2677 1579 2728 ‘so-

97 2729 256 2771 cietatis
286 2731 374 2771 Iesu
406 2729 642 2785 generalem
671 2744 783 2770 anno
817 2725 926 2770 1624
958 2727 1063 2768 datis
1092 2724 1308 2766 scribitur.
1337 2722 1405 2762 die
1436 2734 1577 2775 primo

97 2785 308 2829 Fremona
341 2787 501 2829 deserta
532 2788 704 2841 Aecum,
733 2801 841 2842 quae
872 2782 1085 2841 quondam
1115 2782 1292 2833 Auxum,
1325 2794 1347 2819 a
1377 2793 1462 2834 qua
1491 2779 1582 2818 Au-
