1794 3250
254 207 351 255 306
760 211 817 252 ΙΝ
848 209 1223 252 'HIEOPHANEM

255 339 410 366 murum
423 323 601 375 simibus
638 324 849 365 tolleretur
865 354 880 373 ,
912 325 990 363 vix
1030 325 1208 380 quinque
1233 322 1344 362 horis
1371 319 1547 374 mediis,
1571 320 1727 362 adven-

253 391 362 421 tante
390 382 576 421 εχει-εἰη(
593 413 603 432 ,
632 383 856 434 sexaginta
896 382 1078 437 quinque
1104 380 1238 420 millia
1269 379 1598 421 Alemannorum
1626 381 1728 418 ceci-

252 439 325 477 dit.
384 438 494 477 idem
527 439 785 492 Pomponius
823 439 990 478 Laetus.
1056 436 1256 478 Eusebius
1287 435 1340 475 ad
1369 450 1523 475 annum
1554 435 1727 476 Diocle-

253 494 355 535 tiani
393 493 443 534 13
476 494 516 533 in
551 494 770 537 chronico.

370 567 433 619 10,
467 567 505 608 7.
564 567 648 607 τῶν
677 566 798 607 πέντε
819 564 1073 618 Γεττιανῶν]
1097 565 1499 621 quinquegentianos
1528 579 1613 606 uno
1632 579 1727 607 ver-

253 625 310 665 bo
344 624 538 665 dixerunt
565 625 792 678 scriptores
838 624 944 663 infra
976 622 1198 673 referendi,
1231 637 1334 678 quos
1366 627 1517 662 auctor
1552 622 1729 664 Gentia-

253 696 340 731 nos,
370 682 546 737 quinque
576 695 777 731 numero,
808 680 920 720 viros
955 679 1184 719 arbitratus
1216 685 1287 722 est.
1346 679 1513 720 eosdem
1547 679 1730 720 Gentia—

255 753 326 778 nos
354 738 520 792 scripsit
558 737 813 791 Pamponius
850 738 1012 778 Laetus,
1085 735 1354 776 Maximianus
1380 736 1474 776 inde
1501 737 1729 777 translatus

255 796 298 834 in.
335 793 524 848 Africam
560 795 785 834 Gentianos
828 794 997 847 devicit,
1041 794 1115 848 qui
1155 794 1234 833 vix
1259 808 1402 849 pacem
1447 794 1730 849 impetrarunt.

254 851 597 907 quinquagenarii
634 860 673 891 et
709 865 832 907 supra
875 864 968 890 eum
1005 864 1216 890 numerum
1258 863 1477 897 annorum,
1510 851 1555 889 1ιί
1583 850 1729 890 milites

236 909 384 960 ficere,
415 909 486 964 qui
513 906 707 961 Africam
743 907 994 963 diripiebant
1007 937 1019 958 ‚
1050 906 1245 961 cupientes
1285 906 1363 945 sibi
1389 921 1554 960 regnum
1585 907 1734 946 vendi-

257 978 364 1003 care.
424 965 655 1017 Eutropius
690 963 761 1003 lib.
795 962 832 1004 9.
889 977 980 1004 cum
1015 964 1214 1016 Africam
1243 963 1604 1019 quinquegentiani
1626 963 1735 1013 infe-

254 1029 415 1060 starent.
491 1020 681 1060 Aurelius
721 1020 871 1060 Victor
918 1019 1303 1074 quinquegentanas
1346 1020 1534 1060 nationes
1576 1020 1734 1074 posuit.

255 1076 397 1116 eodem
424 1086 606 1132 tempore
643 1076 849 1117 Orientem
898 1077 1076 1128 Persae,
1111 1076 1322 1126 Africam'
1340 1076 1543 1129 Iulianus,
1574 1089 1626 1116 ac
1653 1090 1735 1116 na-

255 1134 382 1173 tiones
410 1135 780 1188 quinquegentanae
806 1133 992 1187 graviter
1013 1133 1257 1189 quatiebant.
1314 1132 1528 1187 Egnatius.
1559 1132 1737 1172 Diocle-

256 1191 390 1230 tianus
421 1191 731 1230 Maximianum
764 1190 898 1229 Gallis
936 1188 1153 1246 praefecit.-
1188 1204 1313 1246 eoque
1344 1187 1528 1244 confecto
1557 1189 1662 1229 bello
1689 1190 1737 1229 in

254 1244 445 1296 Africam
475 1246 666 1285 adversus
696 1248 1060 1303 quinquagenarios
1077 1246 1253 1286 transire
1280 1246 1410 1286 iubet.-
1442 1246 1648 1302 utrobique
1674 1260 1737 1285 se-

254 1303 344 1342 dati
371 1303 573 1354 tumultus,
595 1304 827 1353 Africanus
853 1313 959 1343 certe
977 1304 1190 1357 aliquanto
1210 1300 1435 1356 difficilius,
1466 1301 1583 1358 quod
1609 1303 1734 1358 quin-

255 1360 518 1414 quagenarii,
549 1369 588 1400 et
617 1374 742 1414 supra
771 1374 912 1400 eorum
942 1374 1146 1400 annorum
1177 1374 1386 1399 numerum
1413 1368 1632 1400 veteranus
1658 1359 1738 1399 mi-

254 1415 315 1456 les
342 1416 402 1455 ad
427 1417 656 1472 obsequium
688 1424 776 1456 tam
797 1415 936 1471 facile
964 1416 1098 1470 redigi
1125 1430 1202 1456 non
1230 1424 1408 1472 poterat.

369 1489 479 1529 Ibid.
506 1487 546 1531 8,
618 1489 750 1541 συνῆν
792 1488 839 1529 δὲ
882 1487 1015 1545 αὐτῷ]
1056 1489 1227 1529 Eusebii
1255 1489 1497 1543 opinionem
1527 1488 1598 1530 lib.
1631 1487 1651 1528 1
1687 1486 1740 1528 de

256 1545 342 1585 vita
376 1546 517 1586 Const.
543 1560 665 1600 capp.
703 1544 752 1585 13
787 1553 828 1586 et
865 1543 916 1587 14
961 1546 1154 1601 sequitur
1183 1551 1344 1587 auctor.
1418 1546 1539 1600 fugae
1569 1560 1593 1585 a
1622 1545 1738 1585 Con-

259 1602 441 1643 stantino
472 1609 669 1657 arreptae
697 1617 861 1643 causam
904 1602 1090 1643 eiusdem
1120 1602 1342 1644 ambitioni
1367 1603 1557 1644 Aurelius
1586 1602 1739 1644 Victor

262 1659 454 1714 imputat.

373 1732 480 1772 Ibid.
515 1730 583 1772 16.
646 1729 896 1785 Ουέτήριος]
932 1731 1143 1772 Veturium
1173 1731 1321 1772 scribit
1350 1732 1551 1773 Eusebius
1581 1730 1634 1772 ad
1665 1746 1741 1770 an.-

263 1803 364 1828 num
383 1788 636 1829 Diocletiani
671 1785 735 1841 14,
764 1789 830 1828 alii
861 1789 985 1829 codd.
1010 1788 1252 1828 Venturium
1281 1789 1424 1844 legunt
1450 1787 1563 1843 apud
1587 1789 1744 1829 Ponta-

263 1860 378 1885 cum:
410 1845 523 1900 apud
551 1860 675 1900 quem
695 1846 849 1886 iterum
881 1845 931 1886 de
947 1845 1127 1885 Veturio
1147 1844 1200 1884 ad
1230 1844 1331 1885 alios
1357 1860 1487 1885 annos
1518 1845 1588 1885 alii
1617 1845 1744 1884 codd.

263 1906 452 1942 narrant.
510 1901 655 1956 eligat,
685 1902 823 1957 inquit
852 1902 932 1954 ille,
961 1901 1110 1950 lector,
1145 1901 1261 1956 quod
1293 1901 1352 1941 illi
1380 1902 1505 1956 magis
1533 1900 1740 1957 probabi.-

262 1963 350 1999 tur.
407 1964 619 1999 caeterum
657 1959 853 2013 magister
884 1958 1056 1999 militiae
1097 1957 1356 2014 Hieronymo
1381 1958 1538 1999 dicitur
1567 1958 1609 1998 in
1642 1973 1744 1998 ver-

263 2014 393 2067 sione,
424 2014 497 2070 qui
525 2013 593 2054 hic
614 2012 1003 2069 στρατοπεδάρχης.

375 2088 489 2130 Ibid.
551 2087 670 2128 deest.
698 2089 822 2141 deest]
857 2087 1128 2129 Alexandriae
1158 2094 1199 2129 et
1225 2087 1472 2129 Antiochiae
1501 2087 1746 2143 praesulum

264 2144 361 2186 anni
394 2151 613 2200 praesente
653 2147 832 2185 canonio
865 2159 948 2185 non
988 2146 1178 2186 annotati
1217 2146 1428 2189 defectum
1469 2146 1523 2186 ad
1562 2159 1660 2202 pag.
1693 2142 1745 2185 23

264 2201 573 2243 observandum
603 2202 827 2242 inducunt.

377 2275 488 2315 [bid.
511 2274 573 2315 17.
632 2272 924 2325 Χριστιανούς
954 2266 1130 2329 ἤλαυνε]
1152 2275 1363 2316 Cedrenus
1390 2274 1609 2326 ἐξέβαλεν·
1644 2274 1747 2316 red-

265 2330 321 2371 do
349 2332 628 2372 exautoravit:
661 2331 842 2386 ideoque
870 2331 1054 2384 μετρίως
1086 2326 1257 2387 ἤλαυνε,
1293 2332 1391 2388 quia
1421 2346 1505 2372 non
1536 2332 1640 2381 vita,
1671 2331 1745 2372 sed

266 2389 439 2429 militari
471 2389 639 2443 cingulo
671 2388 916 2428 mulctabat.

380 2461 444 2513 11,
480 2461 518 2502 1.
574 2458 709 2517 τούτῳ
739 2461 796 2516 τῷ
833 2457 920 2501 ἔτει
956 2457 1242 2516 Μαξιμιανός]
1286 2462 1336 2502 de
1369 2460 1536 2502 cauonii
1567 2474 1746 2516 praece-

267 2519 400 2560 dentis
427 2533 635 2559 annorum
668 2519 834 2559 defectu
854 2519 995 2558 variae
1026 2519 1223 2561 lectiones
1254 2519 1546 2560 consulendae.

380 2592 487 2634 Ibid.
547 2588 654 2632 κατὰ
679 2588 900 2643 Νάρσεως]
933 2591 1153 2631 victoriam
1177 2592 1228 2633 de
1256 2593 1391 2634 Persis
1427 2591 1477 2631 ad
1512 2605 1664 2631 annum
1684 2586 1749 2640 14,

267 2648 530 2703 triumphum
560 2648 611 2689 ad
643 2663 796 2688 annum
819 2646 869 2688 18
903 2648 1038 2687 verius
1060 2649 1321 2704 Theophane
1353 2648 1524 2688 ascribit
1547 2646 1746 2687 Eusebius

268 2701 310 2744 in
339 2705 571 2746 chronico:
606 2705 820 2746 Cedrenus
849 2710 1068 2745 auctorem
1094 2701 1292 2760 sequutus
1324 2706 1374 2746 ad
1406 2719 1561 2745 anuum
1592 2702 1657 2743 17.
1705 2707 1749 2741 at

268 2767 384 2801 certe
425 2764 570 2803 Narses
608 2769 704 2803 ante
744 2776 873 2802 annos
916 2775 982 2801 sex
1022 2761 1123 2802 vivis
1163 2768 1345 2817 ereptus,
1377 2761 1674 2815 Ormisdasque
1703 2759 1744 2798 in

269 2818 448 2858 canonio
482 2833 611 2859 annos
644 2818 832 2874 quinque
860 2818 943 2858 iam
972 2831 1160 2873 regnans,
1189 2827 1409 2860 auctorem
1437 2818 1660 2874 deceptum
1678 2830 1746 2858 ar-
