1768 3268
570 187 641 226 Ex
689 185 724 224 T
725 184 1038 226 HEOPuANE.
1444 181 1464 223 1
1480 179 1535 223 17

66 297 202 349 ficilia,
230 296 361 339 multa
397 297 658 338 incurrentes
688 297 889 352 pericula.
950 310 1131 351 cumque
1148 297 1208 336 sol
1239 301 1356 337 ortus
1388 296 1541 347 suisset,

67 370 90 394 a
121 354 357 395 calamitate
390 354 690 405 liberabantur,
724 354 887 395 nemine
906 358 1196 408 persequente,
1228 360 1268 393 et
1289 368 1392 406 perv
1397 354 1540 394 enien-

55 416 125 452 ,tes
151 410 206 452 ad
226 417 481 466 praetorem
506 410 619 453 hunc
650 410 812 451 iniuriis
838 410 1021 465 pessimis
1055 410 1410 463 blasphemabant.
1467 424 1542 451 ve-

65 482 162 508 rum
191 467 339 509 Persae
366 468 505 508 fictam
534 468 810 510 existimantes
830 469 968 523 fugam
988 466 1184 522 persequi
1216 466 1299 506 ausi
1319 481 1404 507 non
1433 473 1542 508 sunt.

63 539 200 590 porro
230 524 446 566 Heraclius
476 531 730 566 transmeans
746 525 922 590 Tigrim,
952 538 1227 578 quaecunque
1257 522 1441 564 Medicae
1472 538 1542 564 re-

63 580 198 636 gionis
228 587 351 622 erant
372 581 545 637 insignia
583 581 781 636 praedia,
821 581 906 636 igni
934 580 1158 633 tradebat,
1189 587 1231 621 et
1262 580 1320 621 sic
1354 580 1407 620 ad
1439 580 1543 620 Phi..

66 638 271 694 lippicum
303 638 431 680 rediit
460 653 556 678 cum
581 638 724 694 spoliis
755 637 909 678 multis.

176 710 322 752 Mundi
352 726 462 751 anno
483 709 607 762 6079,
634 711 801 751 divinae
823 709 1121 751 incarnationis
1137 724 1247 749 anno
1265 708 1361 762 579,
1391 710 1541 765 quinto

64 767 231 822 imperii
259 768 454 808 Mauricii
489 783 599 809 anno
646 770 831 808 Avarum
874 768 1082 823 chaganus
1124 766 1298 807 foedere
1342 767 1590 814 dissolutop
1601 766 1672 802 396

62 823 237 881 Mysiam
265 830 307 866 et
325 824 537 881 Scythiam
567 826 773 866 atrociter
802 825 1079 880 expugnabffiit
1108 824 1353 863 subvertens
1374 824 1545 864 Ratiar-

63 895 159 921 nam
201 888 244 923 et
272 882 506 922 Bononiam
547 888 590 923 et
627 882 753 937 Aquis
796 888 837 922 et
881 880 1160 921 Dorostolum
1198 887 1240 921 et
1275 880 1471 945 Zatndapa
1503 887 1544 922 et

62 937 430 1005 Marcianopolim.
466 939 752 980 Comentiolus
783 953 886 978 vero
921 938 973 978 ad
1002 938 1214 978 maritima
1245 937 1374 989 venit,
1407 943 1448 978 et
1478 953 1545 978 se-

61 1001 216 1049 parato
246 996 437 1037 exercitu
468 995 766 1050 improbabiles
798 996 994 1036 discrevit
1022 995 1073 1035 ab
1105 994 1287 1048 optimis,
1318 1000 1361 1035 et
1390 994 1544 1035 inutilis

61 1050 231 1106 quidem
260 1052 425 1092 virtutis
449 1052 728 1108 quadraginta
751 1052 862 1092 milia
881 1051 1093 1092 custodire
1116 1051 1269 1091 vallum
1300 1051 1427 1103 iubet,
1462 1052 1545 1092 ele-

61 1114 233 1149 ctorum
263 1115 402 1149 autem
432 1124 500 1150 sex
521 1110 632 1149 milia
664 1123 839 1159 sumens,
872 1109 956 1149 duo
982 1108 1093 1148 milia
1116 1122 1162 1148 ex
1191 1107 1250 1148 his
1269 1107 1400 1148 tradit
1416 1085 1542 1148 'Casto

62 1170 106 1206 et
137 1164 222 1205 duo
240 1166 438 1217 Mat-tino,
468 1172 510 1206 et
539 1166 626 1220 ipse
647 1165 810 1206 duobus
826 1164 1000 1220 sumptis
1024 1170 1174 1205 contra
1205 1164 1406 1204 barbaros
1441 1180 1546 1219 pro-

61 1228 198 1276 perat.
274 1223 416 1263 Castus
463 1228 603 1262 autem
643 1223 812 1262 veniens
854 1221 1049 1276 Zandapa
1091 1228 1134 1261 et
1170 1222 1336 1271 Emon,
1366 1222 1544 1276 repertis

61 1277 253 1319 barbaris
283 1277 324 1318 in
357 1278 513 1320 desidia
538 1279 788 1329 constitutis,
820 1279 970 1319 multos
1004 1293 1049 1318 ex
1080 1278 1136 1318 eis
1167 1277 1386 1330 disperdit,
1414 1292 1543 1332 prae..

62 1334 246 1390 demque
278 1335 454 1376 multam
492 1336 682 1376 obtinens
726 1336 936 1390 armigero
983 1334 1035 1375 ad
1063 1334 1305 1374 salvandum
1337 1335 1543 1375 tradebat·

58 1392 265 1432 Martinus
296 1398 437 1432 autem
476 1392 589 1433 circa
620 1395 740 1433 Mean
772 1393 983 1432 civitatem
1021 1391 1205 1442 effectus,
1237 1397 1280 1432 et
1310 1391 1352 1430 in
1388 1391 1546 1446 chaga-

60 1463 162 1488 num
189 1462 237 1489 ex
266 1447 481 1503 inspeiato
507 1448 742 1500 incurrens,
772 1448 923 1489 multos
947 1448 1112 1489 virtutis
1146 1448 1232 1488 eius
1264 1448 1450 1500 extinxit,
1485 1448 1545 1488 ita

57 1511 106 1546 ut
135 1505 203 1546 ille
231 1504 407 1546 salutem
443 1520 559 1546 suam
604 1506 701 1561 fuga
740 1511 949 1546 me1catus
979 1505 1044 1549 sit.
1112 1505 1318 1545 Martinus
1346 1519 1448 1546 veno
1480 1504 1545 1544 vi-

58 1563 195 1602 ctoria
222 1562 407 1617 gloriosa
451 1568 653 1617 percepta
687 1561 738 1601 ad
768 1569 1013 1617 praetorem
1059 1562 1368 1614 revertebatur,
1399 1560 1471 1600 ubi
1501 1575 1544 1602 se

56 1618 308 1673 promiserat
337 1633 408 1659 cos
437 1625 767 1674 expectaturum.
839 1619 1125 1659 Comentiolus
1156 1623 1294 1658 autem
1315 1616 1543 1658 formidine

56 1689 219 1728 pressus
249 1675 604 1731 Marcianopolim
640 1675 793 1723 rediit;
827 1676 899 1731 qui
932 1690 1016 1716 non
1038 1675 1293 1715 invenientes
1323 1688 1418 1714 eum
1451 1675 1541 1715 col·

57 1733 252 1787 legerunt
293 1733 497 1773 exercitus
525 1748 647 1783 suos,
678 1738 720 1774 et
766 1747 846 1787 per
891 1739 1030 1773 altum
1061 1732 1204 1773 locum
1244 1731 1360 1771 Aemi
1402 1738 1541 1771 castra

55 1796 243 1830 movent.
311 1795 354 1830 at
397 1804 500 1830 vero
532 1790 740 1830 Martinus
781 1788 923 1830 videns
979 1789 1214 1843 cbaganum
1254 1793 1588 1847 tlanseuntemp-
1609 1785 1678 1822 397

56 1843 232 1886 fluvium
261 1845 314 1886 ad
340 1852 583 1901 praetorem
612 1846 751 1888 rediit.
811 1846 955 1887 Castus
986 1851 1126 1886 autem
1157 1846 1336 1886 transito
1355 1842 1540 1886 flumine

55 1902 404 1958 appropinquans
443 1902 503 1943 his
542 1903 615 1958 qui
659 1909 1017 1958 praecurleiffant
1051 1904 1236 1944 Avarum
1265 1901 1430 1942 obtinet
1459 1916 1540 1956 pu-

55 1973 190 2013 gnam.
246 1973 382 2014 porro
413 1960 511 2000 vani
540 1959 757 2001 cuiusdam
788 1959 1002 2000 daemonis
1029 1958 1427 2013 repromissionibus
1465 1957 1539 1998 ‹le-

56 2021 204 2069 ceptus
247 2029 331 2056 non
381 2017 509 2058 rediit
554 2017 607 2056 ad
646 2021 907 2072 praetorem.
984 2023 1239 2081 posteraque
1286 2015 1353 2055 die
1397 2020 1541 2055 tenens

57 2072 252 2112 transitus
283 2071 490 2128 chaganus
534 2073 738 2114 conclusit
767 2087 876 2113 eum.
944 2072 1152 2114 scinditur
1181 2073 1310 2127 igitur
1340 2071 1540 2125 populus,

55 2134 98 2169 et
126 2129 425 2184 unusquisque,
455 2137 504 2171 ut
533 2130 642 2170 vires
669 2129 868 2181 habebat,
907 2144 987 2184 per
1020 2106 1541 2183 nemo1a³fugiebat.ca-

52 2185 234 2239 piuntm
264 2185 406 2240 itaque
436 2186 610 2242 quidam
652 2202 674 2227 a
704 2186 911 2237 balbaris‚
942 2192 984 2227 et
1015 2186 1203 2226 indicant
1246 2185 1317 2225 ubi
1349 2185 1541 2225 latitabat,

56 2243 231 2286 Castus:
277 2247 319 2282 et
359 2242 440 2282 boc
483 2250 610 2308 capto
645 2244 886 2284 exultabant
917 2249 959 2283 et
998 2244 1273 2283 lmietabmtur
1332 2241 1538 2295 chaganus

52 2311 150 2339 sane
197 2312 277 2353 per
319 2299 538 2340 meridiem
582 2300 665 2341 iter
711 2314 832 2355 agens
879 2307 1029 2340 contra
1071 2299 1279 2339 Thracem
1301 2303 1537 2362 properat,

51 2355 304 2410 Longosque
341 2369 485 2396 muros
514 2357 689 2411 accepit.
735 2332 806 2397 vat
831 2355 1197 2421 commentiolus,
1239 2354 1311 2410 qui
1359 2355 1399 2393 in
1429 2353 1537 2394 silvis

53 2412 172 2452 Aemi
202 2411 406 2462 latitabat,
439 2427 533 2452 cum
560 2412 747 2454 Martino
778 2412 917 2464 exivit,
946 2419 989 2453 et
1018 2412 1267 2467 perveniens
1302 2410 1353 2450 ad
1383 2410 1536 2465 chaga-

53 2481 155 2508 num
184 2468 438 2522 imparatum
471 2468 630 2510 invenit
670 2483 721 2510 eo
758 2469 873 2524 quod
904 2444 1090 2509 'Avarum
1128 2466 1355 2509 multitudo
1389 2466 1535 2507 diffusa

53 2531 158 2564 esset
185 2539 264 2579 per
291 2525 519 2573 Thracem3
550 2532 592 2565 et
623 2527 761 2580 prima
795 2525 935 2581 vigilia
967 2525 1100 2566 noctis
1140 2528 1350 2580 properat
1380 2521 1534 2563 adver..

53 2593 117 2620 sus
149 2581 264 2621 illum
278 2587 504 2636 ,essetque
532 2583 728 2635 profecto
762 2597 785 2622 a
820 2596 862 2622 se
893 2597 997 2636 opus
1022 2582 1164 2635 ingens
1195 2584 1422 2644 patratum,
1457 2579 1532 2619 nisi

53 2643 225 2678 eventus
256 2638 428 2694 quidam
459 2638 622 2679 falleret
643 2638 729 2679 eius
751 2646 967 2679 conatum.
1027 2652 1111 2677 uno
1134 2637 1291 2692 quippe
1322 2635 1534 2676 animante

54 2707 157 2733 onus
191 2695 479 2760 subvertente,
533 2694 702 2750 quidam
738 2695 910 2736 domino
947 2694 1164 2735 animantis
1194 2691 1395 2732 acclamat
1426 2708 1530 2732 onus

54 2749 228 2804 erigeie,
259 2751 521 2805 patriavoce
550 2751 688 2792 dicens
718 2755 887 2816 “torna,
922 2759 1060 2802 torna,
1094 2751 1265 2789 f1·ate1.''
1323 2753 1365 2788 et
1394 2747 1530 2788 domi·
1546 2763 1580 2799 p
1609 2753 1681 2788 398

55 2819 130 2847 nus
161 2807 333 2863 quidem
364 2808 500 2849 mulae
530 2822 678 2849 vocem
708 2808 881 2850 minime
909 2807 1137 2849 sentiebat:
1171 2805 1240 2846 sed
1272 2806 1418 2860 populi
1450 2805 1530 2846 boc
