1768 3268
523 204 594 245 Ex
635 201 983 245 THEOPHANB.
1402 199 1495 245 137

33 322 203 370 verunt,
229 323 359 373 atque
370 317 659 359 Romanorum
685 318 888 359 exercitus
915 324 1099 372 uterque
1123 316 1403 374 depopulatus
1426 321 1501 369 est,

34 376 94 416 ita
125 380 174 415 ut
203 388 300 415 cum
329 374 547 415 Heraclius
587 381 788 429 regnaret
822 379 866 416 et
901 373 1212 429 inquisitionem
1240 380 1504 416 armatorum

35 446 134 473 cum
159 445 318 472 summa
349 429 560 486 diligentia
587 431 759 481 faceret,
787 445 840 472 ex
868 431 985 472 omni
1003 431 1270 472 multitudine
1297 432 1367 471 illa
1396 445 1505 486 quae

36 488 205 528 inventa
234 488 375 528 fuerat
401 487 446 527 in
472 493 490 527 t
522 487 700 537 rannide
726 487 921 528 Mauricii
953 502 1052 529 cum
1088 487 1246 537 Phoca,
1284 487 1506 539 neminem,

37 544 201 586 duobus
233 544 427 600 exceptis,
525 550 668 585 atenus
695 543 922 586 inveniret.

149 618 272 658 Anno
307 617 450 672 primo
496 616 664 670 imperii
706 618 768 657 sui
794 617 956 658 Phocas
996 623 1199 672 tyrannus
1226 617 1433 671 peremit,
1461 623 1512 658 ut

37 672 303 728 praedictum
330 679 403 726 est,
430 673 683 714 Mauricium
710 688 792 714 una
820 688 917 715 cum
939 673 1128 714 masculis
1157 674 1344 729 quinque
1368 674 1512 728 pueris

39 730 140 781 eius,
170 736 213 771 et
240 730 395 771 borum
436 730 577 784 capita
606 730 721 770 iussit
754 730 860 785 poni
891 731 934 770 in
968 744 1118 784 campo
1147 730 1389 770 Tribunalis
1421 730 1514 771 die-

40 786 118 827 bus
145 786 316 838 multis;
345 791 390 828 et
426 786 595 828 exibant
636 787 688 828 ab
718 787 827 828 urbe
855 793 898 827 et
935 787 1333 841 contemplabantur
1364 801 1412 827 ea
1443 801 1514 827 us-

42 858 127 898 que
156 855 243 898 quo
272 843 484 897 foetorem
527 842 748 887 dederunt.
820 843 1075 884 interficitur
1114 849 1254 884 autem
1295 848 1337 883 et
1364 844 1515 884 Petrus

43 901 180 940 frater
208 898 295 940 eius
321 904 365 939 et
393 899 464 939 alii
491 913 690 954 proceres
718 899 851 941 multi.
908 899 1193 941 Theodosium
1221 907 1361 940 autem
1385 899 1518 940 filium

44 955 131 996 eius
160 953 298 997 sermo
325 960 442 996 tenet
468 956 565 1011 fuga
595 956 757 1011 lapsum
785 962 828 997 et
856 956 914 996 ita
941 957 1100 997 salvum
1130 962 1360 1012 repertum.
1389 970 1520 1010 prae-

43 1017 160 1053 terea
188 1012 340 1052 famam
365 1011 475 1054 hanc
501 1013 707 1054 Chosroes
734 1013 958 1054 Persarum
988 1027 1060 1054 rex
1088 1014 1383 1068 augmentavit,
1407 1012 1520 1053 aliud

45 1069 255 1124 aliterque
290 1069 513 1122 mentitus,
540 1075 585 1111 et
629 1069 744 1110 hunc
787 1070 901 1124 apud
938 1084 981 1110 se
1022 1069 1180 1110 hahere
1214 1070 1368 1119 dicens,
1402 1069 1520 1125 quasi

46 1125 277 1180 providere
303 1139 347 1166 se
373 1132 422 1166 ut
447 1126 736 1166 Romanorum
768 1127 962 1167 obtinere
988 1141 1158 1181 sperans
1188 1126 1412 1180 imperium
1430 1157 1441 1177 ‚
1473 1131 1521 1166 ut
1532 1140 1569 1175 p·
1587 1126 1659 1164 450

47 1183 263 1222 convictus
290 1188 352 1222 est
382 1182 522 1222 multis
549 1182 694 1233 modis,
726 1184 901 1223 maxime
928 1197 979 1223 eo
1009 1182 1126 1239 quod
1163 1182 1272 1223 bella
1301 1182 1523 1237 repentina

46 1244 239 1279 moveret
266 1244 310 1279 et
326 1239 531 1278 Romanas
561 1253 625 1279 res
644 1253 901 1295 magnopere
932 1239 1182 1280 devastaret.
1240 1239 1402 1279 interea
1434 1238 1522 1278 cal-

49 1293 263 1349 ligraphus
285 1293 452 1350 quidam
467 1295 752 1344 Alexandriae,
763 1296 1010 1336 venerabilis
1030 1297 1106 1348 vir,
1126 1310 1174 1336 ex
1193 1296 1398 1335 matutina
1415 1295 1522 1350 vigi-

51 1351 108 1390 lia
134 1350 308 1391 domum
339 1350 490 1391 vadens
519 1351 654 1391 media
693 1358 817 1392 nocte
845 1351 961 1392 videt
989 1357 1141 1392 statuas
1174 1367 1221 1392 ex
1249 1352 1331 1391 aris
1359 1352 1523 1392 abstra-

51 1414 151 1458 ctas,
181 1412 225 1447 et
251 1420 358 1447 voce
381 1406 530 1461 grandi
549 1407 731 1449 dicentes
747 1409 1047 1462 interemptum
1066 1409 1317 1448 Mauricium
1346 1414 1389 1448 et
1416 1407 1522 1447 filios

52 1464 191 1519 ipsius,
223 1469 350 1518 atque
379 1478 519 1503 omnes
546 1478 660 1504 casus
693 1465 767 1520 qui
796 1464 910 1519 apud
935 1465 1180 1521 Byzantium
1210 1466 1380 1505 fuerant
1407 1465 1525 1518 gesti.

51 1535 176 1571 mane
208 1527 346 1560 autem
375 1520 488 1559 facto
514 1534 690 1576 pergens
731 1521 834 1561 haec
858 1521 1070 1576 Augustali
1103 1521 1263 1573 retulit,
1293 1521 1366 1576 qui
1394 1535 1525 1575 prae-

53 1577 166 1631 cepit
194 1577 231 1617 ei
262 1577 364 1616 nulli
396 1577 498 1617 haec
523 1578 662 1618 facere
690 1578 928 1629 manifesta,
958 1578 1228 1633 scribensque
1260 1577 1370 1618 dlem
1397 1591 1529 1632 prae-

52 1633 285 1674 stolabatur
313 1633 481 1674 exitum.
520 1632 588 1674 die
616 1648 719 1674 vero
749 1649 859 1674 nona
891 1640 1203 1689 praetereunte,
1232 1648 1329 1674 ecce
1357 1633 1527 1674 nuntius

53 1690 170 1732 venit
198 1690 382 1730 indicans
411 1690 606 1730 Mauricii
634 1691 983 1745 peremptionem.
1015 1697 1106 1731 tum
1135 1690 1395 1744 Augustalius
1425 1689 1527 1731 dae-

54 1761 229 1788 monum
255 1745 503 1786 vaticinium
533 1761 679 1787 coram
715 1748 878 1803 populo
911 1747 1155 1802 publicavit.
1213 1748 1357 1788 Narses
1388 1753 1526 1787 autem
1538 1760 1573 1795 p·
1593 1747 1663 1785 451

57 1802 269 1858 quondam
298 1808 475 1857 praetor
488 1805 700 1844 Romanus
730 1810 881 1845 contra
900 1810 1124 1860 tyrannum
1146 1804 1419 1845 rebellionem
1449 1818 1529 1859 pa-

58 1860 183 1910 ravit,
216 1859 498 1915 Edessamque
524 1860 720 1901 obtinuit.
777 1861 925 1901 scribit
954 1861 1096 1916 itaque
1126 1860 1289 1902 Phocas
1318 1862 1530 1901 Germano

58 1916 250 1970 praetori
290 1915 485 1956 Edessam
530 1916 761 1961 obsidendi.
839 1919 984 1959 Nax-ses
1032 1932 1136 1958 vero
1173 1917 1321 1958 scribit
1354 1916 1533 1958 Chosroi

59 1972 150 2027 regi
186 1972 409 2012 Persarum
447 1973 724 2029 congregandi
767 1974 943 2014 virtutes
981 1981 1025 2016 et
1067 1975 1225 2015 bellum
1263 1972 1534 2014 construendi

61 2034 210 2068 contra
239 2029 466 2069 Romanos.
524 2044 660 2084 porro
690 2029 855 2071 Phocas
878 2032 1056 2072 fratrem
1083 2045 1202 2071 suum
1217 2030 1536 2071 Domentiolum

62 2085 165 2125 fecit
191 2085 437 2139 magistrum
465 2092 508 2126 et
537 2087 728 2126 Priscum
758 2087 958 2127 comitem
986 2088 1293 2129 excubitorum.

172 2142 294 2181 Anno
333 2141 498 2196 imperii
538 2142 705 2184 Phocae
748 2143 931 2184 secundo
969 2143 1175 2184 chosroes
1219 2159 1291 2185 rex
1313 2143 1536 2184 Persarum

63 2196 288 2237 collectum
314 2200 529 2252 copiosum
573 2205 845 2253 potentatum
887 2200 1082 2241 adversus
1116 2203 1329 2241 Romanos
1371 2198 1535 2239 direxit.

63 2255 299 2293 Germanus
325 2261 466 2295 autem
507 2256 677 2296 audieus
717 2257 871 2298 timuit.
941 2272 1091 2297 verum
1120 2265 1288 2298 coactus
1331 2254 1537 2311 praelium

63 2309 186 2357 iniit;
215 2310 287 2364 qui
319 2325 415 2350 cum
446 2311 487 2350 in
517 2325 568 2352 eo
598 2312 840 2353 vulneratus
873 2314 1026 2365 fuisset,
1056 2314 1168 2354 hunc
1196 2313 1376 2354 ministri
1407 2325 1537 2365 usque

64 2365 118 2406 ad
144 2366 356 2407 civitatem
386 2368 681 2409 Constantinae
708 2369 929 2421 duxerunt,
961 2377 1302 2425 superanturque
1329 2367 1534 2409 Romani:

64 2421 136 2463 sed
165 2428 210 2463 et
240 2424 471 2463 Germanus
515 2424 734 2465 undecima
774 2425 842 2467 die
879 2427 1074 2481 spiritum
1105 2426 1320 2467 exhalavit.
1375 2423 1538 2464 Phocas

66 2485 208 2518 autem
253 2485 495 2533 potentatus
535 2480 586 2520 ab
629 2482 804 2536 Europa
843 2482 886 2521 in
917 2484 1051 2524 Asiam
1080 2482 1321 2533 transtulit,
1353 2480 1540 2534 chagano

66 2534 199 2588 pactis
221 2535 385 2583 additis,
402 2536 631 2577 arbitratus
651 2539 864 2592 quiescere
889 2540 1070 2580 Avarum
1098 2540 1322 2579 nationem.
1352 2537 1413 2576 his
1441 2550 1542 2591 ergo

68 2591 207 2631 divisis
235 2592 439 2646 quosdam
466 2599 616 2633 contra
645 2594 788 2635 Persas
817 2595 947 2647 misit,
981 2596 1181 2651 quosdam
1210 2608 1312 2634 vero
1343 2593 1397 2633 ad
1427 2593 1541 2633 obsi-

68 2646 237 2688 dionem
267 2649 442 2690 Edessae
469 2655 620 2690 contra
649 2653 820 2693 Nar-em
841 2667 936 2693 cum
950 2653 1131 2693 Leontio
1161 2649 1345 2705 spadone
1376 2654 1419 2689 et
1447 2665 1541 2689 ma-

69 2709 193 2758 gnate
236 2719 311 2744 suo
361 2705 527 2746 direxit.
597 2706 803 2749 Chosroes
842 2715 982 2749 autem
1029 2708 1212 2748 collectis
1251 2705 1540 2761 potentatibus
1551 2720 1587 2756 p.
1600 2707 1674 2746 452

71 2759 184 2813 apud
217 2761 350 2801 Daras
380 2762 577 2803 efficitur.
634 2767 925 2817 porroNarses
954 2778 1135 2819 egressus
1164 2763 1359 2804 Edessam
1388 2763 1540 2802 Hiera-

71 2816 203 2870 polim
233 2817 356 2873 fugit.
415 2818 576 2860 interea
605 2819 810 2863 Chosroes
838 2836 933 2862 cum
953 2820 1149 2862 Romanis
1182 2820 1230 2861 fit
1260 2833 1384 2875 penes
1415 2818 1536 2860 arda-
