1768 3268
543 205 616 247 Ex
653 202 1005 248 THEOPHANE.
1410 193 1504 243 149

35 334 79 360 se
106 318 353 360 transferret
382 318 587 360 victoriae
605 319 798 376 gloriam.
825 317 1045 361 credentes
1066 331 1238 374 quoqne
1253 332 1302 360 ex
1317 315 1508 372 profugis

32 382 326 430 properarunt
345 375 540 417 adversus
555 376 810 427 Heraclium,
832 382 876 416 et
891 374 1277 430 appropinquantes
1306 375 1345 416 ei
1374 378 1509 413 castra

36 431 186 472 metati
203 439 315 482 sunt,
345 433 532 474 volentes
550 433 594 472 in
612 447 710 473 eum
737 432 859 473 simul
885 446 982 472 cum
1003 445 1124 471 mane
1145 431 1323 472 irruere.
1343 435 1405 470 ast
1422 429 1511 469 He-

35 488 188 528 raclius
215 489 433 543 profectus
470 504 496 529 a
524 503 701 543 vespera
738 490 821 529 iter
849 488 949 529 fecit
976 502 1056 542 per
1084 492 1219 527 totam
1249 494 1439 536 noctem,
1470 490 1512 525 et

36 544 191 599 procul
206 545 377 586 effectus
394 546 447 587 ab
468 545 538 597 eis,
569 545 739 586 invento
764 545 978 585 herbifero
1001 558 1163 598 campo,
1186 550 1320 584 castra
1336 547 1514 582 metatus

40 601 172 642 estin
215 615 281 641 eo.
350 615 487 656 porro
533 601 706 642 barbari
746 601 1028 642 existimantes
1069 615 1168 642 eum
1214 615 1261 639 ex
1289 598 1515 638 formidine

34 658 196 712 fugere,
226 658 507 712 incomposite
533 658 834 714 sequebantur,
866 664 914 698 ut
944 655 1352 710 comprehenderent
1382 654 1513 694 illum.

37 713 126 768 ipse
153 719 295 754 autem
333 729 561 755 occurrens
602 714 660 756 eis
699 714 856 755 bellum
885 714 982 755 iniit
1008 712 1203 754 adversus
1234 712 1337 761 illos,
1368 716 1408 751 et
1438 725 1516 764 ap-

37 769 247 824 prehenso
279 770 388 812 colle
415 771 601 826 quodam
630 783 857 811 nemoroso
877 800 889 822 ,
919 775 1258 824 coacervatoque
1279 766 1440 822 populo
1474 767 1514 806 in

38 826 140 880 ipse,
175 827 483 881 cooperatione
511 826 577 869 dei
600 827 803 868 barbaros
832 826 976 878 vertit,
1004 832 1048 867 et
1078 840 1157 880 per
1176 827 1312 866 fauces
1339 824 1416 863 hos
1448 820 1654 869 imp-478

36 889 200 923 secutus
227 882 541 924 multitudinem
571 898 618 925 ex
650 883 712 923 bis
738 883 953 938 copiosam
993 882 1167 923 occidit.
1234 881 1347 922 cadit
1376 885 1516 919 autem

38 945 81 980 et
109 940 381 994 Sarablaggas
427 954 522 982 ense
564 940 805 981 vulneratus
846 940 888 979 in
917 938 1063 980 dorso.
1131 944 1175 980 et
1206 952 1303 978 cum
1332 937 1375 976 hi
1407 936 1518 975 inter

38 1009 191 1050 agones
211 1003 358 1046 essent,
389 996 583 1051 pervenit
614 997 740 1037 etiam
767 996 864 1035 Sain
891 1011 986 1035 cum
1007 996 1194 1037 exercitu
1216 1009 1305 1034 suo.
1364 998 1407 1033 et
1435 993 1518 1032 boc

40 1066 161 1092 verso
191 1051 454 1107 imperator,
496 1059 540 1094 et
567 1067 615 1094 ex
647 1052 710 1093 his
749 1052 887 1092 multis
916 1053 1075 1104 occisis,
1104 1051 1287 1106 reliquos
1316 1049 1518 1104 fugientes

39 1107 247 1162 dispersit.
330 1109 444 1163 cepit
488 1123 661 1164 quoqne
700 1114 746 1151 et
785 1115 1036 1164 apparatum
1081 1108 1269 1148 sarcinae
1311 1107 1517 1160 ipsorum.

35 1178 174 1218 porro
206 1165 459 1205 Sarbarazas
502 1165 642 1205 unitus
671 1165 770 1206 Sain
809 1164 978 1220 collegit
1010 1165 1231 1214 barbaros,
1268 1162 1340 1219 qui
1373 1161 1518 1202 salvati

36 1222 239 1272 fuerant,
279 1228 322 1263 et
350 1221 508 1262 iterum
537 1222 818 1278 disponebant
843 1228 994 1262 contra
1022 1221 1263 1262 Heraclium
1292 1217 1517 1274 proficisci.

41 1282 104 1317 ast
134 1277 370 1332 imperator
399 1277 442 1318 in
472 1277 644 1333 regione
661 1277 914 1318 Hunnorum
943 1284 986 1319 et
1014 1291 1096 1331 per
1126 1276 1280 1317 horum
1309 1275 1403 1316 loca
1435 1274 1519 1314 dis.

38 1333 164 1374 sicilia
190 1334 415 1375 festinabat
460 1334 502 1375 in
533 1334 686 1391 asperis
728 1332 832 1375 locis
861 1348 911 1374 ac
940 1334 1091 1386 deviis,
1120 1332 1294 1374 barbari
1324 1346 1426 1372 vero
1456 1344 1519 1371 se-

40 1390 281 1444 quebantur
310 1396 407 1445 post
434 1403 544 1432 enm.
615 1405 752 1446 porro
788 1390 887 1431 Lazi
918 1405 1001 1431 una
1043 1404 1139 1431 cum
1168 1389 1335 1444 Abasgis
1367 1387 1519 1428 formi-

39 1448 184 1487 dantes
211 1447 506 1487 subduxerunt
551 1460 594 1488 se
626 1447 678 1487 ab
706 1446 860 1487 auxilio
893 1447 1206 1496 Romanorum,
1235 1452 1277 1486 et
1305 1445 1348 1484 in
1376 1445 1519 1498 regio-

39 1517 135 1543 nem
173 1518 292 1544 suam
337 1503 497 1544 reversi
529 1508 638 1544 sunt.
706 1501 804 1543 Sain
839 1509 979 1543 autem
1005 1501 1090 1543 hoc
1118 1501 1338 1542 advertens
1367 1501 1518 1540 furore

11 1611 14 1618 Ι
37 1560 171 1599 multo
202 1575 286 1601 uua
314 1573 410 1599 cum
428 1559 615 1600 Sarbaro
643 1559 981 1614 persequebatur
1001 1559 1253 1600 Heraclium.
1307 1571 1405 1598 sane
1437 1556 1520 1595 im-

37 1621 215 1670 perator
244 1622 414 1656 caterva
441 1616 624 1656 collecta
666 1615 803 1656 verbis
830 1614 905 1656 hos
947 1615 1191 1656 exhortatus
1220 1619 1281 1655 est
1309 1618 1351 1654 et
1379 1611 1518 1652 moni·

40 1672 153 1713 mine
180 1671 385 1722 delinivit,
417 1672 606 1727 inquiens
637 1668 892 1712 “multitudo
923 1686 1021 1722 vos,
1051 1672 1217 1722 fratres,
1248 1669 1518 1710 inimicorum

43 1743 129 1767 non
157 1729 328 1770 turbet:
358 1728 438 1769 deo
467 1728 628 1784 quippe
651 1728 822 1770 volente
842 1742 946 1768 unus
973 1733 1254 1783 persequetur
1270 1726 1396 1766 mille.
1429 1740 1517 1765 ma-

41 1790 200 1825 ctemus
245 1799 349 1841 ergo
393 1791 557 1825 nosmet
603 1785 715 1839 ipsos
756 1799 839 1839 pro
870 1785 1003 1826 salute
1032 1785 1215 1824 fratrum
1246 1789 1516 1829 nostrorum;

39 1856 248 1882 sumamus
285 1855 492 1883 coronam
522 1849 781 1897 martyrum,
820 1855 906 1897 qno
939 1848 982 1882 et
1025 1841 1218 1880 futurum
1249 1855 1324 1879 nos
1354 1846 1515 1892 tempus
1527 1836 1649 1884 p·479

40 1897 182 1938 laudet
211 1904 255 1938 et
282 1898 381 1939 deus
411 1897 562 1938 reddat
587 1897 842 1939 mercedes.'’
872 1897 936 1937 his
965 1904 1007 1938 et
1039 1897 1127 1937 aliis
1154 1896 1347 1951 pluribus
1381 1895 1516 1935 verbis

45 1953 264 1994 audaciam
284 1954 486 1996 exercitui
516 1955 760 2006 conferens,
788 1953 911 1995 hilari
952 1954 1071 1994 vultu
1098 1953 1307 2008 praelium
1333 1951 1516 1993 ordinat.

44 2017 87 2050 et
112 2009 306 2051 distantes
325 2011 376 2051 ab
398 2010 578 2051 invicem
598 2010 819 2052 intervallo
837 2010 988 2065 pusillo
1008 2025 1032 2050 a
1059 2025 1181 2051 mane
1203 2024 1333 2064 usque
1364 2007 1416 2048 ad
1444 2022 1522 2048 ve-

41 2081 209 2120 speram
245 2067 422 2122 aggressi
467 2081 550 2108 non
588 2074 684 2108 sunt
711 2067 752 2107 in
786 2067 1054 2107 alterutrum.
1112 2078 1286 2121 vespere
1311 2080 1413 2106 vero
1445 2079 1520 2104 ar-

41 2128 167 2176 repto
197 2122 434 2177 imperator
475 2123 625 2164 itinere
674 2124 891 2178 pergebat.
960 2122 1133 2163 barbari
1164 2137 1267 2163 vero
1297 2129 1393 2176 post
1423 2136 1519 2160 eum

41 2179 198 2219 iterum
217 2180 511 2235 sequebantur,
544 2186 587 2220 et
613 2187 917 2221 commutantes
936 2179 1044 2219 viam
1070 2178 1183 2219 hunc
1205 2192 1520 2233 praeoccupare

38 2235 225 2276 volentes
255 2236 449 2276 incidunt
480 2236 522 2276 in
552 2237 643 2276 loca
673 2237 888 2290 palustria,
912 2243 955 2278 et
978 2235 1223 2277 aberrantes
1252 2235 1293 2276 in
1323 2248 1519 2288 magnum

41 2291 264 2332 discrimen
295 2292 541 2333 deveniunt.
614 2295 849 2348 imperator
876 2307 980 2334 vero
1009 2293 1211 2332 transiens
1240 2292 1339 2332 fines
1368 2291 1522 2330 Persa-

40 2363 139 2388 rum
168 2363 247 2404 per
277 2348 516 2389 Armeniam
543 2349 814 2404 peragrabat.
858 2364 954 2390 cum
984 2355 1123 2389 autem
1154 2354 1271 2389 terra
1300 2347 1368 2388 illa
1398 2351 1519 2386 tene-

39 2411 162 2446 retur
192 2420 217 2445 a
234 2404 383 2455 Persis,
414 2404 535 2444 multi
563 2419 659 2446 cum
679 2406 867 2447 Sat-baro
897 2410 1222 2456 concurrerunt,
1251 2418 1300 2444 ac
1329 2417 1408 2457 per
1434 2402 1517 2442 hoc

39 2461 176 2502 crevit
217 2461 401 2515 populus
439 2461 538 2501 eius.
606 2468 828 2515 praeterea
872 2462 1009 2503 bieme
1055 2461 1280 2502 accedente
1320 2458 1518 2513 dispersit

39 2516 350 2558 multitudinem
382 2532 463 2571 per
488 2518 579 2558 loca
611 2518 813 2572 ipsorum,
842 2524 890 2559 ut
919 2518 1229 2574 requiescerent
1251 2516 1291 2555 in
1324 2514 1518 2555 domibus

38 2573 137 2614 suis.
196 2588 283 2629 quo
314 2580 536 2627 comperto
553 2574 768 2614 Heraclius
796 2581 928 2616 noctu
959 2574 1093 2615 furari
1118 2572 1398 2613 meditabatur
1424 2571 1520 2611 bel-

39 2629 138 2669 lum.
199 2645 379 2685 cumque
410 2630 539 2670 turbo
570 2633 823 2685 tempestatis
866 2631 1024 2672 adesset
1053 2636 1095 2670 et
1124 2629 1309 2669 Sarbaro
1336 2627 1517 2682 suspicio

41 2686 152 2725 nulla
182 2686 458 2736 incumberet,
489 2687 629 2733 electis
646 2688 940 2728 robustissimis
967 2687 1083 2741 equis
1113 2691 1155 2725 et
1183 2684 1435 2725 fortioribus
1464 2683 1515 2722 ab

41 2742 251 2792 exercitu,
290 2742 520 2797 dupliciter
549 2742 624 2783 hos
654 2759 833 2795 armans,
865 2743 1069 2800 quosdam
1096 2756 1144 2782 ex
1174 2739 1239 2780 his
1263 2739 1521 2796 praecedere

38 2805 190 2840 contra
218 2799 452 2841 Sarbarum
483 2800 612 2850 iussit,
647 2799 734 2856 ipse
764 2815 867 2842 vero
897 2815 994 2845 cum
1027 2799 1114 2840 aliis
1143 2804 1246 2852 post
1274 2811 1345 2840 eos
1372 2796 1523 2838 subse-
