1728 3242
554 173 622 213 Ex
661 171 1007 215 THEOPHANE.
1412 171 1509 217 237

51 284 129 326 dit.
186 291 230 325 et
260 283 353 326 illos
393 283 563 340 quidem
595 284 701 326 duos
728 285 904 336 fratres,
932 285 1248 327 Constantinum
1288 288 1355 328 aio
1385 295 1513 343 atque

50 341 296 396 Stategium,
325 342 436 381 intra
464 341 693 382 venationis
720 348 835 396 septa
866 341 1012 395 capitis
1041 342 1400 385 animadversione
1427 359 1514 398 pu—

51 397 169 450 nivit,
195 397 329 438 multo
358 411 488 451 super
531 412 600 438 eos
630 397 743 437 facto
772 397 990 438 universae
1018 398 1150 451 plebis
1183 401 1378 448 lamento,
1407 401 1512 442 adeo

50 459 99 493 ut
116 462 219 494 *cum
246 452 330 494 hoc
357 452 563 494 didicisset
587 453 835 508 imperator,
871 453 1162 508 indignaretur
1188 463 1230 495 et
1258 457 1516 509 praefectum

48 508 310 564 Procopium
351 509 548 550 caederet
591 514 634 550 et
672 510 725 550 ab
764 509 1125 550 administratione
1163 510 1392 565 depelleret
1419 520 1518 553 tan-

51 580 177 620 quam
205 565 248 606 id
291 565 383 606 fieri
422 564 748 620 permittentem.
819 572 982 606 ceteros
1027 572 1167 606 autem
1206 582 1346 608 omnes
1389 570 1518 609 oculis

48 621 237 676 privatos
266 622 309 661 in
349 621 516 663 exilium
542 621 789 672 destinavit,
819 635 924 676 quos
954 627 997 662 et
1024 636 1103 675 per
1128 623 1309 678 singulos
1338 625 1517 677 mittens,

48 691 146 718 cum
173 684 277 719 esset
306 678 422 718 omni
461 677 710 718 crudelitate
748 679 909 732 plenus,
939 677 991 717 ad
1022 678 1114 719 loca
1145 678 1189 718 in
1218 680 1366 734 quibus
1395 680 1519 736 dege-

47 734 164 786 bant,
194 735 375 776 centenis
403 731 543 789 flagris
574 734 773 788 vapulare
800 733 984 774 iubebat.

157 817 299 858 Porro
327 817 455 858 tertio
482 816 678 858 kalendas
691 817 973 872 Septembrias
993 816 1176 858 eiusdem
1205 824 1380 873 quartae
1409 818 1520 859 indi-

52 873 203 914 ctionis
223 873 428 913 insaniens
458 872 566 914 idem
585 874 811 914 malivocus
831 874 1025 914 adversus
1046 874 1320 928 aequivocum
1340 879 1374 925 *)
1399 890 1519 916 suum

47 936 91 972 et
114 935 438 971 consentaneum
457 929 753 984 patriarcham,
772 936 814 970 et
842 930 1018 970 inventis
1040 931 1286 984 quibusdam
1302 932 1461 972 clericis
1478 939 1521 972 et

47 985 259 1027 monachis
289 985 484 1026 instruxit
516 986 606 1026 illos
649 992 697 1025 ut
728 986 916 1026 dicerent
945 985 1201 1027 “audivimus
1230 987 1518 1041 patriarcham

46 1057 143 1083 cum
171 1042 459 1096 podopaguro
483 1042 675 1082 adversus
703 1042 1006 1097 imperatorem
1044 1042 1286 1098 loquentem
1297 1046 1336 1094 ‚²³
1368 1050 1411 1084 et
1436 1045 1519 1084 mi·-·

46 1099 99 1140 sit
127 1112 198 1139 eos
226 1097 277 1138 ad
306 1098 624 1153 patriarchium,
648 1103 695 1138 ut
714 1105 939 1152 arguerent
967 1113 1075 1138 eum.
1133 1113 1313 1155 cumque
1342 1100 1412 1140 ille
1443 1115 1518 1141 ne..

46 1160 180 1210 garet,
213 1154 314 1195 fecit
341 1154 433 1195 illos
463 1155 516 1195 ad
543 1155 728 1208 pretiosa
750 1154 861 1208 ligna
889 1154 1030 1195 iurare
1057 1156 1231 1196 fatentes
1262 1160 1315 1196 “a
1334 1156 1519 1211 patriar-

46 1211 124 1251 cha
139 1210 358 1251 maledicta
383 1209 488 1250 haec
510 1210 778 1251 audivimus.’'
805 1211 916 1250 inter
934 1210 1037 1251 haec
1053 1225 1155 1265 ergo
1179 1211 1303 1264 misit,
1336 1218 1379 1253 et
1406 1213 1517 1253 bulla
1534 1230 1567 1265 p.
1586 1219 1658 1254 678

46 1267 223 1322 signavit
252 1266 570 1322 patriarchium,
600 1271 643 1307 et
668 1265 781 1306 hunc
802 1267 922 1307 exilio
944 1267 1146 1323 relegavit
1176 1268 1288 1323 apud
1317 1268 1517 1322 Hieriam,

46 1330 88 1364 et
118 1337 261 1363 rursus
296 1323 409 1377 apud
434 1323 674 1377 principem
702 1323 858 1363 insulis.

157 1397 278 1436 Anno
317 1395 487 1450 imperii
522 1395 780 1436 Canstantini
819 1394 873 1436 26
903 1394 1076 1437 Abdelas
1105 1396 1299 1437 Ibinalim
1325 1404 1516 1438 mortuns

46 1457 131 1503 est,
174 1458 326 1492 ruente
363 1465 491 1506 super
519 1466 562 1492 se
593 1458 732 1502 turre,
767 1453 808 1491 in
840 1466 922 1506 qua
953 1452 1281 1493 custodiebatur.
1340 1454 1517 1495 Abdelas

47 1515 189 1550 autem
217 1523 315 1548 cum
341 1522 507 1549 amerae
536 1508 783 1562 fungeretur
813 1508 990 1559 honore,
1020 1509 1153 1549 multa
1180 1510 1288 1549 mala
1318 1509 1517 1550 Christia-

47 1564 110 1604 nis
140 1564 217 1605 sub
247 1563 493 1618 principatu
517 1578 593 1604 suo
628 1563 872 1618 degentibus
902 1563 1217 1619 demonstravit,
1240 1565 1446 1621 siquidem
1476 1573 1518 1607 et

46 1628 193 1662 cruces
221 1620 492 1661 ecclesiarum
530 1620 724 1670 abstulit,
756 1626 798 1660 et
839 1620 994 1674 vigilias
1024 1626 1249 1661 nocturnas
1278 1623 1511 1671 celebrare,

43 1676 115 1717 sed
146 1683 187 1718 et
210 1677 369 1717 litteras
387 1675 543 1717 discere
571 1675 837 1731 prohibebat.
898 1676 939 1716 hi
967 1691 1068 1716 vero
1088 1678 1160 1732 qui
1183 1677 1381 1719 dicuntur
1403 1679 1517 1733 apud

45 1733 138 1773 illos
170 1733 379 1784 Aruritae,
424 1732 541 1787 quod
583 1734 892 1786 interpretatur
920 1733 1208 1785 aemulatores,
1241 1740 1391 1775 contra
1418 1734 1516 1775 Pal..

43 1797 323 1844 myretensem
352 1803 540 1830 eremum
567 1788 897 1833 insurrexerunt.
927 1790 999 1830 sed
1028 1789 1199 1830 illorum
1230 1790 1400 1846 quidem
1429 1807 1516 1831 ma-

43 1845 133 1885 litia
160 1845 420 1886 inecclesias
452 1844 519 1886 dei
547 1851 695 1900 utpote
724 1845 955 1886 infidelium
981 1846 1196 1887 manifesta
1226 1847 1318 1887 fuit.
1377 1847 1409 1887 is
1438 1864 1516 1888 au-

44 1908 132 1942 tem
161 1901 234 1957 qui
265 1901 520 1952 Christianis,
548 1901 822 1942 ineffabilibus
852 1902 920 1942 dei
939 1902 1111 1954 iudiciis,
1140 1901 1388 1957 imperabat,
1423 1905 1517 1944 sor-

44 1957 158 1998 tassis
185 1964 232 1998 ut
264 1957 421 1999 Israhel
460 1958 674 2014 quondam
718 1958 786 1998 ille
808 1973 980 1999 vesanus
1009 1959 1179 2010 Achab,
1206 1961 1339 2000 multo
1367 1961 1514 2014 peiora

46 2029 172 2069 quam
203 2014 388 2058 Arabum
426 2014 479 2053 sit
508 2014 663 2054 insania
709 2014 786 2055 sub
817 2015 996 2069 imperio
1021 2027 1097 2055 suo
1128 2015 1273 2070 positis
1304 2017 1513 2057 orthodo-

44 2071 132 2120 xis,
164 2070 370 2124 episcopis
411 2069 630 2119 videlicet,
671 2070 885 2111 monachis
916 2077 959 2112 et
986 2071 1122 2123 laicis,
1164 2071 1360 2126 praelatis
1390 2079 1517 2127 atque

43 2127 238 2166 subiectis
266 2125 458 2177 ostendit,
489 2126 648 2182 ubique
675 2127 986 2168 intercessiones
1011 2133 1177 2168 sanctae
1205 2127 1271 2169 dei
1304 2129 1515 2183 genitricis

43 2197 93 2222 ac
122 2182 310 2223 omnium
352 2188 593 2226 sanctorum
631 2183 672 2222 in
702 2184 868 2238 scriptis
898 2189 947 2223 nt
975 2183 1141 2225 inutiles
1171 2191 1214 2225 et
1242 2185 1329 2225 sine
1355 2185 1513 2239 scripto

43 2240 263 2294 repellens,
292 2252 372 2293 per
399 2254 500 2293 quas
534 2239 727 2280 videlicet
767 2239 886 2280 nobis
917 2246 1082 2281 emanat
1108 2254 1233 2282 omne
1260 2241 1514 2295 suffragium,

44 2301 89 2335 et
118 2302 278 2336 sanctas
305 2294 501 2349 reliquias
529 2309 679 2336 eorum
693 2296 854 2337 effossas
883 2296 1049 2337 eiiciens
1075 2302 1117 2338 et
1144 2297 1290 2337 invisas
1320 2296 1514 2350 reddens,

44 2351 179 2392 sicubi
213 2352 457 2406 cuiusquam
498 2351 664 2406 insignis
701 2353 983 2394 audiebantur
1014 2352 1067 2393 ad
1098 2354 1331 2393 animarum
1359 2353 1514 2392 sanita-
1525 2375 1560 2410 p.
1572 2364 1643 2400 679

44 2414 132 2448 tem
160 2414 203 2449 et
227 2421 463 2462 corporum
491 2408 689 2461 reinone,
720 2410 784 2449 vel
811 2410 919 2450 sicut
941 2410 1077 2458 ‚moris
1109 2415 1181 2458 est,
1212 2425 1234 2449 a
1262 2409 1331 2463 pie
1350 2408 1516 2460 agenti-

43 2463 122 2505 bus
150 2463 370 2508 honorari.
441 2479 539 2504 mox
572 2478 674 2517 ergo
717 2471 899 2506 mortem
924 2465 1120 2506 adversus
1151 2464 1388 2505 huiusmodi
1418 2470 1515 2504 tan-

46 2535 172 2576 quam
203 2518 331 2576 impie
369 2525 557 2576 gerentes
585 2520 848 2574 minabatur,
886 2522 948 2563 sin
979 2528 1141 2573 autem,
1182 2521 1516 2576 proscriptiones

91 2676 124 2723 ')
149 2676 401 2724 aequivocum]
430 2675 630 2711 Ludovicus
646 2678 734 2723 Imp.
758 2678 797 2712 in
834 2681 1027 2725 praecepto
1053 2675 1209 2723 quodam
1228 2675 1325 2722 apud
1337 2676 1514 2710 Flodoar-

140 2723 226 2758 dum
250 2725 273 2758 2
302 2724 366 2758 19:
408 2735 494 2769 gens
528 2730 651 2758 nostra
683 2727 899 2761 Francorum
941 2736 1022 2759 cum
1047 2724 1245 2770 aequivoco
1279 2730 1404 2759 nostro
1430 2735 1514 2770 rege

142 2771 305 2806 eiusdem
332 2773 461 2817 gentis.
512 2772 615 2806 Fur..
