1728 3184
239 152 334 198 562
718 167 775 208 ΙΝ
813 165 1189 210 ΤΗΕΟΡΗΛΝΕΜ

229 284 527 339 affirmandum.
584 280 810 335 quiaim'mo
837 283 948 323 omni
975 285 1115 322 mentis
1143 281 1358 322 attentione
1385 281 1696 336 observandum,

224 335 479 400 patriarchis
507 347 675 379 aeterna
704 340 904 379 memoria
933 338 1080 390 dignis,
1112 348 1151 378 et
1169 338 1236 377 dei
1264 346 1371 378 motu
1397 348 1558 393 semper
1581 340 1698 391 actis,

231 413 429 455 magnum
465 393 715 436 Theodorum
742 398 895 435 crimen
914 396 1131 450 impingere
1149 395 1337 442 voluisse,
1369 403 1409 434 et
1432 395 1488 436 ab
1508 397 1698 436 ecclesiae

232 467 342 497 coetu
363 467 503 497 eorum
533 466 655 491 causa
683 466 723 491 se
746 465 987 505 segregasse,
1018 453 1141 506 ipsius
1175 449 1379 491 Theodori
1405 465 1486 491 non
1511 452 1595 491 leve
1622 452 1695 491 de..

229 512 366 553 lictum
397 525 427 552 a
453 509 632 563 patribus
661 507 789 559 fuisse
819 507 1057 548 iudicatum:
1101 508 1164 546 illi
1183 505 1385 563 siquidem
1415 518 1607 548 accurato
1637 511 1697 548 ri.

225 582 325 622 gore
353 568 546 615 remisso,
582 566 708 604 maius
737 563 932 604 damnum
975 564 1169 603 evitamm
1209 572 1457 603 censuerim&
1517 573 1695 604 erratum

225 639 321 664 sane
356 621 585 664 Theodorus
625 620 882 670 emendavit,
916 628 960 659 uc
995 621 1102 659 alibi
1127 629 1338 659 narratum
1367 629 1443 659 esc.-
1478 629 1519 659 et
1542 622 1696 676 scripta

225 679 276 721 de
306 679 449 721 iisdem
491 688 530 718 et
572 675 770 716 Theodori
816 678 933 729 gestis
975 678 1143 716 historia
1178 674 1304 731 fidem
1343 677 1457 715 huius
1479 677 1617 729 facit:
1659 687 1697 718 el

225 751 397 792 magnus
426 737 591 790 insuper
617 731 850 772 Methodius
877 747 1053 772 sermone
1081 732 1141 772 ad
1165 732 1335 772 scudicas
1353 763 1364 783 ,
1393 731 1443 772 de
1470 747 1549 789 quo
1576 737 1711 788 supe·'

225 795 327 844 rius,
353 793 493 840 misso,
524 798 708 830 testatum
738 789 912 843 reliquit.
989 791 1226 829 sentenciam
1262 790 1367 828 enim
1409 803 1529 844 quam
1557 791 1695 830 animo

219 862 417 905 praeceps
435 849 632 894 hauserat,
662 846 791 900 ipsum
815 845 1061 900 reprobasse,
1096 854 1135 884 et
1151 845 1209 884 ad
1235 845 1446 885 ecclesiam
1469 845 1627 885 demum
1654 860 1696 885 se

226 905 474 954 adiunxisse,
504 916 556 942 ac
575 902 688 941 vitae
716 902 881 940 termino
906 902 1178 957 propinquum
1208 914 1296 940 cum
1305 902 1455 953 felicis
1481 905 1698 942 memoriae

223 962 450 1019 Nicephoro
491 957 745 998 concordiam
760 988 771 1007 ,
809 957 1088 1008 dilectionem,
1131 958 1169 997 et
1207 957 1435 997 indivisam
1465 959 1696 998 animorum

221 1019 407 1058 unionem
437 1029 610 1055 servasse
638 1014 848 1066 manifesto
888 1014 1117 1068 confirmae.
1147 1015 1192 1053 in
1219 1027 1264 1053 eo
1290 1014 1425 1066 igitur,
1453 1015 1562 1069 quod
1576 1030 1700 1055 enun-

221 1075 339 1114 ciant
361 1072 524 1128 psalmi
557 1070 608 1110 de
641 1070 733 1109 viro
760 1072 857 1110 iusto
900 1071 1166 1125 adimpletum
1192 1079 1270 1110 esc.-
1302 1070 1333 1109 si
1366 1068 1578 1121 ceciderit,
1613 1085 1698 1110 non

223 1130 546 1183 confringetur,
587 1126 682 1181 quia
717 1125 907 1166 dominus
937 1126 1139 1180 supponit
1189 1126 1358 1166 manum
1391 1141 1518 1170 suam.
1577 1126 1698 1167 obvio

218 1199 406 1242 namque,
449 1193 488 1223 ec
533 1198 555 1222 e
590 1197 707 1236 grege
749 1184 998 1224 sacerdotum
1045 1183 1206 1223 cuilibet
1249 1197 1419 1233 noxam,
1450 1185 1488 1222 si
1515 1184 1700 1223 haeresis

219 1243 311 1282 labe
342 1249 471 1291 vacet,
501 1240 665 1291 inferre,
693 1240 730 1278 si
756 1240 899 1294 magni
924 1238 1097 1293 periculi
1124 1248 1190 1290 est,
1221 1240 1335 1293 quali
1363 1240 1514 1280 mulcta
1539 1241 1700 1289 facinus

219 1300 406 1352 dignum,
436 1296 545 1352 quod
571 1295 771 1335 eiusmodi
785 1295 1004 1351 pontifices
1033 1304 1072 1335 ec
1094 1294 1339 1350 pontificum
1351 1297 1571 1350 principes,
1603 1311 1696 1335 ma-

218 1355 279 1407 gis
311 1368 408 1394 vero
435 1352 635 1408 apostolos
664 1354 782 1407 ipsos,
816 1362 857 1392 ut
888 1356 1026 1405 magni
1041 1351 1236 1404 Dionysii
1265 1353 1395 1391 verbis
1423 1362 1530 1402 utar,
1556 1366 1698 1406 aggre-

220 1411 331 1451 ditur
356 1419 395 1449 εἰ
422 1417 604 1450 recenset.
671 1410 744 1447 lioc
773 1418 875 1448 certe
915 1410 1062 1448 dictum
1091 1408 1247 1447 divinus
1280 1408 1512 1448 methodius
1542 1410 1700 1448 studitis

222 1467 355 1507 sancei
379 1465 596 1520 discipulis
624 1465 958 1520 perpendendum
1003 1466 1088 1504 iure
1120 1467 1266 1504 merito
1295 1466 1447 1515 obiicit,
1476 1465 1540 1504 liis
1567 1466 1700 1504 verbis

222 1533 355 1562 utens.-
389 1531 430 1561 tu
458 1521 670 1560 monachus
696 1536 762 1572 es,
800 1523 843 1561 in
883 1521 1112 1561 sacerdotes
1141 1521 1346 1576 inquirere
1375 1536 1455 1561 non
1483 1531 1589 1561 tuum
1619 1531 1699 1570 esc,-

223 1579 321 1634 ipsis
349 1578 497 1618 subiici
521 1586 558 1617 te
583 1577 714 1627 ἄεσα,-
742 1579 848 1633 ipsos
868 1578 945 1618 tibi
966 1578 1175 1628 subiicere,
1204 1578 1274 1618 vel
1298 1593 1432 1618 eorum
1457 1580 1582 1618 vitam
1598 1593 1698 1634 per-

221 1635 402 1676 scrutari
431 1649 457 1673 a
486 1642 521 1673 te
548 1635 714 1673 omnino
743 1635 798 1674 sit
824 1634 1017 1674 alienum.

341 1697 435 1750 747,
469 1699 534 1741 19.
593 1697 702 1740 ἀλλὰ
736 1698 810 1741 καί
836 1702 984 1741 πολλοὶ
1003 1693 1146 1757 ἄλλοι]
1178 1702 1219 1741 in
1249 1701 1379 1740 sancti
1409 1700 1598 1756 gratiam,
1633 1700 1705 1740 ad·

228 1772 368 1799 versus
398 1763 574 1808 sanctos,
607 1758 788 1798 auctoris
816 1757 947 1797 sancti
975 1765 1114 1798 sancta
1147 1757 1362 1798 sententia.

338 1821 435 1872 749,
462 1824 524 1864 12.
583 1821 864 1879 προσήλυτον]
894 1827 1080 1879 gentilem
1117 1826 1312 1880 intellige,
1342 1830 1383 1866 et
1414 1841 1436 1865 a
1468 1824 1702 1866 Christiana

226 1881 438 1935 religione
469 1880 665 1921 alienum.

280 2005 307 2045 u
342 1947 438 1999 752,
474 1947 510 1991 1.
543 1947 809 2003 Χαρίτωνος]
832 1947 883 1989 de
917 1948 1153 1991 Charitonis
1184 1950 1300 1990 laura
1325 1950 1497 1992 diximus
1527 1950 1577 1991 ad
1594 1950 1703 2006 Syn..

229 2020 277 2046 ce
311 2020 392 2046 um.

356 2067 462 2123 754,
509 2069 572 2112 13.
645 2070 918 2123 σαλιβαριῖν]
956 2072 1200 2127 fraenorum
1246 2075 1431 2131 opificem
1488 2075 1703 2129 interpre-

228 2133 325 2169 tor:
355 2123 634 2182 σαλιβάριον,
679 2133 720 2167 et
771 2128 897 2183 magis
938 2129 1119 2171 barbare
1149 2128 1388 2186 σαλιβάριν,
1417 2137 1458 2172 et
1489 2129 1701 2184 σαλιβάρι,

210 2187 435 2238 fraenum.
1708 2215 1709 2218 =

340 2251 448 2293 Ibid.
483 2249 545 2291 19.
602 2247 649 2290 τὸ
683 2251 870 2304 πέραμα]
906 2253 1060 2293 fretum
1090 2261 1239 2308 portus
1274 2255 1359 2295 CP.
1392 2254 1596 2306 lintribus,
1625 2267 1711 2294 πε-·

227 2312 480 2358 ραματικοῖς
505 2305 658 2357 ξύλοις,
694 2308 1011 2360 tranei-endum,
1045 2325 1065 2350 a
1098 2327 1182 2366 quo
1203 2311 1375 2351 Galatae
1408 2310 1555 2365 oppidi
1586 2313 1702 2366 regio

228 2365 369 2416 Πέρα,
399 2363 516 2418 quod
545 2362 677 2416 πέραν
695 2364 769 2404 τοῦ
797 2366 1008 2419 πορθμοῦ.
1071 2366 1120 2407 de
1150 2383 1236 2422 quo
1272 2368 1387 2407 alibi.
1445 2396 1459 2410 0

338 2429 435 2481 755,
473 2428 534 2470 19.
604 2423 924 2485 α’λληλεγγύως]
966 2435 1176 2475 tributum
1220 2435 1313 2489 pari
1349 2441 1465 2475 sorte
1509 2435 1699 2475 omnibus

230 2486 499 2540 impositum,
541 2487 656 2541 quod
686 2489 936 2542 pauperibus
983 2506 1066 2530 non
1099 2491 1299 2532 solvendo
1330 2492 1522 2545 repertis,
1553 2491 1700 2531 divites

230 2542 443 2596 deponere
472 2548 731 2593 tenerentur,
765 2551 823 2584 est
857 2544 1149 2599 α’λληλὲγγυον.
1208 2545 1328 2588 huius
1355 2548 1542 2602 exempla
1569 2547 1728 2594 histo-2

231 2599 421 2654 riamque
450 2614 558 2655 pene
585 2615 749 2640 omnem
766 2602 966 2643 Meursius
998 2603 1221 2658 diligenter
1251 2604 1531 2647 coacervavit.

342 2665 438 2717 756,
464 2667 502 2708 2.
558 2667 861 2720 χαρτιατικαῖν]
892 2670 1064 2711 actionis
1093 2672 1159 2712 vel
1189 2671 1450 2712 instrumenti
1489 2672 1530 2710 in
1559 2656 1728 2725 publi-..ji⁴

230 2735 295 2760 cas
327 2723 486 2763 tabulas
526 2723 644 2764 relati
685 2724 869 2779 pretium
917 2732 974 2766 est
1014 2727 1309 2782 χαρτιατικόν.
1367 2729 1575 2768 tributum
1618 2721 1728 2782 prolf

229 2779 383 2817 chartis
418 2781 586 2834 exponit
612 2781 828 2823 Mem-sius.
1717 2781 1728 2803 ⁶³
