1728 3184
181 204 278 254 330
678 211 733 251 ΙΝ
774 206 1149 260 ΤΗΕΟΡΗΑΝΕΜ

181 329 336 382 tabula,
371 342 480 384 quae
506 330 679 371 Macarii
721 346 878 373 annum
912 332 976 383 12,
1005 331 1110 373 aliae
1137 343 1242 372 vero
1271 337 1498 387 sequentes
1522 346 1653 374 annos

179 385 343 439 pariter
372 386 545 426 Macarii
575 388 758 429 eiusdem
790 389 841 430 ad
865 389 1108 429 vicesimum
1137 402 1268 443 usque
1295 388 1560 430 succedentes
1591 390 1654 429 in-

181 442 385 497 digitant:
416 443 616 484 Maximus
647 451 785 486 autem
818 446 885 486 ille
915 445 967 486 de
999 460 1086 501 quo
1116 443 1187 485 hic
1217 459 1354 485 sermo
1386 460 1496 485 anno
1527 460 1655 486 muu-

179 475 250 537 dio
259 498 368 539 5827
411 500 704 555 pontificatum
745 501 916 558 adeptus
960 507 1314 556 repraesentatur.
1375 501 1652 544 consulendus

178 555 384 596 Batonius
423 555 485 596 ad
505 572 571 601 an.
602 557 697 613 331,
737 573 821 614 quo
850 559 1027 600 Macarii
1058 559 1246 614 signatur
1275 558 1428 610 obitus,
1471 564 1513 598 et
1554 558 1652 612 312,

177 627 264 709 {quo
296 614 381 654 eius
409 612 462 653 ad
490 616 782 668 pontificatum
819 623 917 672 post
945 617 1203 657 Hermonem
1244 616 1462 671 promotio
1494 614 1655 656 descri-

191 669 307 710 fitur.

288 739 359 792 40,
398 743 434 786 1.
503 743 590 784 κατ’
628 740 755 784 αυτὸν
789 740 864 785 τὸν
904 742 1054 799 καιρὸν
1099 741 1171 785 καί
1209 741 1234 798 ἢ
1275 744 1467 798 μακαρία
1491 739 1650 799 Ελένη]

179 804 312 854 quoto
344 799 607 854 potissimum
644 814 753 840 anno
796 800 991 842 defuncta
1034 801 1204 853 Helena,
1236 801 1546 856 incompertum
1577 816 1654 856 pe-

178 856 287 895 nitus
319 855 513 907 hahetur,
542 872 678 913 neque
707 857 792 898 eius
837 858 1002 899 obitum
1032 858 1156 899 certis
1189 858 1425 898 consulibus
1455 873 1656 912 comper-

178 917 267 952 tum
298 919 380 960 est,
422 914 588 967 scripsit
616 914 821 954 Baronius
870 913 922 954 ad
950 930 1015 954 an.
1045 914 1087 954 d.
1117 913 1200 955 326
1244 930 1357 958 num
1389 913 1458 965 59,
1489 916 1654 955 obitum

177 974 316 1010 tamen
347 970 452 1011 illius
484 976 526 1011 et
551 986 705 1010 annum
727 977 879 1011 auctor
907 970 1183 1025 Theophanes
1205 970 1273 1011 hic
1302 971 1499 1026 designat,
1530 986 1656 1027 quem

176 1026 293 1080 prius
326 1027 589 1067 manifestum
637 1027 824 1068 exhibuit
866 1027 1159 1068 Theodoxetus
1203 1028 1276 1068 lib.
1315 1028 1334 1068 l
1378 1041 1470 1082 cap.
1506 1027 1533 1068 8
1577 1028 1653 1068 sub

178 1083 357 1122 initium.
413 1078 520 1137 αὕτη
549 1098 634 1124 των
659 1083 730 1138 τῆς
752 1082 1000 1149 οδοιποριάς
1021 1082 1157 1124 πόνων
1181 1082 1466 1152 ἀνασχομένη,
1496 1084 1543 1124 ἐκ
1577 1085 1656 1124 τοῦ

175 1136 316 1192 γήρως
348 1138 402 1178 ου’
426 1139 681 1203 λογισαμένη
712 1137 766 1180 τὰ
798 1135 930 1207 πάθη,
963 1137 1044 1191 πρὸ
1073 1138 1155 1193 γὰρ
1187 1138 1328 1192 ὀλίγου
1358 1140 1433 1193 τῆς
1461 1140 1654 1193 τελευτῆς

179 1210 254 1261 ‘17¹²
283 1195 524 1247 α’ποὸομιάν
544 1190 704 1249 ταύτην
729 1194 969 1251 ἐποιήσατο,
1001 1194 1341 1249 ὀγδοηκοντοῦτις
1369 1196 1417 1236 δὲ
1448 1211 1523 1237 του
1552 1197 1653 1248 βίου

175 1250 221 1291 τὸ
257 1253 389 1303 τέρμα
421 1252 690 1307 κατειᾛληφεν
748 1254 846 1293 haec
871 1254 1032 1293 itiner-cs
1073 1253 1456 1309 (Hierosolymitani
1486 1253 1537 1293 de
1567 1268 1654 1308 quo

178 1309 261 1348 hoc
288 1312 412 1360 anno)
442 1309 597 1349 labores
626 1310 758 1349 subu-e
790 1325 871 1350 non
895 1320 1116 1361 recusavzt,
1143 1324 1272 1365 neque
1293 1311 1503 1350 senectutis
1531 1310 1654 1349 inva-

176 1366 396 1405 letudinem
429 1365 543 1419 (nam
570 1367 699 1421 paulo
716 1375 809 1406 ante
832 1376 1014 1418 mortem,
1045 1380 1168 1421 quam
1187 1368 1472 1421 octogesimum
1501 1380 1654 1406 annum

177 1424 332 1462 aetatis
362 1437 481 1477 agens
517 1423 751 1479 oppetebat,
778 1423 889 1464 istud
911 1424 989 1464 iter
1006 1422 1140 1479 fecit)
1189 1426 1351 1464 omnino
1382 1423 1518 1463 animo
1548 1437 1656 1463 com·

171 1479 304 1535 plexa
337 1488 407 1522 est.

287 1551 400 1593 Ibid.
428 1549 470 1592 3.
529 1547 667 1606 ἐτάφη
700 1550 746 1592 δὲ
775 1550 821 1592 ἐν
847 1551 908 1592 u&
923 1552 1013 1609 ναῶ
1031 1567 1116 1593 των
1143 1550 1276 1606 ἁγίων
1303 1551 1473 1603 α’ποστ.]
1505 1558 1655 1592 auctor

178 1622 237 1647 ms
266 1607 445 1649 ineditus
475 1607 526 1648 ab
557 1608 726 1649 erudito
758 1615 800 1649 et
831 1610 964 1650 amico
993 1611 1135 1650 Leone
1163 1609 1315 1650 Allatio
1350 1615 1558 1676 acceptus,
1583 1608 1659 1648 ubi

178 1664 231 1704 de
265 1665 377 1704 mnis
400 1665 478 1705 (ΞΡ.
498 1663 600 1706 haec
630 1664 767 1705 habet.
801 1664 847 1706 ἐν
874 1666 932 1721 τῷ
965 1661 1091 1731 ᾗοώω
1115 1666 1193 1706 τοῦ
1213 1665 1337 1720 ἁγίου
1368 1681 1439 1706 και
1466 1662 1656 1730 μεγάλου

177 1719 529 1788 Κωνσταντίνου,
562 1721 608 1762 ἐν
647 1717 834 1770 πρώτοις
875 1718 980 1762 κατὰ
1021 1707 1231 1770 α’νατολάς
1271 1726 1408 1762 κεῖται
1413 1720 1465 1790 ἦ
1498 1716 1659 1772 λάρναξ

178 1775 315 1816 αὐτοῦ
313 1777 575 1844 πορφυρᾷ·
606 1777 651 1818 ἑν
681 1774 717 1843 ᾗ
738 1775 963 1818 απόκειται
1005 1776 1134 1826 αύτὸς
1161 1775 1268 1829 μετὰ
1296 1778 1372 1832 τῆς
1401 1776 1523 1830 ἁγίας
1544 1775 1659 1817 Ἑλέ-

176 1847 250 1886 νης
279 1833 354 1887 τῆς
388 1832 551 1888 μητρὸς
579 1831 729 1877 αὐτοῦ.
788 1836 832 1874 in
861 1836 989 1890 impp.
1007 1836 1228 1876 mausolezo
1257 1850 1299 1875 a.
1330 1834 1374 1876 S.
1406 1843 1447 1875 et
1465 1834 1527 1874 M.
1549 1835 1654 1874 Con-

177 1892 356 1932 stantino
385 1892 618 1931 instaurato
640 1891 792 1942 (sciunt
817 1905 959 1931 omnes
979 1891 1032 1931 ad
1065 1891 1356 1946 apostolorum
1385 1890 1542 1942 aedem)
1572 1891 1658 1930 im-

173 1948 321 2012 primzs
349 1948 408 1987 ad
440 1947 654 1988 Orientem
684 1949 808 1988 adest
829 1949 1004 1988 tumulus
1031 1950 1115 1989 eius
1136 1949 1469 2005 porphyretzcas:
1501 1949 1546 1988 in
1579 1961 1658 2003 quo

178 2004 264 2058 ipse
294 2019 382 2044 cum
415 2003 458 2043 S.
489 2013 625 2045 matre
655 2004 820 2045 Helena
849 2005 1027 2044 conditus
1046 2015 1159 2046 tacet.
1216 2007 1340 2060 prior
1361 2005 1554 2045 Socrates
1585 2003 1660 2044 lib

182 2060 203 2100 1
230 2075 323 2129 caJ'·
359 2060 408 2100 18
450 2061 565 2101 iuxta
594 2062 800 2102 Graecam
839 2060 1086 2102 divisionem
1127 2062 1364 2117 scripserat.
1451 2058 1498 2102 τὸ
1531 2060 1660 2111 σῶμα

178 2116 315 2170 αὐτῆς
345 2115 407 2163 εἰς
436 2113 525 2171 τήν
523 2117 846 2168 βασιλεύουσαν
862 2117 960 2158 νέαν
984 2115 1151 2172 Ῥώμην
1171 2116 1463 2172 ὁιακοαισθὲν,
1496 2117 1541 2158 ἐν
1569 2119 1659 2163 τοῖς

176 2174 415 2226 βασιλικοῖς
451 2170 669 2228 μνήμασιν
711 2171 914 2228 cinere-977.
982 2189 1126 2231 corpus
1165 2177 1249 2215 eius
1296 2175 1360 2215 ad
1394 2175 1660 2230 imperantem

178 2244 334 2271 novam
364 2232 535 2271 Romam
563 2230 746 2271 delatam
779 2232 824 2271 in
841 2232 1126 2287 i'mperlalihus
1154 2233 1416 2272 monumentis·
1444 2232 1659 2292 repositum

180 2295 258 2327 est.
319 2286 404 2328 istis
434 2287 655 2327 diluuntur
683 2302 790 2343 quae
821 2288 873 2328 de
903 2288 1065 2343 sepulta
1099 2288 1211 2344 apud
1238 2303 1280 2329 se
1299 2288 1454 2329 Helena
1482 2284 1660 2327 Romani

181 2343 389 2387 iactitant.
446 2344 542 2385 vide
567 2344 798 2384 Baronium
831 2344 882 2384 ad
904 2360 972 2385 an.
1003 2344 1085 2386 326
1115 2361 1229 2386 num.
1253 2343 1321 2386 62.

291 2417 400 2457 Ibid.
436 2415 499 2457 10.
558 2414 754 2474 Ευσεβίῳ
792 2417 840 2458 δὲ
879 2416 938 2474 τῶ
971 2416 1239 2483 Παμφίλου]
1271 2417 1355 2458 hoc
1384 2430 1493 2457 anno
1521 2415 1662 2470 potius

182 2488 309 2529 quam
338 2476 512 2525 seciore,
573 2489 668 2514 uem
687 2475 891 2515 Baronius
920 2475 1067 2515 statuit
1097 2474 1397 2516 incarnationis
1425 2471 1523 2523 330,
1544 2487 1662 2511 man-

183 2533 326 2570 datum
356 2530 595 2571 huiusmoi
624 2530 806 2571 Eusebio
839 2532 1081 2586 impositum
1113 2538 1298 2572 constat:
1330 2531 1381 2572 de
1412 2545 1497 2586 quo
1528 2529 1663 2568 Euse-

181 2586 273 2628 bius
305 2588 356 2628 de
385 2588 471 2628 vita
504 2589 717 2630 Constant.
746 2588 818 2627 lib.
847 2587 875 2627 4
905 2603 995 2642 cap.
1025 2586 1097 2628 36.

295 2661 403 2701 [bid.
444 2659 506 2701 14.
575 2657 683 2701 κατὰ
724 2660 960 2713 Γευμανῶν
1002 2675 1071 2700 και
1117 2660 1370 2715 Σαοματων]
1415 2665 1554 2700 textus
1594 2657 1663 2697 hie

183 2724 412 2771 corruptus
441 2719 553 2758 inter
577 2718 710 2757 varias
738 2717 937 2758 lectiones
975 2718 1239 2758 emendatur.
1299 2714 1561 2757 Constantini
1593 2729 1663 2755 ex-

182 2772 439 2827 peditionem
486 2776 526 2814 in
559 2773 732 2830 Scythas
765 2781 1003 2814 memorant
1041 2774 1197 2815 Victoi
1211 2804 1221 2824 ‚
1251 2773 1500 2828 Eutropius,
1530 2772 1662 2811 Sozo-

182 2844 325 2871 menus
355 2837 397 2871 et
426 2831 643 2883 Eusebius,
677 2830 747 2872 sed
775 2846 929 2872 annum
966 2836 1119 2873 tacent.
1147 2831 1428 2887 Hieionymus
1459 2829 1500 2869 in
1530 2827 1663 2869 chro-
