1728 3184
712 189 914 233 NOTAE.
1427 184 1525 232 385
1540 235 1544 238 ,

56 301 154 345 lieet
183 316 269 344 non
298 303 567 359 expresserit,
605 319 630 346 a
668 305 837 347 Gotthis
876 304 1156 357 auxiliaribus,
1196 321 1301 361 qnos
1328 307 1527 348 Romanis

56 361 199 401 Avitus
228 362 405 401 confisus
434 377 457 402 a
487 376 529 402 se
558 361 722 410 abiecit,
759 362 914 402 editam
945 362 1024 401 sibi
1052 363 1336 415 persuadebit,
1366 364 1439 419 qui
1459 365 1530 404 Si·-

55 416 171 469 gonii
209 415 262 459 de
286 417 670 473 impp->Occidenh
699 417 932 468 historiam,
961 423 1035 458 aut
1048 418 1236 459 Victoris
1264 421 1530 461 Tunnunen-

52 473 103 512 sis
122 472 311 513 chronic.
346 475 618 516 lornandisve
648 475 702 516 de
724 475 848 516 rebus
867 473 1022 515 Geticis
1042 476 1327 516 narrationem
1358 479 1529 517 consul..

57 528 205 569 luerit:
237 530 405 571 Avitum
427 531 585 586 quippe
604 531 840 571 Placentiae
861 530 1097 584 praesulem
1120 538 1310 572 evectum
1339 533 1530 574 referunt

54 584 135 636 isti,
166 590 209 625 et
237 585 291 626 ad
322 589 560 628 Ravennam
586 594 843 643 superatum,
873 586 1038 628 vivendi
1066 587 1231 628 veniam
1262 603 1286 628 a
1313 589 1529 631 Recimere

57 655 276 696 accepisse.

172 710 265 765 169,
301 713 365 756 10.
433 711 508 755 καὶ
540 715 634 767 μετ’
674 714 820 769 ὀλίγας
872 704 1052 771 ἤιιέρας]
1098 717 1302 757 Adrianus
1344 717 1528 758 Valesius

57 785 199 812 rerum
229 770 535 827 Francicapum
573 773 760 827 scriptor
789 774 1126 827 probatissimus,
1160 774 1275 829 quasi
1305 773 1532 828 Theopha-

56 827 117 868 nis
146 826 444 882 paraphrasten
480 843 614 883 agenS.
673 833 786 869 “non
815 830 946 869 multo
970 836 1076 883 post,
1107 831 1236 871 habet
1262 831 1333 870 lib.
1350 825 1393 878 4,
1424 844 1533 884 poe-

54 898 124 924 nas
154 883 338 925 libidinis
366 885 509 924 Avitus
538 885 752 940 pependit,
790 886 1008 927 destitutus
1037 903 1061 927 a
1081 886 1263 928 Gotthis.
1322 902 1417 926 nam
1447 888 1531 927 Re-

53 942 203 981 miscus
246 941 446 995 patricius
487 943 659 983 adiutor
698 943 784 982 eius
815 944 1001 997 partium
1041 944 1083 983 in
1113 944 1272 998 palatio
1299 942 1432 983 classis
1463 941 1532 994 (ad

56 999 311 1050 Ravennam)
346 997 395 1038 15
408 998 571 1039 kalend.
587 1000 766 1039 Octobr.
792 1000 949 1040 occisus
966 1005 1057 1041 estt
1091 1000 1176 1054 ipse
1198 1000 1364 1054 imperii
1395 1013 1533 1040 mense

58 1052 108 1093 17
138 1054 201 1094 vel
221 1053 284 1106 ¹18
311 1069 334 1094 a
361 1055 572 1095 Ricimere
606 1058 801 1111 magistro
824 1055 1003 1096 militum
1034 1058 1146 1110 apud
1177 1057 1435 1097 Placentiam
1466 1056 1532 1095 vi-

54 1115 146 1150 ctus
175 1115 217 1150 et
247 1117 407 1165 captuS,
437 1112 662 1165 imperium
690 1113 906 1167 deponere
937 1113 1127 1167 cogitur:
1160 1127 1354 1167 novaque.
1385 1119 1427 1153 et
1455 1113 1532 1151 lla-

55 1173 198 1207 ctenus
229 1166 418 1207 inaudita
446 1169 642 1210 fortunae
661 1168 991 1210 commutatione
1018 1183 1065 1208 ex
1099 1170 1359 1224 imperatore
1386 1170 1433 1209 fit
1461 1183 1534 1208 su-

52 1222 274 1277 pradictae
305 1224 421 1264 urbis
446 1225 706 1280 episcopus.''
735 1226 890 1266 subdit.
922 1226 1181 1280 “Gregorius
1212 1226 1253 1266 in
1280 1226 1374 1266 hist.
1408 1226 1477 1266 lib.
1505 1225 1531 1265 2

57 1279 189 1320 tradit
221 1280 391 1320 Avitum
419 1289 657 1323 senatorem
691 1289 734 1323 et
765 1283 899 1323 civem
927 1284 1165 1323 Arvernum
1197 1283 1252 1322 ob
1282 1282 1472 1323 libidines
1506 1297 1530 1321 a

54 1342 200 1376 senatu
233 1336 441 1377 deiectum
470 1338 678 1393 imperi0‚
709 1340 824 1379 cuius
855 1339 896 1378 in
931 1339 1228 1393 possessionem
1257 1353 1431 1379 vacuam
1463 1340 1534 1378 in·-

54 1392 284 1443 volaverat,
319 1399 361 1434 et
387 1395 500 1448 apud
539 1395 795 1436 Placentiam
826 1396 1069 1450 episcopum
1097 1395 1399 1436 constitutum:
1435 1410 1531 1435 cum

54 1450 326 1504 comperisset
370 1457 558 1492 senatum
591 1453 728 1493 adhuc
770 1451 1052 1507 indignantem
1082 1453 1169 1492 vita
1200 1453 1331 1506 ipsum
1362 1451 1532 1506 privare

54 1507 173 1558 velle,
193 1506 406 1548 Brivatem
434 1507 573 1548 vicum
594 1511 823 1550 Arvernor.
855 1510 1016 1548 tumulo
1049 1508 1196 1548 Iuliani
1212 1509 1391 1548 Arverni
1416 1522 1531 1548 mar-

54 1563 159 1617 tyris
185 1562 380 1615 nobilem,
412 1578 508 1604 cum
537 1566 677 1606 multis
698 1565 938 1606 muneribus
957 1567 1055 1621 suga
1078 1571 1224 1619 petere
1254 1563 1530 1613 contendisse,

60 1625 107 1658 et
139 1619 221 1660 loci
252 1621 455 1675 religione
484 1621 656 1663 salutem
683 1637 798 1662 suam
826 1627 1037 1675 tueretur,
1069 1637 1117 1662 ac
1146 1622 1186 1661 in
1207 1621 1358 1662 itinere
1390 1621 1534 1661 deces-

52 1675 165 1726 sisse,
197 1676 465 1733 delatumque
501 1679 739 1730 Brivatem,
779 1685 821 1719 et
869 1678 921 1718 ad
961 1679 1089 1733 pedes
1132 1679 1279 1717 Iuliani
1319 1679 1526 1731 sepultum

53 1735 175 1773 esse-’³
232 1733 378 1774 ultima
406 1733 510 1775 haec
535 1736 667 1776 verba
686 1735 952 1790 Theophanis
978 1734 1197 1789 perioches
1218 1734 1364 1774 ultima
1396 1734 1530 1774 inter..

51 1788 260 1843 polabunt
288 1790 371 1831 hoc
398 1798 540 1845 pacto.
609 1792 684 1832 καί
697 1793 871 1845 ,γέγονεν
914 1792 1139 1837 ἐπίσκοπος
1171 1790 1231 1838 εἰς
1257 1787 1375 1831 πόλιν
1406 1792 1531 1831 Πλα-

53 1844 240 1887 κεντίαν·
298 1847 373 1888 καί
402 1847 602 1888 α’πελθών
635 1848 695 1896 εἰς
725 1848 913 1896 Γαλλίας
942 1848 1171 1888 α’πέθανεν.

162 1917 274 1959 Ηιίᾱ.
309 1917 374 1960 14.
431 1918 692 1973 Μαρκιανὸς
719 1918 742 1961 ὅ
778 1917 983 1973 βασιλεῦς
1010 1915 1295 1974 ἐτελεύτησεν]
1324 1927 1420 1974 post
1450 1919 1530 1958 im-

52 1974 162 2029 perii
194 1990 322 2016 annos
351 1991 431 2028 sex,
462 1984 505 2018 et
533 1993 689 2018 menses
720 1978 913 2026 totidem,
946 1977 1006 2016 ait
1026 1976 1303 2017 Marcellinus.
1362 1982 1406 2015 at
1435 1991 1529 2016 cum

52 2031 295 2072 Theodosio
328 2033 435 2073 Iunii
461 2033 610 2074 mensis
639 2034 707 2075 die
740 2033 791 2074 20
823 2032 1013 2074 indict.3
1042 2031 1255 2084 defuneto,
1287 2031 1397 2073 nulla
1433 2032 1528 2073 data

53 2086 286 2144 interregni
314 2102 465 2141 mora,
498 2089 722 2144 imperium
758 2091 973 2130 Marciano
1014 2104 1253 2130 concessum
1282 2088 1426 2139 fuerit,
1454 2088 1528 2144 qui

54 2143 205 2185 deinde
247 2144 391 2195 indict.
426 2145 477 2187 10
516 2147 655 2201 pridie
684 2147 786 2187 Maii
817 2148 899 2188 kal.
932 2146 1064 2187 obiit:
1108 2147 1218 2186 inter
1255 2145 1420 2199 imperii
1449 2160 1524 2183 au-

51 2201 178 2254 spicia
219 2207 262 2242 et
298 2207 481 2243 mortem
535 2218 665 2244 annos
712 2219 780 2244 sex
840 2211 882 2245 et
924 2217 1080 2244 menses
1119 2202 1262 2244 decem
1303 2216 1526 2248 numerare

50 2257 234 2311 potuisse
263 2264 440 2300 constat.

161 2329 269 2371 Ibz‘d.
292 2330 355 2372 18.
414 2326 528 2380 ὅστις
555 2331 601 2373 ἐν
617 2336 713 2380 ταῖς
730 2333 883 2386 λιταῖς]
915 2346 962 2373 ex
989 2331 1206 2374 Theodori
1236 2329 1403 2371 lectoris
1432 2329 1525 2367 col-

40 2386 244 2428 ‘lectaneis
272 2388 326 2428 ad
356 2388 619 2429 Theodoreti
648 2391 805 2430 calcem
834 2389 979 2444 positis
1009 2395 1275 2442 excerptum:
1307 2386 1374 2425 eui
1405 2385 1525 2448 addi:

51 2448 139 2492 tur,
169 2443 326 2499 συνέβη
355 2444 403 2486 δὲ
433 2441 560 2486 αὐτὸν
588 2444 776 2494 ἐξελθεῖν
803 2447 863 2494 εἰς
890 2442 967 2499 τὴν
994 2443 1114 2499 λιτήν
1141 2447 1185 2484 ἐν
1212 2443 1267 2498 τῷ
1289 2438 1438 2494 κόμπῳ
1466 2455 1521 2494 τῳ

51 2497 297 2556 Ἰανουαρίῳ
336 2501 442 2554 μηνὶ
484 2498 559 2548 κς’.
615 2504 778 2556 contigit
814 2512 946 2543 autem
990 2512 1032 2543 ιιι
1064 2502 1124 2541 ad
1145 2498 1446 2555 supplicandum
1479 2498 1523 2535 ἱη

50 2569 239 2612 eampum
279 2558 530 2612 egrederetur
569 2557 622 2598 26
661 2558 864 2599 Ianuarii.
939 2558 1035 2600 vide
1074 2562 1215 2598 notam
1258 2553 1286 2594 4
1329 2568 1421 2607 pag.
1467 2551 1521 2593 80

49 2613 264 2667 scriptam.

166 2685 257 2737 170,
289 2683 329 2726 4.
409 2684 617 2737 Τιμόθεος
649 2682 671 2726 ὃ
712 2687 940 2742 Αἰλοῐῖρος]
979 2684 1116 2741 pravis
1154 2685 1233 2724 suis
1268 2681 1522 2721 facinoribus

53 2740 538 2783 Timotheum'Aelurum
568 2744 796 2784 admovisse
827 2760 992 2784 manum
1023 2742 1243 2781 confirmat
1272 2739 1522 2800 Theodorus

50 2797 187 2839 lector
215 2801 410 2840 scribens.
474 2797 679 2852 Τιμόθεος
709 2802 782 2841 τοῦ
812 2799 1070 2855 ΙΗαρκιανοῦ
1099 2792 1351 2846 αἰσθόμενος
1383 2796 1522 2854 {Jam-

190 2882 431 2931 Theophanes
463 2886 511 2920 ΙΙ.
1233 2878 1278 2912 25
