<?xml version="1.0" encoding="UTF-8"?>
<!DOCTYPE html PUBLIC "-//W3C//DTD XHTML 1.0 Transitional//EN"
    "http://www.w3.org/TR/xhtml1/DTD/xhtml1-transitional.dtd">
<html xmlns="http://www.w3.org/1999/xhtml" xml:lang="en" lang="en">
 <head>
  <title>
</title>
<meta http-equiv="Content-Type" content="text/html;charset=utf-8" />
  <meta name='ocr-system' content='tesseract 3.04.00' />
  <meta name='ocr-capabilities' content='ocr_page ocr_carea ocr_par ocr_line ocrx_word'/>
</head>
<body>
  <div class='ocr_page' id='page_1' title='image "./corpusscriptorum47niebuoft_0323.png"; bbox 0 0 1728 3184; ppageno 0'>
   <div class='ocr_carea' id='block_1_1' title="bbox 681 190 1528 236">
    <p class='ocr_par' dir='ltr' id='par_1_1' title="bbox 681 190 1528 236">
     <span class='ocr_line' id='line_1_1' title="bbox 681 190 1528 236; baseline 0.004 -3"><span class='ocrx_word' id='word_1_1' title='bbox 681 191 884 234; x_wconf 75' lang='lat' dir='ltr'>NOTAE.</span> <span class='ocrx_word' id='word_1_2' title='bbox 1430 190 1528 236; x_wconf 83' lang='grc'>313</span> 
     </span>
    </p>
   </div>
   <div class='ocr_carea' id='block_1_2' title="bbox 61 304 1530 418">
    <p class='ocr_par' dir='ltr' id='par_1_2' title="bbox 61 304 1530 418">
     <span class='ocr_line' id='line_1_2' title="bbox 62 304 1530 404; baseline 0.001 -58"><span class='ocrx_word' id='word_1_3' title='bbox 62 311 106 347; x_wconf 90' lang='lat' dir='ltr'>et</span> <span class='ocrx_word' id='word_1_4' title='bbox 132 305 336 404; x_wconf 41' lang='lat' dir='ltr'>&amp;Qbaea</span> <span class='ocrx_word' id='word_1_5' title='bbox 370 304 522 348; x_wconf 82' lang='lat' dir='ltr'>erecta&#39;</span> <span class='ocrx_word' id='word_1_6' title='bbox 544 305 745 349; x_wconf 76' lang='lat' dir='ltr'>describit</span> <span class='ocrx_word' id='word_1_7' title='bbox 768 307 968 348; x_wconf 82' lang='lat' dir='ltr'>Eusebius</span> <span class='ocrx_word' id='word_1_8' title='bbox 1016 306 1084 348; x_wconf 83' lang='lat' dir='ltr'>lib.</span> <span class='ocrx_word' id='word_1_9' title='bbox 1118 306 1138 347; x_wconf 83' lang='lat'>1</span> <span class='ocrx_word' id='word_1_10' title='bbox 1182 307 1234 349; x_wconf 85' lang='lat' dir='ltr'>de</span> <span class='ocrx_word' id='word_1_11' title='bbox 1272 308 1356 349; x_wconf 79' lang='lat' dir='ltr'>vita</span> <span class='ocrx_word' id='word_1_12' title='bbox 1386 309 1530 348; x_wconf 85' lang='lat' dir='ltr'>Const.</span> 
     </span>
     <span class='ocr_line' id='line_1_3' title="bbox 61 377 270 418; baseline 0.005 -15"><span class='ocrx_word' id='word_1_13' title='bbox 61 377 153 418; x_wconf 85' lang='lat' dir='ltr'>cap.</span> <span class='ocrx_word' id='word_1_14' title='bbox 243 393 270 411; x_wconf 15' lang='grc' dir='ltr'>,ι</span> 
     </span>
    </p>
   </div>
   <div class='ocr_carea' id='block_1_3' title="bbox 166 436 1532 508">
    <p class='ocr_par' dir='ltr' id='par_1_3' title="bbox 166 436 1532 508">
     <span class='ocr_line' id='line_1_4' title="bbox 166 436 1532 508; baseline 0.001 -26"><span class='ocrx_word' id='word_1_15' title='bbox 166 439 246 497; x_wconf 56' lang='lat'>20,</span> <span class='ocrx_word' id='word_1_16' title='bbox 276 440 341 485; x_wconf 81' lang='lat' dir='ltr'>ll.</span> <span class='ocrx_word' id='word_1_17' title='bbox 397 436 535 499; x_wconf 71' lang='grc' dir='ltr'><strong><em>τούτῳ</em></strong></span> <span class='ocrx_word' id='word_1_18' title='bbox 556 439 723 508; x_wconf 45' lang='grc' dir='ltr'><strong><em>τῷβτει</em></strong></span> <span class='ocrx_word' id='word_1_19' title='bbox 751 439 775 482; x_wconf 79' lang='grc' dir='ltr'>ὅ</span> <span class='ocrx_word' id='word_1_20' title='bbox 792 441 1086 497; x_wconf 78' lang='grc' dir='ltr'><strong><em>Μαξιμιανός]</em></strong></span> <span class='ocrx_word' id='word_1_21' title='bbox 1116 443 1306 484; x_wconf 81' lang='lat' dir='ltr'>Galerius</span> <span class='ocrx_word' id='word_1_22' title='bbox 1336 444 1412 484; x_wconf 84' lang='lat' dir='ltr'>iste</span> <span class='ocrx_word' id='word_1_23' title='bbox 1438 445 1532 485; x_wconf 84' lang='lat' dir='ltr'>Ma-</span> 
     </span>
    </p>
   </div>
   <div class='ocr_carea' id='block_1_4' title="bbox 62 498 1600 555">
    <p class='ocr_par' dir='ltr' id='par_1_4' title="bbox 62 498 1600 555">
     <span class='ocr_line' id='line_1_5' title="bbox 62 498 1600 555; baseline 0.002 -17"><span class='ocrx_word' id='word_1_24' title='bbox 62 498 239 539; x_wconf 77' lang='lat' dir='ltr'>ximinm</span> <span class='ocrx_word' id='word_1_25' title='bbox 269 498 428 538; x_wconf 86' lang='lat' dir='ltr'>Galerii</span> <span class='ocrx_word' id='word_1_26' title='bbox 464 499 703 540; x_wconf 71' lang='lat' dir='ltr'>Maximiani</span> <span class='ocrx_word' id='word_1_27' title='bbox 737 499 867 548; x_wconf 82' lang='lat' dir='ltr'>filius,</span> <span class='ocrx_word' id='word_1_28' title='bbox 909 500 1026 540; x_wconf 87' lang='lat' dir='ltr'>euius</span> <span class='ocrx_word' id='word_1_29' title='bbox 1057 501 1250 541; x_wconf 87' lang='lat' dir='ltr'>interitus</span> <span class='ocrx_word' id='word_1_30' title='bbox 1278 506 1376 554; x_wconf 88' lang='lat' dir='ltr'>post</span> <span class='ocrx_word' id='word_1_31' title='bbox 1403 515 1532 541; x_wconf 87' lang='lat' dir='ltr'>annos</span> <span class='ocrx_word' id='word_1_32' title='bbox 1597 554 1600 555; x_wconf 19' lang='lat'><em>⁷</em></span> 
     </span>
    </p>
   </div>
   <div class='ocr_carea' id='block_1_5' title="bbox 55 552 1578 2246">
    <p class='ocr_par' dir='ltr' id='par_1_5' title="bbox 58 552 1536 1062">
     <span class='ocr_line' id='line_1_6' title="bbox 61 552 1530 610; baseline 0.001 -15"><span class='ocrx_word' id='word_1_33' title='bbox 61 554 180 607; x_wconf 81' lang='lat' dir='ltr'>duos,</span> <span class='ocrx_word' id='word_1_34' title='bbox 207 552 251 594; x_wconf 88' lang='lat' dir='ltr'>id</span> <span class='ocrx_word' id='word_1_35' title='bbox 278 561 340 595; x_wconf 67' lang='lat' dir='ltr'>est</span> <span class='ocrx_word' id='word_1_36' title='bbox 360 555 624 596; x_wconf 81' lang='lat' dir='ltr'>Constantini</span> <span class='ocrx_word' id='word_1_37' title='bbox 643 554 877 606; x_wconf 89' lang='lat' dir='ltr'>undecimo,</span> <span class='ocrx_word' id='word_1_38' title='bbox 908 557 1174 605; x_wconf 83' lang='lat' dir='ltr'>describitur,</span> <span class='ocrx_word' id='word_1_39' title='bbox 1202 571 1286 596; x_wconf 90' lang='lat' dir='ltr'>nou</span> <span class='ocrx_word' id='word_1_40' title='bbox 1303 555 1386 597; x_wconf 89' lang='lat' dir='ltr'>hoc</span> <span class='ocrx_word' id='word_1_41' title='bbox 1408 571 1530 610; x_wconf 83' lang='lat' dir='ltr'>anno,</span> 
     </span>
     <span class='ocr_line' id='line_1_7' title="bbox 60 611 1532 669; baseline 0.002 -18"><span class='ocrx_word' id='word_1_42' title='bbox 60 611 135 666; x_wconf 87' lang='lat' dir='ltr'>qui</span> <span class='ocrx_word' id='word_1_43' title='bbox 163 611 424 652; x_wconf 75' lang='lat' dir='ltr'>Constantini</span> <span class='ocrx_word' id='word_1_44' title='bbox 462 626 614 662; x_wconf 75' lang='lat' dir='ltr'>nonuS,</span> <span class='ocrx_word' id='word_1_45' title='bbox 653 613 829 661; x_wconf 90' lang='lat' dir='ltr'>obiisse,</span> <span class='ocrx_word' id='word_1_46' title='bbox 866 613 939 654; x_wconf 89' lang='lat' dir='ltr'>sed</span> <span class='ocrx_word' id='word_1_47' title='bbox 970 613 1240 669; x_wconf 82' lang='lat' dir='ltr'>tyrannidem</span> <span class='ocrx_word' id='word_1_48' title='bbox 1273 614 1532 667; x_wconf 83' lang='lat' dir='ltr'>assumpsisse</span> 
     </span>
     <span class='ocr_line' id='line_1_8' title="bbox 58 667 1532 725; baseline 0.001 -18"><span class='ocrx_word' id='word_1_49' title='bbox 58 667 325 722; x_wconf 77' lang='lat' dir='ltr'>suggeritur:</span> <span class='ocrx_word' id='word_1_50' title='bbox 357 667 411 709; x_wconf 92' lang='lat' dir='ltr'>de</span> <span class='ocrx_word' id='word_1_51' title='bbox 440 683 526 724; x_wconf 89' lang='lat' dir='ltr'>qno</span> <span class='ocrx_word' id='word_1_52' title='bbox 556 668 756 716; x_wconf 82' lang='lat' dir='ltr'>inferius3</span> <span class='ocrx_word' id='word_1_53' title='bbox 785 669 976 725; x_wconf 81' lang='lat' dir='ltr'>adeoque</span> <span class='ocrx_word' id='word_1_54' title='bbox 1008 668 1056 709; x_wconf 87' lang='grc' dir='ltr'>τὸ</span> <span class='ocrx_word' id='word_1_55' title='bbox 1096 668 1288 722; x_wconf 78' lang='grc' dir='ltr'><strong><em>αἰσχρῶς</em></strong></span> <span class='ocrx_word' id='word_1_56' title='bbox 1313 667 1532 720; x_wconf 79' lang='grc' dir='ltr'><strong><em>καταλύει,</em></strong></span> 
     </span>
     <span class='ocr_line' id='line_1_9' title="bbox 60 718 1534 780; baseline 0.002 -17"><span class='ocrx_word' id='word_1_57' title='bbox 60 723 375 779; x_wconf 77' lang='lat' dir='ltr'>intelligendum</span> <span class='ocrx_word' id='word_1_58' title='bbox 403 718 580 777; x_wconf 69' lang='grc' dir='ltr'><strong><em>ὕστερόν</em></strong></span> <span class='ocrx_word' id='word_1_59' title='bbox 609 723 798 778; x_wconf 78' lang='grc' dir='ltr'><strong><em>αἰσχρῶς</em></strong></span> <span class='ocrx_word' id='word_1_60' title='bbox 822 727 1074 767; x_wconf 80' lang='grc' dir='ltr'><strong><em>κατέλυσεν·</em></strong></span> <span class='ocrx_word' id='word_1_61' title='bbox 1128 724 1397 780; x_wconf 84' lang='lat' dir='ltr'>proindeque</span> <span class='ocrx_word' id='word_1_62' title='bbox 1424 726 1534 766; x_wconf 76' lang='lat' dir='ltr'>verti</span> 
     </span>
     <span class='ocr_line' id='line_1_10' title="bbox 62 779 1532 836; baseline 0 -16"><span class='ocrx_word' id='word_1_63' title='bbox 62 781 192 821; x_wconf 81' lang='lat' dir='ltr'>vitam</span> <span class='ocrx_word' id='word_1_64' title='bbox 219 779 371 822; x_wconf 87' lang='lat' dir='ltr'>deinde</span> <span class='ocrx_word' id='word_1_65' title='bbox 410 782 599 836; x_wconf 80' lang='lat' dir='ltr'>turpiter</span> <span class='ocrx_word' id='word_1_66' title='bbox 638 782 774 822; x_wconf 87' lang='lat' dir='ltr'>amisit</span> <span class='ocrx_word' id='word_1_67' title='bbox 812 782 852 822; x_wconf 90' lang='lat' dir='ltr'>in</span> <span class='ocrx_word' id='word_1_68' title='bbox 884 782 1039 823; x_wconf 81' lang='lat' dir='ltr'>Cilicia.</span> <span class='ocrx_word' id='word_1_69' title='bbox 1097 782 1366 822; x_wconf 85' lang='lat' dir='ltr'>Maximinum</span> <span class='ocrx_word' id='word_1_70' title='bbox 1394 796 1532 835; x_wconf 84' lang='lat' dir='ltr'>porro</span> 
     </span>
     <span class='ocr_line' id='line_1_11' title="bbox 59 837 1534 894; baseline -0.003 -16"><span class='ocrx_word' id='word_1_71' title='bbox 59 837 298 878; x_wconf 76' lang='lat' dir='ltr'>Maximiani</span> <span class='ocrx_word' id='word_1_72' title='bbox 325 837 458 892; x_wconf 83' lang='lat' dir='ltr'>patris</span> <span class='ocrx_word' id='word_1_73' title='bbox 472 839 642 879; x_wconf 89' lang='lat' dir='ltr'>nomine</span> <span class='ocrx_word' id='word_1_74' title='bbox 658 839 916 894; x_wconf 86' lang='lat' dir='ltr'>frequentius</span> <span class='ocrx_word' id='word_1_75' title='bbox 940 838 1096 889; x_wconf 84' lang='lat' dir='ltr'>vocari,</span> <span class='ocrx_word' id='word_1_76' title='bbox 1129 846 1176 879; x_wconf 87' lang='lat' dir='ltr'>ut</span> <span class='ocrx_word' id='word_1_77' title='bbox 1206 837 1388 879; x_wconf 86' lang='lat' dir='ltr'>advertit</span> <span class='ocrx_word' id='word_1_78' title='bbox 1403 839 1534 877; x_wconf 86' lang='lat' dir='ltr'>Pom..</span> 
     </span>
     <span class='ocr_line' id='line_1_12' title="bbox 58 893 1536 950; baseline 0 -16"><span class='ocrx_word' id='word_1_79' title='bbox 58 893 212 947; x_wconf 83' lang='lat' dir='ltr'>ponius</span> <span class='ocrx_word' id='word_1_80' title='bbox 239 894 403 944; x_wconf 80' lang='lat' dir='ltr'>Laetus,</span> <span class='ocrx_word' id='word_1_81' title='bbox 432 894 728 935; x_wconf 80' lang='lat' dir='ltr'>Maximianum</span> <span class='ocrx_word' id='word_1_82' title='bbox 755 896 919 950; x_wconf 87' lang='lat' dir='ltr'>pariter</span> <span class='ocrx_word' id='word_1_83' title='bbox 948 895 1164 936; x_wconf 86' lang='lat' dir='ltr'>codicibus</span> <span class='ocrx_word' id='word_1_84' title='bbox 1180 895 1352 936; x_wconf 87' lang='lat' dir='ltr'>Graecis</span> <span class='ocrx_word' id='word_1_85' title='bbox 1382 895 1536 948; x_wconf 84' lang='lat' dir='ltr'>saepis-</span> 
     </span>
     <span class='ocr_line' id='line_1_13' title="bbox 58 948 1534 1007; baseline 0.001 -19"><span class='ocrx_word' id='word_1_86' title='bbox 58 950 159 990; x_wconf 79' lang='lat' dir='ltr'>sime</span> <span class='ocrx_word' id='word_1_87' title='bbox 187 950 316 991; x_wconf 80' lang='lat' dir='ltr'>scribi</span> <span class='ocrx_word' id='word_1_88' title='bbox 346 950 666 992; x_wconf 81' lang='lat' dir='ltr'>animadverto:</span> <span class='ocrx_word' id='word_1_89' title='bbox 695 966 803 1007; x_wconf 86' lang='lat' dir='ltr'>quae</span> <span class='ocrx_word' id='word_1_90' title='bbox 833 967 955 992; x_wconf 89' lang='lat' dir='ltr'>causa</span> <span class='ocrx_word' id='word_1_91' title='bbox 986 959 1059 1004; x_wconf 86' lang='lat' dir='ltr'>est,</span> <span class='ocrx_word' id='word_1_92' title='bbox 1089 959 1136 993; x_wconf 90' lang='lat' dir='ltr'>ut</span> <span class='ocrx_word' id='word_1_93' title='bbox 1165 948 1214 992; x_wconf 83' lang='grc' dir='ltr'>τὸ</span> <span class='ocrx_word' id='word_1_94' title='bbox 1241 949 1534 1003; x_wconf 79' lang='grc' dir='ltr'><strong><em>Μαξιμιανός,</em></strong></span> 
     </span>
     <span class='ocr_line' id='line_1_14' title="bbox 60 1005 922 1062; baseline 0.001 -15"><span class='ocrx_word' id='word_1_95' title='bbox 60 1005 130 1047; x_wconf 79' lang='lat' dir='ltr'>hie</span> <span class='ocrx_word' id='word_1_96' title='bbox 160 1007 313 1062; x_wconf 82' lang='lat' dir='ltr'>legens,</span> <span class='ocrx_word' id='word_1_97' title='bbox 341 1007 618 1059; x_wconf 78' lang='lat' dir='ltr'>Maximinus,</span> <span class='ocrx_word' id='word_1_98' title='bbox 652 1008 922 1049; x_wconf 85' lang='lat' dir='ltr'>reddiderim.</span> 
     </span>
    </p>

    <p class='ocr_par' dir='ltr' id='par_1_6' title="bbox 55 1073 1578 2246">
     <span class='ocr_line' id='line_1_15' title="bbox 169 1073 1534 1131; baseline 0.003 -18"><span class='ocrx_word' id='word_1_99' title='bbox 169 1073 279 1118; x_wconf 86' lang='lat' dir='ltr'>Ibid.</span> <span class='ocrx_word' id='word_1_100' title='bbox 312 1073 376 1115; x_wconf 84' lang='lat'>13.</span> <span class='ocrx_word' id='word_1_101' title='bbox 434 1074 625 1123; x_wconf 80' lang='grc' dir='ltr'><strong><em>α’κούσας</em></strong></span> <span class='ocrx_word' id='word_1_102' title='bbox 652 1075 699 1116; x_wconf 82' lang='grc' dir='ltr'>δὲ</span> <span class='ocrx_word' id='word_1_103' title='bbox 730 1074 1006 1126; x_wconf 78' lang='grc' dir='ltr'><strong><em>Μαξιμιανὸς</em></strong></span> <span class='ocrx_word' id='word_1_104' title='bbox 1030 1075 1072 1117; x_wconf 91' lang='grc' dir='ltr'><strong>Γ</strong></span> <span class='ocrx_word' id='word_1_105' title='bbox 1069 1076 1276 1131; x_wconf 75' lang='grc' dir='ltr'><strong><em>αλλέριος]</em></strong></span> <span class='ocrx_word' id='word_1_106' title='bbox 1307 1076 1534 1131; x_wconf 89' lang='lat' dir='ltr'>periochen</span> 
     </span>
     <span class='ocr_line' id='line_1_16' title="bbox 61 1129 1536 1187; baseline 0.002 -18"><span class='ocrx_word' id='word_1_107' title='bbox 61 1129 170 1170; x_wconf 85' lang='lat' dir='ltr'>banc</span> <span class='ocrx_word' id='word_1_108' title='bbox 195 1145 273 1186; x_wconf 72' lang='lat' dir='ltr'>suo</span> <span class='ocrx_word' id='word_1_109' title='bbox 302 1131 401 1172; x_wconf 78' lang='lat' dir='ltr'>loco</span> <span class='ocrx_word' id='word_1_110' title='bbox 430 1137 604 1180; x_wconf 88' lang='lat' dir='ltr'>motam,</span> <span class='ocrx_word' id='word_1_111' title='bbox 636 1138 678 1173; x_wconf 88' lang='lat' dir='ltr'>et</span> <span class='ocrx_word' id='word_1_112' title='bbox 706 1133 748 1172; x_wconf 86' lang='lat' dir='ltr'>in</span> <span class='ocrx_word' id='word_1_113' title='bbox 778 1133 1037 1187; x_wconf 84' lang='lat' dir='ltr'>superiorem</span> <span class='ocrx_word' id='word_1_114' title='bbox 1069 1148 1236 1181; x_wconf 88' lang='lat' dir='ltr'>annum,</span> <span class='ocrx_word' id='word_1_115' title='bbox 1269 1133 1536 1174; x_wconf 79' lang='lat' dir='ltr'>Constantini</span> 
     </span>
     <span class='ocr_line' id='line_1_17' title="bbox 59 1185 1534 1243; baseline 0.001 -17"><span class='ocrx_word' id='word_1_116' title='bbox 59 1185 254 1228; x_wconf 76' lang='lat' dir='ltr'>videlieet</span> <span class='ocrx_word' id='word_1_117' title='bbox 290 1193 498 1238; x_wconf 81' lang='lat' dir='ltr'>octavum,</span> <span class='ocrx_word' id='word_1_118' title='bbox 525 1190 589 1229; x_wconf 79' lang='lat' dir='ltr'>vel</span> <span class='ocrx_word' id='word_1_119' title='bbox 621 1190 746 1229; x_wconf 87' lang='lat' dir='ltr'>etiam</span> <span class='ocrx_word' id='word_1_120' title='bbox 776 1190 1024 1243; x_wconf 87' lang='lat' dir='ltr'>septimum,</span> <span class='ocrx_word' id='word_1_121' title='bbox 1063 1190 1363 1230; x_wconf 83' lang='lat' dir='ltr'>conferendam</span> <span class='ocrx_word' id='word_1_122' title='bbox 1393 1190 1534 1230; x_wconf 88' lang='lat' dir='ltr'>existi-</span> 
     </span>
     <span class='ocr_line' id='line_1_18' title="bbox 59 1243 1539 1300; baseline 0.002 -18"><span class='ocrx_word' id='word_1_123' title='bbox 59 1257 143 1294; x_wconf 87' lang='lat' dir='ltr'>mo,</span> <span class='ocrx_word' id='word_1_124' title='bbox 174 1249 314 1284; x_wconf 81' lang='lat' dir='ltr'>motus</span> <span class='ocrx_word' id='word_1_125' title='bbox 337 1243 450 1285; x_wconf 86' lang='lat' dir='ltr'>hisce</span> <span class='ocrx_word' id='word_1_126' title='bbox 479 1245 711 1285; x_wconf 86' lang='lat' dir='ltr'>rationibus</span> <span class='ocrx_word' id='word_1_127' title='bbox 740 1245 912 1286; x_wconf 84' lang='lat' dir='ltr'>duabus.</span> <span class='ocrx_word' id='word_1_128' title='bbox 956 1247 990 1286; x_wconf 92' lang='lat'>1.</span> <span class='ocrx_word' id='word_1_129' title='bbox 1021 1245 1136 1300; x_wconf 91' lang='lat' dir='ltr'>quod</span> <span class='ocrx_word' id='word_1_130' title='bbox 1165 1261 1260 1285; x_wconf 92' lang='lat' dir='ltr'>cum</span> <span class='ocrx_word' id='word_1_131' title='bbox 1289 1261 1400 1287; x_wconf 90' lang='lat' dir='ltr'>anno</span> <span class='ocrx_word' id='word_1_132' title='bbox 1421 1247 1539 1286; x_wconf 91' lang='lat' dir='ltr'>Con-</span> 
     </span>
     <span class='ocr_line' id='line_1_19' title="bbox 56 1299 1537 1356; baseline 0.001 -16"><span class='ocrx_word' id='word_1_133' title='bbox 56 1299 227 1340; x_wconf 86' lang='lat' dir='ltr'>stantini</span> <span class='ocrx_word' id='word_1_134' title='bbox 245 1301 422 1355; x_wconf 87' lang='lat' dir='ltr'>septimo</span> <span class='ocrx_word' id='word_1_135' title='bbox 446 1301 617 1342; x_wconf 82' lang='lat' dir='ltr'>ineunte</span> <span class='ocrx_word' id='word_1_136' title='bbox 631 1303 859 1343; x_wconf 85' lang='lat' dir='ltr'>Maxentius</span> <span class='ocrx_word' id='word_1_137' title='bbox 879 1303 1067 1356; x_wconf 88' lang='lat' dir='ltr'>perierit,</span> <span class='ocrx_word' id='word_1_138' title='bbox 1098 1301 1233 1343; x_wconf 86' lang='lat' dir='ltr'>caedis</span> <span class='ocrx_word' id='word_1_139' title='bbox 1250 1303 1336 1343; x_wconf 88' lang='lat' dir='ltr'>eius</span> <span class='ocrx_word' id='word_1_140' title='bbox 1366 1303 1537 1343; x_wconf 81' lang='lat' dir='ltr'>nuntius</span> 
     </span>
     <span class='ocr_line' id='line_1_20' title="bbox 58 1355 1538 1413; baseline 0.002 -17"><span class='ocrx_word' id='word_1_141' title='bbox 58 1357 110 1396; x_wconf 86' lang='lat' dir='ltr'>ad</span> <span class='ocrx_word' id='word_1_142' title='bbox 142 1371 298 1398; x_wconf 86' lang='lat' dir='ltr'>anuum</span> <span class='ocrx_word' id='word_1_143' title='bbox 327 1372 459 1413; x_wconf 86' lang='lat' dir='ltr'>usque</span> <span class='ocrx_word' id='word_1_144' title='bbox 478 1372 631 1399; x_wconf 90' lang='lat' dir='ltr'>nonum</span> <span class='ocrx_word' id='word_1_145' title='bbox 652 1359 833 1399; x_wconf 88' lang='lat' dir='ltr'>ciusdem</span> <span class='ocrx_word' id='word_1_146' title='bbox 848 1355 1110 1399; x_wconf 85' lang='lat' dir='ltr'>Constantini</span> <span class='ocrx_word' id='word_1_147' title='bbox 1137 1359 1189 1399; x_wconf 84' lang='lat' dir='ltr'>ad</span> <span class='ocrx_word' id='word_1_148' title='bbox 1207 1359 1419 1400; x_wconf 90' lang='lat' dir='ltr'>Galerium</span> <span class='ocrx_word' id='word_1_149' title='bbox 1446 1361 1538 1399; x_wconf 88' lang='lat' dir='ltr'>Ma-</span> 
     </span>
     <span class='ocr_line' id='line_1_21' title="bbox 59 1412 1536 1471; baseline 0.002 -19"><span class='ocrx_word' id='word_1_150' title='bbox 59 1412 292 1453; x_wconf 87' lang='lat' dir='ltr'>ximianum</span> <span class='ocrx_word' id='word_1_151' title='bbox 319 1415 544 1469; x_wconf 85' lang='lat' dir='ltr'>pervenire</span> <span class='ocrx_word' id='word_1_152' title='bbox 579 1431 664 1456; x_wconf 91' lang='lat' dir='ltr'>non</span> <span class='ocrx_word' id='word_1_153' title='bbox 699 1415 869 1456; x_wconf 85' lang='lat' dir='ltr'>distulit.</span> <span class='ocrx_word' id='word_1_154' title='bbox 928 1416 965 1456; x_wconf 75' lang='lat'>2.</span> <span class='ocrx_word' id='word_1_155' title='bbox 1000 1415 1114 1471; x_wconf 86' lang='lat' dir='ltr'>quod</span> <span class='ocrx_word' id='word_1_156' title='bbox 1146 1431 1241 1456; x_wconf 91' lang='lat' dir='ltr'>cum</span> <span class='ocrx_word' id='word_1_157' title='bbox 1269 1416 1434 1456; x_wconf 83' lang='lat' dir='ltr'>saevior</span> <span class='ocrx_word' id='word_1_158' title='bbox 1461 1416 1536 1456; x_wconf 90' lang='lat' dir='ltr'>sub</span> 
     </span>
     <span class='ocr_line' id='line_1_22' title="bbox 56 1469 1536 1526; baseline 0.001 -16"><span class='ocrx_word' id='word_1_159' title='bbox 56 1469 322 1511; x_wconf 77' lang='lat' dir='ltr'>Diocletiano</span> <span class='ocrx_word' id='word_1_160' title='bbox 363 1471 539 1512; x_wconf 87' lang='lat' dir='ltr'>excitata</span> <span class='ocrx_word' id='word_1_161' title='bbox 580 1472 819 1526; x_wconf 83' lang='lat' dir='ltr'>persecutio</span> <span class='ocrx_word' id='word_1_162' title='bbox 866 1487 978 1513; x_wconf 89' lang='lat' dir='ltr'>anno</span> <span class='ocrx_word' id='word_1_163' title='bbox 1010 1472 1164 1512; x_wconf 82' lang='lat' dir='ltr'>Christi</span> <span class='ocrx_word' id='word_1_164' title='bbox 1194 1471 1275 1512; x_wconf 76' lang='lat'>295</span> <span class='ocrx_word' id='word_1_165' title='bbox 1316 1487 1363 1512; x_wconf 84' lang='lat' dir='ltr'>ex</span> <span class='ocrx_word' id='word_1_166' title='bbox 1392 1472 1536 1512; x_wconf 84' lang='lat' dir='ltr'>Theo..</span> 
     </span>
     <span class='ocr_line' id='line_1_23' title="bbox 57 1525 1536 1583; baseline 0.002 -19"><span class='ocrx_word' id='word_1_167' title='bbox 57 1525 204 1580; x_wconf 86' lang='lat' dir='ltr'>phanis</span> <span class='ocrx_word' id='word_1_168' title='bbox 233 1526 424 1579; x_wconf 82' lang='lat' dir='ltr'>calculo,</span> <span class='ocrx_word' id='word_1_169' title='bbox 454 1533 551 1568; x_wconf 86' lang='lat' dir='ltr'>ante</span> <span class='ocrx_word' id='word_1_170' title='bbox 585 1528 849 1569; x_wconf 83' lang='lat' dir='ltr'>Constantini</span> <span class='ocrx_word' id='word_1_171' title='bbox 895 1529 1119 1583; x_wconf 87' lang='lat' dir='ltr'>imperium</span> <span class='ocrx_word' id='word_1_172' title='bbox 1162 1528 1341 1580; x_wconf 87' lang='lat' dir='ltr'>duobus,</span> <span class='ocrx_word' id='word_1_173' title='bbox 1372 1529 1536 1582; x_wconf 87' lang='lat' dir='ltr'>princi..</span> 
     </span>
     <span class='ocr_line' id='line_1_24' title="bbox 58 1578 1534 1640; baseline 0.002 -18"><span class='ocrx_word' id='word_1_174' title='bbox 58 1582 176 1636; x_wconf 88' lang='lat' dir='ltr'>pium</span> <span class='ocrx_word' id='word_1_175' title='bbox 200 1582 415 1636; x_wconf 87' lang='lat' dir='ltr'>babuerit,</span> <span class='ocrx_word' id='word_1_176' title='bbox 438 1598 620 1640; x_wconf 87' lang='lat' dir='ltr'>moxque</span> <span class='ocrx_word' id='word_1_177' title='bbox 655 1585 739 1626; x_wconf 85' lang='lat' dir='ltr'>eins</span> <span class='ocrx_word' id='word_1_178' title='bbox 759 1592 893 1626; x_wconf 87' lang='lat' dir='ltr'>aestus</span> <span class='ocrx_word' id='word_1_179' title='bbox 920 1588 1013 1635; x_wconf 84' lang='grc' dir='ltr'><strong><em>μετ’</em></strong></span> <span class='ocrx_word' id='word_1_180' title='bbox 1042 1578 1187 1637; x_wconf 69' lang='grc' dir='ltr'><strong><em>ὄγδοον</em></strong></span> <span class='ocrx_word' id='word_1_181' title='bbox 1203 1581 1309 1632; x_wconf 82' lang='grc' dir='ltr'><strong><em>ἔτος,</em></strong></span> <span class='ocrx_word' id='word_1_182' title='bbox 1336 1594 1430 1640; x_wconf 79' lang='lat' dir='ltr'>post</span> <span class='ocrx_word' id='word_1_183' title='bbox 1456 1601 1534 1625; x_wconf 87' lang='lat' dir='ltr'>an-</span> 
     </span>
     <span class='ocr_line' id='line_1_25' title="bbox 55 1641 1537 1696; baseline 0.001 -16"><span class='ocrx_word' id='word_1_184' title='bbox 55 1654 154 1680; x_wconf 82' lang='lat' dir='ltr'>num</span> <span class='ocrx_word' id='word_1_185' title='bbox 183 1649 400 1689; x_wconf 81' lang='lat' dir='ltr'>octavum,</span> <span class='ocrx_word' id='word_1_186' title='bbox 439 1641 576 1696; x_wconf 87' lang='lat' dir='ltr'>inquit</span> <span class='ocrx_word' id='word_1_187' title='bbox 622 1642 823 1682; x_wconf 82' lang='lat' dir='ltr'>Eusebius</span> <span class='ocrx_word' id='word_1_188' title='bbox 856 1642 1007 1682; x_wconf 85' lang='lat' dir='ltr'>histor.</span> <span class='ocrx_word' id='word_1_189' title='bbox 1053 1643 1156 1682; x_wconf 79' lang='lat' dir='ltr'>eccl.</span> <span class='ocrx_word' id='word_1_190' title='bbox 1199 1641 1275 1681; x_wconf 85' lang='lat' dir='ltr'>lib.</span> <span class='ocrx_word' id='word_1_191' title='bbox 1302 1641 1330 1682; x_wconf 85' lang='lat'>8</span> <span class='ocrx_word' id='word_1_192' title='bbox 1362 1656 1452 1695; x_wconf 81' lang='lat' dir='ltr'>cap.</span> <span class='ocrx_word' id='word_1_193' title='bbox 1483 1641 1537 1682; x_wconf 80' lang='grc'>28</span> 
     </span>
     <span class='ocr_line' id='line_1_26' title="bbox 56 1697 1578 1753; baseline 0.001 -18"><span class='ocrx_word' id='word_1_194' title='bbox 56 1697 250 1750; x_wconf 88' lang='lat' dir='ltr'>coeperit</span> <span class='ocrx_word' id='word_1_195' title='bbox 290 1697 509 1751; x_wconf 85' lang='lat' dir='ltr'>paululum</span> <span class='ocrx_word' id='word_1_196' title='bbox 554 1698 862 1751; x_wconf 84' lang='lat' dir='ltr'>defervescere,</span> <span class='ocrx_word' id='word_1_197' title='bbox 904 1713 1015 1738; x_wconf 91' lang='lat' dir='ltr'>anno</span> <span class='ocrx_word' id='word_1_198' title='bbox 1046 1699 1245 1738; x_wconf 89' lang='lat' dir='ltr'>nimirum</span> <span class='ocrx_word' id='word_1_199' title='bbox 1274 1698 1537 1738; x_wconf 82' lang='lat' dir='ltr'>Constantini</span> <span class='ocrx_word' id='word_1_200' title='bbox 1573 1751 1578 1753; x_wconf 9' lang='grc' dir='ltr'>μ</span> 
     </span>
     <span class='ocr_line' id='line_1_27' title="bbox 55 1753 1537 1810; baseline 0.001 -18"><span class='ocrx_word' id='word_1_201' title='bbox 55 1759 187 1805; x_wconf 86' lang='lat' dir='ltr'>sexto,</span> <span class='ocrx_word' id='word_1_202' title='bbox 213 1753 273 1793; x_wconf 88' lang='lat' dir='ltr'>sic</span> <span class='ocrx_word' id='word_1_203' title='bbox 306 1753 470 1794; x_wconf 87' lang='lat' dir='ltr'>decimo</span> <span class='ocrx_word' id='word_1_204' title='bbox 511 1770 621 1796; x_wconf 91' lang='lat' dir='ltr'>anno</span> <span class='ocrx_word' id='word_1_205' title='bbox 669 1756 911 1809; x_wconf 90' lang='lat' dir='ltr'>consopitus</span> <span class='ocrx_word' id='word_1_206' title='bbox 959 1755 1065 1805; x_wconf 87' lang='lat' dir='ltr'>fuit,</span> <span class='ocrx_word' id='word_1_207' title='bbox 1096 1755 1213 1810; x_wconf 90' lang='lat' dir='ltr'>isque</span> <span class='ocrx_word' id='word_1_208' title='bbox 1243 1769 1372 1795; x_wconf 89' lang='lat' dir='ltr'>annus</span> <span class='ocrx_word' id='word_1_209' title='bbox 1399 1756 1537 1795; x_wconf 82' lang='lat' dir='ltr'>extitit</span> 
     </span>
     <span class='ocr_line' id='line_1_28' title="bbox 56 1809 1536 1868; baseline 0.001 -20"><span class='ocrx_word' id='word_1_210' title='bbox 56 1809 319 1850; x_wconf 87' lang='lat' dir='ltr'>Constantini</span> <span class='ocrx_word' id='word_1_211' title='bbox 350 1816 535 1863; x_wconf 88' lang='lat' dir='ltr'>octavus,</span> <span class='ocrx_word' id='word_1_212' title='bbox 565 1827 651 1868; x_wconf 89' lang='lat' dir='ltr'>quo</span> <span class='ocrx_word' id='word_1_213' title='bbox 680 1812 766 1853; x_wconf 87' lang='lat' dir='ltr'>eius</span> <span class='ocrx_word' id='word_1_214' title='bbox 796 1811 848 1853; x_wconf 84' lang='lat' dir='ltr'>de</span> <span class='ocrx_word' id='word_1_215' title='bbox 888 1812 1098 1852; x_wconf 85' lang='lat' dir='ltr'>Maxentio</span> <span class='ocrx_word' id='word_1_216' title='bbox 1130 1811 1333 1852; x_wconf 85' lang='lat' dir='ltr'>victoriae</span> <span class='ocrx_word' id='word_1_217' title='bbox 1359 1811 1413 1851; x_wconf 88' lang='lat' dir='ltr'>ad</span> <span class='ocrx_word' id='word_1_218' title='bbox 1442 1814 1536 1851; x_wconf 83' lang='lat' dir='ltr'>Ma-</span> 
     </span>
     <span class='ocr_line' id='line_1_29' title="bbox 55 1865 1535 1922; baseline 0.002 -18"><span class='ocrx_word' id='word_1_219' title='bbox 55 1865 282 1906; x_wconf 86' lang='lat' dir='ltr'>ximianum</span> <span class='ocrx_word' id='word_1_220' title='bbox 318 1867 485 1922; x_wconf 85' lang='lat' dir='ltr'>perlato</span> <span class='ocrx_word' id='word_1_221' title='bbox 529 1869 703 1919; x_wconf 90' lang='lat' dir='ltr'>nuntio,</span> <span class='ocrx_word' id='word_1_222' title='bbox 745 1868 848 1909; x_wconf 81' lang='lat' dir='ltr'>illud</span> <span class='ocrx_word' id='word_1_223' title='bbox 885 1868 1068 1909; x_wconf 86' lang='lat' dir='ltr'>edictum</span> <span class='ocrx_word' id='word_1_224' title='bbox 1113 1867 1270 1908; x_wconf 86' lang='lat' dir='ltr'>Galerii</span> <span class='ocrx_word' id='word_1_225' title='bbox 1299 1867 1535 1908; x_wconf 83' lang='lat' dir='ltr'>Maximiani</span> 
     </span>
     <span class='ocr_line' id='line_1_30' title="bbox 55 1923 1531 1980; baseline 0.002 -19"><span class='ocrx_word' id='word_1_226' title='bbox 55 1923 226 1963; x_wconf 89' lang='lat' dir='ltr'>nomine</span> <span class='ocrx_word' id='word_1_227' title='bbox 253 1924 594 1980; x_wconf 83' lang='lat' dir='ltr'>promulgatum,</span> <span class='ocrx_word' id='word_1_228' title='bbox 638 1925 756 1966; x_wconf 88' lang='lat' dir='ltr'>cuius</span> <span class='ocrx_word' id='word_1_229' title='bbox 797 1925 1007 1980; x_wconf 85' lang='lat' dir='ltr'>exemplar</span> <span class='ocrx_word' id='word_1_230' title='bbox 1040 1924 1168 1965; x_wconf 88' lang='lat' dir='ltr'>babet</span> <span class='ocrx_word' id='word_1_231' title='bbox 1208 1925 1409 1965; x_wconf 83' lang='lat' dir='ltr'>Eusebius</span> <span class='ocrx_word' id='word_1_232' title='bbox 1458 1924 1531 1964; x_wconf 86' lang='lat' dir='ltr'>lib.</span> 
     </span>
     <span class='ocr_line' id='line_1_31' title="bbox 55 1978 1536 2037; baseline 0.001 -19"><span class='ocrx_word' id='word_1_233' title='bbox 55 1978 173 2018; x_wconf 82' lang='lat' dir='ltr'>citati</span> <span class='ocrx_word' id='word_1_234' title='bbox 205 1993 296 2034; x_wconf 87' lang='lat' dir='ltr'>cap.</span> <span class='ocrx_word' id='word_1_235' title='bbox 326 1978 393 2023; x_wconf 76' lang='grc'>29.</span> <span class='ocrx_word' id='word_1_236' title='bbox 449 1983 652 2036; x_wconf 84' lang='lat' dir='ltr'>perioche</span> <span class='ocrx_word' id='word_1_237' title='bbox 688 1982 791 2022; x_wconf 87' lang='lat' dir='ltr'>haec</span> <span class='ocrx_word' id='word_1_238' title='bbox 826 1982 956 2037; x_wconf 85' lang='lat' dir='ltr'>igitur</span> <span class='ocrx_word' id='word_1_239' title='bbox 996 1982 1037 2021; x_wconf 90' lang='lat' dir='ltr'>in</span> <span class='ocrx_word' id='word_1_240' title='bbox 1081 1982 1242 2022; x_wconf 89' lang='lat' dir='ltr'>dictum</span> <span class='ocrx_word' id='word_1_241' title='bbox 1274 1980 1536 2022; x_wconf 86' lang='lat' dir='ltr'>Constantini</span> 
     </span>
     <span class='ocr_line' id='line_1_32' title="bbox 56 2034 1535 2094; baseline 0.001 -20"><span class='ocrx_word' id='word_1_242' title='bbox 56 2034 212 2074; x_wconf 58' lang='lat' dir='ltr'>atnam</span> <span class='ocrx_word' id='word_1_243' title='bbox 242 2042 464 2088; x_wconf 85' lang='lat' dir='ltr'>octavum,</span> <span class='ocrx_word' id='word_1_244' title='bbox 513 2040 587 2094; x_wconf 91' lang='lat' dir='ltr'>qui</span> <span class='ocrx_word' id='word_1_245' title='bbox 627 2039 811 2080; x_wconf 87' lang='lat' dir='ltr'>decimus</span> <span class='ocrx_word' id='word_1_246' title='bbox 851 2055 872 2078; x_wconf 89' lang='lat' dir='ltr'>a</span> <span class='ocrx_word' id='word_1_247' title='bbox 903 2039 1211 2092; x_wconf 84' lang='lat' dir='ltr'>persecutione,</span> <span class='ocrx_word' id='word_1_248' title='bbox 1239 2039 1304 2078; x_wconf 85' lang='lat' dir='ltr'>vel</span> <span class='ocrx_word' id='word_1_249' title='bbox 1332 2039 1373 2077; x_wconf 93' lang='lat' dir='ltr'>in</span> <span class='ocrx_word' id='word_1_250' title='bbox 1402 2037 1535 2091; x_wconf 88' lang='lat' dir='ltr'>septi-</span> 
     </span>
     <span class='ocr_line' id='line_1_33' title="bbox 56 2087 1532 2150; baseline 0.001 -19"><span class='ocrx_word' id='word_1_251' title='bbox 56 2107 184 2141; x_wconf 88' lang='lat' dir='ltr'>mum,</span> <span class='ocrx_word' id='word_1_252' title='bbox 217 2091 291 2146; x_wconf 83' lang='lat' dir='ltr'>qui</span> <span class='ocrx_word' id='word_1_253' title='bbox 322 2107 454 2133; x_wconf 88' lang='lat' dir='ltr'>nonus</span> <span class='ocrx_word' id='word_1_254' title='bbox 486 2096 538 2136; x_wconf 89' lang='lat' dir='ltr'>ab</span> <span class='ocrx_word' id='word_1_255' title='bbox 570 2097 744 2146; x_wconf 82' lang='lat' dir='ltr'>eadem,</span> <span class='ocrx_word' id='word_1_256' title='bbox 775 2109 886 2150; x_wconf 81' lang='lat' dir='ltr'>que,</span> <span class='ocrx_word' id='word_1_257' title='bbox 913 2096 1005 2145; x_wconf 79' lang='grc' dir='ltr'><strong><em>μετ’</em></strong></span> <span class='ocrx_word' id='word_1_258' title='bbox 1033 2087 1182 2146; x_wconf 77' lang='grc' dir='ltr'><em>ὄγδοον</em></span> <span class='ocrx_word' id='word_1_259' title='bbox 1209 2094 1392 2135; x_wconf 90' lang='lat' dir='ltr'>eiusdem</span> <span class='ocrx_word' id='word_1_260' title='bbox 1421 2089 1532 2146; x_wconf 78' lang='grc' dir='ltr'><strong><em>ἔτος,</em></strong></span> 
     </span>
     <span class='ocr_line' id='line_1_34' title="bbox 55 2148 1532 2208; baseline 0.001 -20"><span class='ocrx_word' id='word_1_261' title='bbox 55 2148 348 2189; x_wconf 82' lang='lat' dir='ltr'>crudelitatem</span> <span class='ocrx_word' id='word_1_262' title='bbox 386 2148 603 2208; x_wconf 76' lang='lat' dir='ltr'>bucusque</span> <span class='ocrx_word' id='word_1_263' title='bbox 638 2152 863 2194; x_wconf 85' lang='lat' dir='ltr'>exercitam</span> <span class='ocrx_word' id='word_1_264' title='bbox 893 2151 1070 2192; x_wconf 83' lang='lat' dir='ltr'>relaxari</span> <span class='ocrx_word' id='word_1_265' title='bbox 1098 2150 1213 2192; x_wconf 82' lang='lat' dir='ltr'>iussit</span> <span class='ocrx_word' id='word_1_266' title='bbox 1241 2150 1532 2202; x_wconf 81' lang='lat' dir='ltr'>Maximianus,</span> 
     </span>
     <span class='ocr_line' id='line_1_35' title="bbox 59 2204 450 2246; baseline 0.003 -1"><span class='ocrx_word' id='word_1_267' title='bbox 59 2204 350 2246; x_wconf 87' lang='lat' dir='ltr'>transferenda</span> <span class='ocrx_word' id='word_1_268' title='bbox 377 2212 450 2246; x_wconf 85' lang='lat' dir='ltr'>est.</span> 
     </span>
    </p>
   </div>
   <div class='ocr_carea' id='block_1_6' title="bbox 44 2288 1531 2855">
    <p class='ocr_par' dir='ltr' id='par_1_7' title="bbox 44 2288 1531 2855">
     <span class='ocr_line' id='line_1_36' title="bbox 164 2288 1531 2348; baseline 0.001 -19"><span class='ocrx_word' id='word_1_269' title='bbox 164 2288 273 2330; x_wconf 83' lang='lat' dir='ltr'>Ibid.</span> <span class='ocrx_word' id='word_1_270' title='bbox 307 2289 369 2330; x_wconf 87' lang='lat'>18.</span> <span class='ocrx_word' id='word_1_271' title='bbox 402 2288 715 2345; x_wconf 75' lang='grc' dir='ltr'><em>ἐπεστράτευσε</em></span> <span class='ocrx_word' id='word_1_272' title='bbox 743 2288 852 2334; x_wconf 76' lang='grc' dir='ltr'><strong><em>κατὰ</em></strong></span> <span class='ocrx_word' id='word_1_273' title='bbox 886 2289 1153 2348; x_wconf 75' lang='grc' dir='ltr'><strong><em>Μαξιμίνου]</em></strong></span> <span class='ocrx_word' id='word_1_274' title='bbox 1181 2291 1384 2332; x_wconf 81' lang='lat' dir='ltr'>Eusebius</span> <span class='ocrx_word' id='word_1_275' title='bbox 1413 2290 1485 2330; x_wconf 90' lang='lat' dir='ltr'>lib.</span> <span class='ocrx_word' id='word_1_276' title='bbox 1505 2289 1531 2331; x_wconf 87' lang='lat'>9</span> 
     </span>
     <span class='ocr_line' id='line_1_37' title="bbox 55 2342 1531 2403; baseline 0.001 -18"><span class='ocrx_word' id='word_1_277' title='bbox 55 2359 151 2399; x_wconf 89' lang='lat' dir='ltr'>cap.</span> <span class='ocrx_word' id='word_1_278' title='bbox 182 2345 223 2386; x_wconf 87' lang='lat'>8.</span> <span class='ocrx_word' id='word_1_279' title='bbox 281 2343 305 2386; x_wconf 82' lang='grc' dir='ltr'>ὅ</span> <span class='ocrx_word' id='word_1_280' title='bbox 336 2345 383 2387; x_wconf 83' lang='grc' dir='ltr'>δὲ</span> <span class='ocrx_word' id='word_1_281' title='bbox 412 2347 660 2399; x_wconf 51' lang='lat' dir='ltr'>Magnae-mg</span> <span class='ocrx_word' id='word_1_282' title='bbox 701 2348 764 2390; x_wconf 79' lang='grc' dir='ltr'>ἐπ’</span> <span class='ocrx_word' id='word_1_283' title='bbox 798 2349 1007 2403; x_wconf 82' lang='grc' dir='ltr'><strong><em>α’νατολῆς</em></strong></span> <span class='ocrx_word' id='word_1_284' title='bbox 1051 2347 1104 2388; x_wconf 80' lang='grc' dir='ltr'>οὔ</span> <span class='ocrx_word' id='word_1_285' title='bbox 1146 2345 1283 2390; x_wconf 76' lang='grc' dir='ltr'>πολὺν</span> <span class='ocrx_word' id='word_1_286' title='bbox 1325 2342 1531 2398; x_wconf 77' lang='grc' dir='ltr'><strong><em>ἐπιζήσας</em></strong></span> 
     </span>
     <span class='ocr_line' id='line_1_38' title="bbox 52 2400 1529 2459; baseline 0 -17"><span class='ocrx_word' id='word_1_287' title='bbox 52 2400 196 2458; x_wconf 62' lang='grc' dir='ltr'><em>ἐκεήνῳ</em></span> <span class='ocrx_word' id='word_1_288' title='bbox 215 2402 484 2459; x_wconf 77' lang='grc' dir='ltr'><strong><em>(Μαξεντίῳ)</em></strong></span> <span class='ocrx_word' id='word_1_289' title='bbox 508 2402 672 2456; x_wconf 76' lang='grc' dir='ltr'><strong><em>χρόνον,</em></strong></span> <span class='ocrx_word' id='word_1_290' title='bbox 710 2404 915 2457; x_wconf 80' lang='grc' dir='ltr'><strong><em>αἷσχίστω</em></strong></span> <span class='ocrx_word' id='word_1_291' title='bbox 942 2406 1014 2446; x_wconf 79' lang='grc' dir='ltr'>καί</span> <span class='ocrx_word' id='word_1_292' title='bbox 1042 2403 1176 2454; x_wconf 67' lang='grc' dir='ltr'><strong><em>αὐτὸς</em></strong></span> <span class='ocrx_word' id='word_1_293' title='bbox 1203 2402 1286 2444; x_wconf 63' lang='lat' dir='ltr'>aino</span> <span class='ocrx_word' id='word_1_294' title='bbox 1306 2400 1529 2445; x_wconf 75' lang='grc' dir='ltr'><em>Λικιννίου</em></span> 
     </span>
     <span class='ocr_line' id='line_1_39' title="bbox 53 2447 1529 2517; baseline 0.001 -22"><span class='ocrx_word' id='word_1_295' title='bbox 53 2450 174 2498; x_wconf 71' lang='grc' dir='ltr'><em>οὔπω</em></span> <span class='ocrx_word' id='word_1_296' title='bbox 210 2460 417 2507; x_wconf 73' lang='grc' dir='ltr'><strong><em>μανέντος</em></strong></span> <span class='ocrx_word' id='word_1_297' title='bbox 458 2454 552 2500; x_wconf 82' lang='grc' dir='ltr'><strong><em>τότε</em></strong></span> <span class='ocrx_word' id='word_1_298' title='bbox 583 2462 873 2515; x_wconf 79' lang='grc' dir='ltr'><strong><em>καταστρέφει</em></strong></span> <span class='ocrx_word' id='word_1_299' title='bbox 890 2447 1091 2517; x_wconf 70' lang='grc' dir='ltr'>ιθανάτῳ.</span> <span class='ocrx_word' id='word_1_300' title='bbox 1174 2461 1440 2501; x_wconf 75' lang='lat' dir='ltr'>Maximinus</span> <span class='ocrx_word' id='word_1_301' title='bbox 1485 2459 1529 2498; x_wconf 87' lang='lat' dir='ltr'>in</span> 
     </span>
     <span class='ocr_line' id='line_1_40' title="bbox 57 2512 1531 2573; baseline -0.001 -19"><span class='ocrx_word' id='word_1_302' title='bbox 57 2512 224 2555; x_wconf 76' lang='lat' dir='ltr'>Oriente</span> <span class='ocrx_word' id='word_1_303' title='bbox 263 2529 349 2557; x_wconf 81' lang='lat' dir='ltr'>non</span> <span class='ocrx_word' id='word_1_304' title='bbox 387 2516 511 2569; x_wconf 80' lang='lat' dir='ltr'>longo</span> <span class='ocrx_word' id='word_1_305' title='bbox 552 2525 732 2572; x_wconf 81' lang='lat' dir='ltr'>tempore</span> <span class='ocrx_word' id='word_1_306' title='bbox 767 2528 861 2573; x_wconf 82' lang='lat' dir='ltr'>post</span> <span class='ocrx_word' id='word_1_307' title='bbox 889 2519 1102 2559; x_wconf 76' lang='lat' dir='ltr'>Maxentii</span> <span class='ocrx_word' id='word_1_308' title='bbox 1137 2531 1320 2558; x_wconf 80' lang='lat' dir='ltr'>occasum</span> <span class='ocrx_word' id='word_1_309' title='bbox 1364 2516 1408 2554; x_wconf 88' lang='lat' dir='ltr'>in</span> <span class='ocrx_word' id='word_1_310' title='bbox 1435 2515 1531 2554; x_wconf 80' lang='lat' dir='ltr'>vita</span> 
     </span>
     <span class='ocr_line' id='line_1_41' title="bbox 51 2571 1528 2627; baseline 0 -17"><span class='ocrx_word' id='word_1_311' title='bbox 51 2583 216 2611; x_wconf 80' lang='lat' dir='ltr'>manens</span> <span class='ocrx_word' id='word_1_312' title='bbox 231 2571 290 2612; x_wconf 87' lang='lat' dir='ltr'>ab</span> <span class='ocrx_word' id='word_1_313' title='bbox 309 2574 560 2627; x_wconf 80' lang='lat' dir='ltr'>imperatore</span> <span class='ocrx_word' id='word_1_314' title='bbox 581 2573 772 2614; x_wconf 81' lang='lat' dir='ltr'>Licinnio</span> <span class='ocrx_word' id='word_1_315' title='bbox 794 2575 976 2615; x_wconf 84' lang='lat' dir='ltr'>nondum</span> <span class='ocrx_word' id='word_1_316' title='bbox 1001 2575 1230 2615; x_wconf 81' lang='lat' dir='ltr'>insaniente</span> <span class='ocrx_word' id='word_1_317' title='bbox 1256 2573 1301 2613; x_wconf 87' lang='lat' dir='ltr'>in</span> <span class='ocrx_word' id='word_1_318' title='bbox 1327 2572 1528 2611; x_wconf 68' lang='lat' dir='ltr'>bellona·—</span> 
     </span>
     <span class='ocr_line' id='line_1_42' title="bbox 44 2627 1527 2684; baseline 0 -18"><span class='ocrx_word' id='word_1_319' title='bbox 44 2627 213 2682; x_wconf 76' lang='lat' dir='ltr'>pissime</span> <span class='ocrx_word' id='word_1_320' title='bbox 236 2638 441 2684; x_wconf 75' lang='lat' dir='ltr'>superatus</span> <span class='ocrx_word' id='word_1_321' title='bbox 459 2628 559 2683; x_wconf 77' lang='lat' dir='ltr'>ficit.</span> <span class='ocrx_word' id='word_1_322' title='bbox 617 2630 884 2671; x_wconf 87' lang='lat' dir='ltr'>dissidiorum</span> <span class='ocrx_word' id='word_1_323' title='bbox 917 2646 1096 2681; x_wconf 82' lang='lat' dir='ltr'>causam,</span> <span class='ocrx_word' id='word_1_324' title='bbox 1127 2629 1298 2683; x_wconf 82' lang='lat' dir='ltr'>praelia,</span> <span class='ocrx_word' id='word_1_325' title='bbox 1315 2627 1527 2668; x_wconf 85' lang='lat' dir='ltr'>Maximini</span> 
     </span>
     <span class='ocr_line' id='line_1_43' title="bbox 52 2682 1526 2741; baseline 0.001 -19"><span class='ocrx_word' id='word_1_326' title='bbox 52 2682 215 2723; x_wconf 71' lang='lat' dir='ltr'>cladem</span> <span class='ocrx_word' id='word_1_327' title='bbox 245 2691 288 2725; x_wconf 88' lang='lat' dir='ltr'>et</span> <span class='ocrx_word' id='word_1_328' title='bbox 314 2700 460 2726; x_wconf 89' lang='lat' dir='ltr'>necem</span> <span class='ocrx_word' id='word_1_329' title='bbox 501 2685 692 2741; x_wconf 84' lang='lat' dir='ltr'>depingit</span> <span class='ocrx_word' id='word_1_330' title='bbox 730 2687 801 2727; x_wconf 80' lang='lat' dir='ltr'>illo</span> <span class='ocrx_word' id='word_1_331' title='bbox 833 2689 971 2741; x_wconf 88' lang='lat' dir='ltr'>capite</span> <span class='ocrx_word' id='word_1_332' title='bbox 1001 2687 1212 2736; x_wconf 83' lang='lat' dir='ltr'>Eusebius,</span> <span class='ocrx_word' id='word_1_333' title='bbox 1246 2700 1354 2740; x_wconf 85' lang='lat' dir='ltr'>quae</span> <span class='ocrx_word' id='word_1_334' title='bbox 1381 2684 1526 2725; x_wconf 88' lang='lat' dir='ltr'>Theo-</span> 
     </span>
     <span class='ocr_line' id='line_1_44' title="bbox 51 2737 1526 2800; baseline 0.003 -23"><span class='ocrx_word' id='word_1_335' title='bbox 51 2737 208 2792; x_wconf 83' lang='lat' dir='ltr'>phanes</span> <span class='ocrx_word' id='word_1_336' title='bbox 238 2749 381 2782; x_wconf 91' lang='lat' dir='ltr'>noster</span> <span class='ocrx_word' id='word_1_337' title='bbox 419 2742 536 2782; x_wconf 85' lang='lat' dir='ltr'>annis</span> <span class='ocrx_word' id='word_1_338' title='bbox 577 2743 766 2800; x_wconf 89' lang='lat' dir='ltr'>quinque</span> <span class='ocrx_word' id='word_1_339' title='bbox 808 2746 896 2783; x_wconf 77' lang='lat' dir='ltr'>vult</span> <span class='ocrx_word' id='word_1_340' title='bbox 925 2752 1081 2785; x_wconf 86' lang='lat' dir='ltr'>exacta.</span> <span class='ocrx_word' id='word_1_341' title='bbox 1158 2757 1268 2782; x_wconf 84' lang='lat' dir='ltr'>anno</span> <span class='ocrx_word' id='word_1_342' title='bbox 1297 2741 1453 2796; x_wconf 87' lang='lat' dir='ltr'>primo,</span> <span class='ocrx_word' id='word_1_343' title='bbox 1495 2741 1526 2781; x_wconf 89' lang='lat' dir='ltr'>is</span> 
     </span>
     <span class='ocr_line' id='line_1_45' title="bbox 52 2795 1526 2855; baseline 0.003 -20"><span class='ocrx_word' id='word_1_344' title='bbox 52 2795 131 2836; x_wconf 83' lang='lat' dir='ltr'>fuit</span> <span class='ocrx_word' id='word_1_345' title='bbox 161 2796 427 2839; x_wconf 83' lang='lat' dir='ltr'>Constantini</span> <span class='ocrx_word' id='word_1_346' title='bbox 465 2799 691 2855; x_wconf 85' lang='lat' dir='ltr'>septimus,</span> <span class='ocrx_word' id='word_1_347' title='bbox 720 2801 1016 2843; x_wconf 82' lang='lat' dir='ltr'>Constantinus</span> <span class='ocrx_word' id='word_1_348' title='bbox 1056 2805 1098 2840; x_wconf 88' lang='lat' dir='ltr'>et</span> <span class='ocrx_word' id='word_1_349' title='bbox 1122 2798 1336 2840; x_wconf 85' lang='lat' dir='ltr'>Licinnius</span> <span class='ocrx_word' id='word_1_350' title='bbox 1368 2798 1420 2840; x_wconf 90' lang='lat' dir='ltr'>de</span> <span class='ocrx_word' id='word_1_351' title='bbox 1448 2813 1526 2839; x_wconf 88' lang='lat' dir='ltr'>co-</span> 
     </span>
    </p>
   </div>
  </div>
 </body>
</html>
