1794 3250
230 171 327 216 278
432 170 715 214 ANASTAsn
757 171 1020 214 HISTORIA
1059 170 1473 214 ECCLESIASTICA

223 286 452 328 venerabili
489 286 603 328 clero
637 287 760 328 libras
790 293 980 340 centum,
1010 286 1268 341 splendidam
1298 285 1474 327 reddens
1502 292 1685 326 sanctam

223 345 486 386 festivitatem
516 351 558 384 et
590 344 662 383 filii
693 344 1095 398 pronuntiationem.
1128 345 1259 384 multo
1288 358 1385 383 sane
1429 341 1571 383 divino
1600 343 1690 383 zelo

90 404 208 451 p.771
224 402 456 455 imperator
480 400 683 455 piissimus
711 407 850 441 motus
870 407 1018 441 contra
1041 400 1316 449 manichaeos,
1347 399 1421 454 qui
1452 414 1563 439 nunc
1577 399 1692 439 Pau-

219 457 360 498 licinni
392 457 605 508 dicuntur,
636 462 679 496 et
699 457 925 511 Athiganos
958 457 999 496 in
1020 457 1202 512 Phrygia
1233 463 1275 496 et
1294 456 1504 511 Lycaonia
1535 456 1692 510 degen-

221 520 293 565 tes,
325 513 543 569 capitalem
588 513 990 554 animadversionem
1019 513 1244 567 Nicephori
1284 511 1526 552 sanctissimi
1554 513 1690 566 patri-

217 571 371 624 archae
399 585 448 610 ac
477 570 656 611 aliorum
683 570 855 624 piorum
883 568 1226 624 praedicamentis
1257 569 1539 623 promulgans,
1565 583 1690 609 aver.

215 642 281 668 sus
306 634 368 668 est
393 641 473 681 per
501 627 603 667 alios
633 641 812 681 nequam
843 641 1010 666 morum
1043 626 1298 666 consiliarios
1330 626 1510 665 obtentu
1539 625 1690 678 poeni-

216 684 388 736 tentiae,
421 698 516 723 cum
545 689 649 724 esset
688 682 941 737 impossibile
973 682 1063 723 illos
1107 682 1409 736 poenitentiam
1439 696 1587 736 gerere
1617 681 1691 735 qui

215 755 366 781 eorum
394 739 509 794 capti
538 739 710 781 fuissent
735 754 901 780 errore.
972 738 1308 793 dogmatizabant
1339 745 1479 778 autem
1510 736 1692 789 indocte,

215 811 302 839 non
334 796 462 837 licere
501 794 789 836 sacerdotibus
825 797 1095 849 promulgare
1133 803 1283 836 contra
1317 793 1462 849 impios
1493 800 1690 845 mortem,

213 868 294 907 per
323 853 464 892 omnia
495 852 644 894 divinis
676 866 804 906 super
834 852 914 892 hoc
944 852 1206 892 adversantes
1240 852 1476 906 scripturiS.
1516 851 1549 891 si
1579 851 1691 890 enim

210 909 361 951 Petrus
388 915 531 949 vertex
559 908 848 963 apostolorum
881 908 1080 948 Ananiam
1105 915 1146 947 et
1176 908 1397 962 Saphiram
1431 908 1486 948 ob
1517 907 1693 947 menda-

215 966 326 1006 cium
377 971 540 1006 tantum
588 965 887 1017 mortificavit,
933 971 974 1004 et
1001 965 1152 1005 Paulus
1195 979 1363 1017 magnus
1395 964 1558 1014 clamat,
1591 964 1694 1018 “qui

220 1023 344 1062 talia''
378 1021 569 1076 inquiens
599 1025 771 1076 “agunt,
804 1021 920 1075 digni
938 1027 1036 1061 sunt
1058 1023 1235 1071 morte,’'
1265 1020 1368 1061 haec
1396 1020 1448 1061 de
1477 1020 1567 1061 solo
1596 1034 1695 1060 cor—

214 1079 347 1133 porali
371 1084 559 1132 peccato,
583 1077 798 1133 quomodo
822 1092 905 1117 non
931 1077 1085 1116 horum
1107 1077 1311 1117 contrarii
1336 1083 1474 1128 erunt,
1489 1077 1562 1131 qui
1578 1076 1694 1115 omni

214 1135 431 1190 corporali
450 1142 490 1176 et
503 1135 711 1189 spirituaii
731 1135 932 1189 spurcitia
954 1135 1113 1188 plenos,
1140 1135 1297 1188 quique
1318 1132 1589 1174 daemonibus
1605 1147 1697 1172 ser-

213 1192 348 1243 viunt,
378 1206 400 1230 a
428 1191 567 1246 gladio
593 1191 879 1232 redemerint?
909 1191 981 1231 sed
1010 1190 1102 1244 pius
1121 1189 1298 1230 Michael
1330 1205 1414 1231 non
1437 1203 1592 1244 paucos
1623 1203 1696 1229 eo-

214 1264 311 1289 rum
347 1249 513 1289 recidit.
589 1247 830 1288 Stauracius
876 1261 979 1288 vero
1014 1246 1157 1288 ulcere
1185 1247 1417 1288 tabefactus
1447 1261 1494 1287 ex
1523 1245 1694 1286 mortali

213 1306 335 1359 plaga
384 1305 496 1345 circa
538 1304 682 1358 spinae
724 1304 815 1344 loca
846 1304 999 1353 inflixa,
1030 1303 1086 1343 ita
1125 1309 1171 1342 ut
1205 1318 1290 1343 non
1314 1308 1456 1357 posset
1485 1302 1694 1358 quispiam

215 1362 559 1415 appropinquare
590 1361 647 1400 illi
682 1361 737 1401 ob
770 1360 949 1401 multum
978 1362 1210 1410 foetorem,
1242 1368 1438 1400 mortuus
1469 1364 1531 1406 est
1563 1359 1694 1399 tertio

216 1419 305 1458 idus
336 1418 546 1457 Ianuarias
568 1416 807 1457 indictionis
823 1417 864 1467 5,
892 1432 988 1457 cum
1007 1417 1264 1471 imperasset,
1295 1422 1342 1457 ut
1359 1422 1549 1471 putatur,
1580 1430 1696 1455 men-

84 1489 118 1526 p.
135 1474 323 1514 772sibus
355 1474 531 1524 duobus,
561 1474 706 1513 diebus
726 1489 805 1514 sex.
836 1488 972 1528 porro
994 1474 1144 1528 quinto
1166 1474 1257 1513 idus
1271 1475 1411 1526 Maias,
1440 1472 1546 1512 feria
1571 1477 1697 1523 sexta,

216 1531 378 1586 eclipsis
407 1530 551 1570 solaris
568 1531 713 1571 effecta
730 1536 790 1570 est
803 1546 977 1583 magna;
1004 1535 1047 1571 et
1075 1530 1253 1584 septimo
1283 1530 1374 1570 idus
1392 1528 1523 1568 lunias
1555 1542 1697 1583 egres-

216 1603 281 1627 sus
310 1592 373 1627 est
397 1586 573 1626 Michael
617 1593 769 1626 contra
806 1586 1034 1640 Vulgares:
1077 1602 1173 1626 cum
1201 1601 1251 1627 eo
1295 1585 1416 1626 simul
1446 1599 1604 1638 egressa
1636 1590 1698 1624 est

218 1651 261 1683 et
291 1643 505 1696 Procopia
534 1657 662 1697 usque
677 1643 895 1683 Zurulum.
955 1644 1162 1683 Crumnus
1193 1649 1332 1683 autem
1352 1642 1434 1683 dux
1449 1642 1698 1695 Vulgarum,

218 1715 314 1740 cum
343 1700 568 1740 Debeltum
600 1699 818 1740 obsidione
847 1698 1046 1752 cepisset,
1077 1705 1119 1739 ct
1147 1714 1217 1740 eos
1235 1700 1309 1754 qui
1340 1699 1381 1739 in
1414 1698 1501 1752 ipsa
1529 1699 1699 1739 fuerant

218 1771 298 1796 una
331 1770 426 1796 cum
455 1755 652 1809 episcopo
683 1756 1027 1809 transmigrasset,
1058 1756 1356 1808 multitudines,
1384 1769 1492 1810 quae
1515 1759 1698 1808 propter

217 1812 372 1852 malum
394 1813 674 1867 frequensque
705 1812 922 1852 consilium
947 1826 1124 1867 nequam
1142 1812 1483 1852 consiliariorum
1514 1812 1699 1865 impera-

218 1868 325 1908 toris
359 1868 411 1908 ad
446 1883 539 1908 cum
581 1868 896 1916 confluxerant,
941 1866 994 1907 ad
1032 1869 1194 1909 insidias
1238 1884 1287 1909 ac
1316 1868 1489 1908 iniurias
1521 1866 1700 1907 maxime

219 1925 378 1978 Opsicii
407 1932 448 1965 et
476 1924 804 1964 Thracesiorum
835 1939 1062 1965 conversae
1092 1931 1210 1973 sunt;
1243 1940 1342 1980 quas
1369 1924 1545 1965 Michael
1579 1937 1698 1963 com-

218 1996 385 2036 pescens
418 1981 536 2020 donis
566 1988 608 2021 et
650 1981 1006 2022 admonitionibus
1047 1981 1211 2022 silentio
1243 1981 1441 2036 imposito
1471 1979 1694 2034 mitigavit.

219 2045 262 2078 at
293 2053 395 2078 vero
414 2038 616 2092 Vulgares
652 2038 928 2076 simultatibus
956 2037 1201 2078 militiarum
1233 2037 1476 2092 compertis,
1506 2043 1549 2078 et
1579 2036 1696 2091 quod

217 2093 489 2134 formidantes
522 2094 728 2147 praelium
773 2100 815 2134 et
854 2094 1108 2135 taxationem
1146 2095 1479 2144 tumultuarent,
1523 2092 1699 2147 amplius

219 2152 449 2191 confortati
498 2150 821 2204 praevaluerunt
863 2150 1056 2190 adversus
1083 2152 1290 2192 Thracem
1323 2156 1366 2190 et
1394 2149 1698 2190 Macedoniam.

218 2213 320 2247 tunc
349 2215 391 2248 et
416 2207 661 2247 Anchialum
703 2212 745 2246 et
785 2207 979 2247 Berohen
1024 2207 1276 2248 dimittentes
1313 2206 1538 2247 Christiani
1577 2206 1697 2260 suge-

218 2271 332 2314 runt,
363 2263 528 2305 nemine
547 2269 836 2318 persequente,
866 2264 1143 2319 Nicaeamque
1172 2271 1299 2318 atque
1316 2263 1493 2304 Probati
1513 2269 1696 2303 castrum

217 2328 260 2361 et
294 2322 372 2360 alia
405 2319 608 2376 quaedam
651 2320 880 2373 praesidia,
911 2320 1105 2360 similiter
1146 2328 1187 2361 et
1221 2319 1493 2374 Philippolim
1524 2325 1566 2359 et
1595 2318 1700 2358 Phi-

215 2378 368 2432 lippos,
399 2383 440 2416 et
482 2377 751 2432 Strymonem
794 2376 1024 2416 habitantes
1071 2377 1238 2418 accolae
1273 2376 1492 2417 occasione
1524 2382 1699 2429 accepta

215 2435 417 2488 fugientes
448 2433 500 2473 ad
531 2434 707 2487 propria
750 2432 978 2473 redierunt.
1049 2432 1131 2473 hoc
1163 2440 1302 2475 autem
1332 2439 1425 2474 erat
1456 2432 1595 2472 divina
1627 2432 1696 2470 in-

215 2489 402 2545 dignatio
434 2489 661 2544 Nicephori
691 2490 900 2530 vesaniam
931 2504 1123 2544 arguens,
1157 2505 1236 2545 per
1266 2505 1392 2546 quem
1420 2488 1639 2544 putativae
1660 2490 1694 2538 *)

262 2597 294 2643 ⁴¹)
321 2595 521 2645 putativae]
552 2602 623 2630 vet.
651 2597 829 2642 interpres
860 2607 917 2641 ep.
949 2596 995 2629 ad
1022 2597 1180 2643 Philipp.
1208 2609 1303 2644 quae
1329 2598 1367 2631 S.
1396 2597 1536 2643 Ignatio
1562 2595 1699 2629 adscri-

310 2644 427 2678 bitur:
456 2657 529 2678 non
554 2646 716 2691 putative
732 2656 849 2690 neque
878 2645 915 2677 in
939 2644 1138 2689 phasmate,
1169 2645 1213 2681 οὔ
1239 2646 1402 2690 δοκήσει,
1429 2644 1476 2681 ου’
1491 2645 1698 2691 φαντασίᾳ.

309 2692 407 2725 idem
435 2693 471 2726 in
498 2705 552 2738 ep.
581 2693 626 2726 ad
652 2693 788 2726 Trall.:
815 2692 941 2726 dicunt
963 2704 1042 2725 eum
1070 2694 1234 2738 putative
1266 2701 1411 2729 tantum
1442 2693 1551 2726 fuisse
1580 2691 1699 2724 bomi-

311 2751 393 2773 nem
422 2746 460 2774 et
493 2753 567 2775 non
595 2752 715 2774 verum
751 2752 879 2785 corpus
905 2741 1127 2786 suscepisse,
1153 2748 1265 2788 atquo
1295 2743 1460 2790 putative
1486 2752 1631 2786 passum
1661 2743 1699 2773 el.

309 2793 503 2832 mortuum,
530 2788 681 2833 δοκήσει
708 2796 745 2824 et
769 2789 818 2836 τῷ
850 2787 1036 2826 δοκοῦντι.
1098 2790 1202 2824 Fun.
