1728 3184
232 182 330 229 396
735 188 791 229 ΙΝ
829 185 1203 229 THEOPHANEM

230 317 277 342 ex
291 301 545 342 Ecchellcnsi
579 301 771 343 cluonici
805 301 1032 343 Oiientalis
1064 316 1157 357 pag.
1191 300 1268 342 115
1301 301 1494 342 observo.
1553 301 1710 342 Hiero-

227 359 318 398 clas
339 373 500 414 prunus
508 360 611 412 suet
642 374 714 425 qut
741 373 786 399 eo
805 362 968 400 nomine
1005 359 1305 412 cognominatus
1330 368 1399 398 esc.
1458 355 1582 405 etjam
1598 357 1707 397 Eth-

229 414 312 454 nici
356 416 497 456 lovem
543 415 770 481 Jsvmj'zogm
812 414 960 456 πάπαν
998 415 1207 456 dixerunt.
1248 414 1299 457 de
1341 428 1447 455 voce
1475 410 1634 466 ποίπας,
1669 420 1711 455 ct

229 471 443 526 duplicato
473 487 501 512 π
531 468 704 520 adnuae
740 472 899 513 Suidas.

345 555 536 607 188,11.
607 555 955 610 μελανομονήσας
997 548 1073 597 τὸν
1113 555 1284 621 θρόνον]
1337 555 1379 595 ἰιι
1419 555 1617 610 stupendi
1661 570 1710 595 ac

227 612 352 677 plane
382 613 539 653 insoliti
586 614 719 654 luctus
758 614 935 668 signum.
1004 614 1172 667 nigium
1210 613 1369 668 quippe
1413 614 1603 653 colorem
1630 613 1712 653 suis

226 669 268 708 in
297 669 441 709 officiis
471 670 641 711 ecclesia
673 672 835 711 Graeca
869 671 1047 723 respuit:
1081 686 1188 726 qum:
1231 684 1315 710 non
1347 668 1424 709 nisi
1457 669 1612 719 album,
1644 668 1710 708 vel

226 739 306 780 per
337 727 694 782 quadragesimam
726 742 993 782 purpureum
1029 727 1252 767 admittere
1279 725 1400 766 solita
1430 731 1505 767 est.
1566 725 1618 767 de
1645 741 1712 766 ec-

230 782 380 824 clesiae
411 783 518 824 illius
547 783 760 825 coloribus
793 783 844 824 ad
875 783 1147 840 euchologioa
1179 783 1457 824 disseruimus.

336 867 446 909 Ibid.
481 864 544 908 14.
604 866 753 920 Περόξ
754 883 802 923 ης
847 867 895 909 δὲ
924 866 1274 920 ἐπεστράτευσεν]
1306 867 1409 908 haec
1438 883 1460 907 a
1491 866 1709 921 Procopio

227 928 417 964 mutuata
449 924 559 965 lib.1
600 924 650 966 de
672 925 782 966 bello
801 925 972 966 Persico
1002 926 1140 966 statim
1170 925 1244 966 sub
1266 924 1459 965 initium:
1493 924 1567 979 qui
1596 924 1714 963 Hun-

225 995 299 1020 nos
330 981 427 1021 istos
453 981 686 1022 Euthalitas
725 982 921 1036 appellat,
948 997 1088 1023 mores
1118 988 1159 1022 et
1180 996 1306 1037 genus
1324 981 1534 1032 describit,
1562 995 1611 1020 ac
1634 980 1711 1020 de-

222 1052 337 1077 mum
367 1037 569 1078 Perozam
604 1039 677 1090 (sie
706 1053 802 1080 eum
831 1043 970 1090 vocat)
1001 1039 1054 1079 ad
1077 1039 1299 1079 Orientem
1329 1052 1580 1078 conversum
1610 1038 1710 1089 (Eu-

223 1093 469 1134 thalitarum
503 1110 599 1149 rege
622 1095 846 1136 adoratum
876 1096 928 1136 ab
958 1111 1008 1137 eo
1039 1110 1080 1137 se
1103 1095 1376 1147 existimante)
1405 1109 1452 1135 ex
1484 1109 1707 1150 magorum

223 1151 398 1191 consilio
428 1152 558 1193 solem
588 1151 793 1196 adorasse.

339 1223 433 1278 189,
461 1224 503 1265 7.
558 1224 637 1265 τοῦ
664 1222 822 1278 κλήρου
854 1223 929 1265 καί
962 1224 1046 1267 τῶν
1083 1224 1300 1280 μοναχῶν]
1340 1223 1545 1279 Euagrius
1577 1223 1650 1265 lib.
1678 1222 1705 1264 3

221 1294 313 1336 cap.
332 1280 372 1332 7,
402 1280 650 1323 Theodorus
681 1281 834 1323 lector.

331 1365 444 1406 Ibid.
479 1365 542 1407 19.
599 1362 701 1415 τούς
732 1366 985 1419 λεγομένους
1009 1361 1184 1413 λευκοὺς
1217 1361 1423 1418 Οὕννους]
1454 1379 1559 1421 quos
1591 1379 1701 1405 anno

219 1423 502 1478 praecedente
545 1430 697 1464 auctor
728 1423 1008 1478 Neptlialita5‚
1038 1422 1269 1463 Euthalitas
1297 1423 1384 1465 Pal.
1418 1423 1512 1463 cod.
1546 1423 1705 1475 Νεφα-

218 1479 334 1527 λίτας
366 1479 524 1536 ubique
559 1480 798 1535 Procopius
829 1486 1103 1522 memoratus:
1155 1494 1204 1520 co
1240 1479 1356 1535 quod
1384 1478 1491 1520 “soli
1523 1479 1704 1519 Hunno-

192 1550 315 1576 ιιιιιι
360 1537 443 1577 albi
490 1542 609 1589 sunt,
649 1552 786 1603 neque
830 1537 931 1578 item
971 1537 1087 1578 foedi
1117 1544 1318 1591 aspectu,
1352 1551 1488 1592 neque
1515 1537 1703 1576 ferarum

217 1593 370 1644 modo,
418 1594 537 1634 velut
582 1594 648 1634 alii
679 1595 931 1646 victitantes,
961 1593 1034 1634 sed
1069 1594 1144 1634 sub
1175 1608 1260 1634 uno
1285 1593 1479 1659 degentes
1509 1592 1705 1647 principe

218 1650 437 1703 politicam
481 1652 609 1690 vitam
648 1657 776 1706 agunt
824 1653 937 1692 inter
965 1665 1031 1699 se,
1071 1657 1113 1691 et
1151 1665 1269 1727 cum„
1292 1651 1438 1690 vicinis
1469 1650 1530 1689 ius
1561 1650 1706 1704 fasque

218 1706 392 1758 colunt,
435 1722 567 1762 aeque
606 1722 654 1747 ac
683 1709 862 1748 Romani
895 1714 937 1748 et
980 1682 1049 1747 alii
1082 1710 1255 1749 omnes.'
1328 1707 1380 1747 ad
1409 1705 1588 1747 Persidis
1619 1706 1704 1745 ho-

219 1764 332 1803 reale
360 1764 465 1805 latus
498 1779 567 1805 eos
599 1764 745 1804 statuit
775 1765 961 1805 Ortelius
995 1765 1036 1804 in
1065 1763 1224 1804 lexico:
1262 1779 1308 1804 ex
1336 1764 1476 1804 studio
1507 1762 1703 1803 simulan-

218 1818 297 1860 dae
329 1820 450 1875 fugae
480 1836 501 1860 a
532 1821 749 1875 Procopio
782 1821 837 1862 eis
877 1822 1063 1875 ascripto
1100 1820 1281 1861 Parthos
1313 1834 1397 1861 esse
1425 1833 1591 1861 censeo.
1653 1819 1705 1860 de

218 1876 363 1918 iisdem
387 1877 580 1932 Agathias
614 1878 686 1918 lib.
717 1874 746 1918 4
774 1892 915 1918 versus
945 1878 1083 1918 finem.

335 1954 427 2008 190,
455 1955 493 1997 7.
570 1953 645 1997 τὸν
681 1952 922 2009 μάργαρον]
964 1957 1080 1996 cuius
1122 1943 1435 2007 inventionem,
1485 1955 1703 2006 ambitum,

216 2013 417 2076 pretium,
451 2019 492 2053 et
520 2012 724 2053 iacturam
757 2020 902 2054 narrat
917 2013 1155 2067 Procopius
1186 2012 1237 2054 de
1267 2013 1378 2054 bello
1400 2013 1568 2054 Pe1sico
1590 2014 1658 2054 lib.
1680 2013 1699 2053 1

217 2069 403 2110 ineunte.
430 2069 607 2110 Photius
637 2070 736 2110 cod.
771 2069 837 2109 63.
895 2069 1187 2137 μαργαρῖται,
1218 2084 1290 2110 και
1316 2067 1532 2135 μάργαροι
1560 2068 1704 2120 λέγον-

215 2140 300 2178 ται,
330 2126 404 2166 καί
429 2125 712 2192 μαργαριδαι.
774 2121 951 2191 εὕρηται
971 2123 1054 2179 γὰρ
1083 2123 1104 2166 ὃ
1133 2122 1355 2182 μάργαρος
1375 2122 1492 2181 παρά
1511 2140 1556 2168 τε
1576 2128 1702 2181 Προ-

156 2179 164 2184 ’
217 2181 348 2239 κοπίῳ
375 2182 432 2238 τῶ
462 2179 625 2238 ῥητορι,
658 2197 729 2223 και
768 2176 912 2231 ἄλλοις
931 2176 1189 2237 ἀξιολόγοὶς.

335 2265 427 2320 192,
441 2266 480 2307 5.
524 2258 662 2314 Ἴλλος
692 2282 761 2306 και
759 2265 1076 2320 Προκοῧνδος]
1108 2267 1305 2323 leguntur
1333 2267 1409 2308 ista
1440 2282 1487 2308 ex
1516 2267 1701 2322 plutima

216 2329 340 2379 parte
381 2324 425 2364 in
465 2323 668 2364 chronico
701 2322 982 2364 Alexandrino
1024 2324 1077 2365 ad
1109 2340 1264 2365 annum
1293 2325 1472 2365 Zenonis
1501 2325 1530 2363 4
1559 2330 1602 2364 et
1634 2323 1699 2364 10.

218 2379 422 2436 quaedam
467 2379 656 2420 indicant
694 2379 944 2421 Theodorus
990 2381 1126 2422 lector
1166 2381 1207 2421 in
1254 2381 1421 2422 collect.
1491 2380 1702 2435 Euagrius

216 2452 342 2493 capp.
375 2437 402 2478 8
434 2436 482 2477 11
517 2437 567 2478 12
589 2443 630 2477 et
650 2435 717 2486 24,
745 2437 980 2492 Procopius
1025 2438 1216 2479 debello
1248 2437 1385 2479 Vand.
1419 2437 1492 2477 lib.
1529 2437 1563 2490 1,
1590 2438 1701 2477 Mal..

216 2493 332 2546 chus,
360 2502 402 2536 et
430 2493 637 2535 Candidus
671 2468 812 2534 Pliotii
842 2494 935 2534 cod.
951 2494 1005 2535 78
1034 2502 1077 2536 et
1105 2494 1172 2546 79,
1204 2493 1430 2535 lornandes
1461 2493 1512 2534 de
1543 2508 1629 2548 reg.
1661 2499 1703 2534 et

216 2556 343 2606 temp.
362 2550 631 2594 successione.
667 2551 871 2591 Suidasv.
902 2548 1126 2604 Ἀρμάτος.
1158 2551 1435 2592 Procundum
1469 2550 1704 2590 chronicon

217 2608 545 2648 Alexandrinum
572 2607 1126 2662 Trocundum,13ar0nius
1161 2607 1487 2659 Promundum,
1527 2607 1702 2662 Peyrez.

217 2664 496 2706 Tricundum.

336 2742 648 2795 193,10.εῖς
674 2743 747 2785 ένα
788 2740 967 2799 πύργον]
1000 2743 1159 2798 λιμνῶν
1199 2739 1362 2800 πύργον
1390 2719 1516 2785 vocat
1546 2741 1700 2784 cln·.on
1724 2727 1727 2732 ⁴

217 2800 330 2844 Alex
358 2801 565 2844 sleumium
595 2799 834 2845 lornandes.
