1768 3268
546 217 613 258 Ex
656 215 1003 257 ΤΗΕΟΡΗΑΝΕ.
1405 195 1498 245 185

155 334 272 378 Anno
305 331 469 385 imperii
499 331 710 372 Iustiniani
737 329 919 371 secundo
938 330 1088 371 Paulus
1118 330 1296 372 habetur
1321 330 1549 380 antistes‚p-
1558 331 1626 368 557

43 388 115 443 qui
151 394 308 441 septem
340 388 455 428 annis
498 387 654 428 throno
686 387 1150 440 Constantinopolitano
1178 403 1242 440 pr
1234 386 1409 435 aesedit;
1438 386 1506 425 fa-

44 452 207 506 ctaque
223 449 282 484 est
318 444 442 483 fames
473 443 512 483 in
544 444 686 508 Syria,
716 458 797 498 qua
841 443 893 483 de
919 457 965 483 re
992 442 1112 482 multi
1138 443 1384 484 Romaniam
1410 448 1506 482 sunt

43 498 223 554 ingressi.
286 505 328 540 et
365 500 530 542 veniens
572 491 804 554 imperator
845 499 888 538 iu
930 499 1167 540 Armeniam
1207 499 1291 539 illic
1326 498 1508 552 suscepit

42 556 279 606 mardaitas,
309 556 382 610 qui
414 556 625 597 inLib·ino
652 557 834 605 fuerant,
864 569 993 595 aeneo
1023 569 1146 594 muro
1174 555 1400 595 destructo.
1432 555 1507 594 de-

42 613 191 652 struxit
218 617 356 652 autem
401 619 443 653 et
478 627 622 667 pacem
665 627 760 652 cum
790 611 1040 665 Vulgaribus
1083 612 1226 662 lixam,
1255 611 1506 665 perturbans

44 674 166 723 typos
195 669 267 723 qui
297 684 320 708 a
348 674 470 722 patre
513 668 692 723 proprio
734 667 1027 708 ordinabiliter
1054 667 1153 707 facti
1183 675 1291 718 sunt,
1324 674 1365 707 et
1394 667 1510 706 iubet

42 724 220 765 transire
248 725 291 764 in
319 725 523 766 Thracem
566 731 777 779 equestres
814 724 993 776 militias,
1024 724 1165 765 volens
1195 730 1279 764 tam
1307 723 1508 778 Vulgares

44 796 168 836 quam
196 781 421 821 Sclavinias
450 781 660 835 praedari.

156 855 275 892 Anno
306 853 470 908 imperii
486 853 550 893 sui
570 853 694 894 tertio
718 852 848 892 movit
883 852 1109 893 exereitum
1132 851 1378 892 lastinianus
1407 865 1511 892 con-

43 914 111 949 tra
126 909 373 949 Sclaviniam
401 916 442 950 et
460 909 715 963 Vulgariam,
748 916 790 949 et
809 909 1010 964 Vulgares
1039 909 1207 964 quidem
1240 908 1292 948 ad
1320 923 1511 963 praesens

44 965 121 1005 sibi
151 971 420 1006 occurrentes
449 965 627 1019 impulit.
685 980 883 1019 exurgens
925 972 1062 1005 autem
1093 981 1222 1021 usque
1247 964 1515 1014 Thessaloni-

45 1036 119 1062 cen
150 1022 338 1076 copiosas
365 1021 650 1062 multitudines
669 1022 958 1062 sclavinorum
989 1023 1144 1075 partim
1172 1022 1280 1062 bello
1311 1022 1513 1076 percepit,

45 1076 200 1132 partim
232 1092 327 1118 cum
359 1079 411 1119 ad
440 1093 482 1119 se
512 1078 774 1119 confluerent
804 1078 845 1117 in
865 1079 1050 1133 partibus
1069 1078 1284 1133 Obsequii,
1313 1093 1407 1117 cum
1437 1092 1515 1130 per

45 1133 237 1189 Abydum
267 1135 586 1184 transfretasset,
618 1135 848 1175 constituit.
921 1136 1020 1174 dum
1050 1141 1190 1175 autem
1216 1139 1515 1184 reverteretur,

46 1190 269 1245 iniitinere
311 1191 580 1246 praepeditus
626 1206 650 1231 a
691 1190 943 1245 Vulgaribus
984 1191 1025 1230 in
1056 1197 1148 1231 arto
1178 1191 1391 1230 clausurae
1421 1204 1516 1229 cum

46 1246 172 1287 caede
219 1247 387 1302 proprii
430 1247 577 1301 populi
619 1253 661 1287 et
709 1247 999 1287 vulneratione
1049 1249 1179 1287 multa
1219 1246 1285 1287 vix
1330 1261 1517 1286 remeare

47 1302 294 1357 praevaluit.
364 1303 511 1344 eodem
553 1317 661 1343 anno
696 1309 738 1343 et
776 1303 1054 1343 Adelatzuber
1090 1303 1307 1343 Musabum
1343 1304 1518 1342 fratrem

46 1374 167 1398 suum
193 1359 326 1400 mittit
352 1365 501 1400 contra
532 1361 711 1410 Muctar,
741 1366 782 1400 et
824 1360 929 1399 inito
963 1362 1099 1400 Marte
1130 1375 1226 1399 cum
1259 1373 1310 1413 eo
1336 1358 1518 1399 vertitur

47 1416 226 1465 Muctar,
256 1421 298 1455 et
327 1415 434 1471 fugit
474 1416 517 1455 in
545 1415 730 1470 Syriam;
776 1430 900 1470 quem
943 1430 1256 1470 praeoccupans
1299 1415 1518 1455 interfecit.
1535 1435 1569 1469 p.
1585 1422 1654 1460 558

47 1485 184 1526 porro
218 1471 457 1512 Abimelech
486 1471 638 1511 militat
661 1477 808 1512 contra
829 1473 1061 1525 Musabum,
1093 1479 1136 1513 et
1162 1472 1320 1512 victum
1351 1471 1520 1523 occidit,

53 1535 95 1569 et
124 1528 363 1584 subiugavit
388 1527 604 1569 Persidem
638 1534 783 1568 totam.

161 1600 309 1641 Mundi
339 1615 448 1641 anno
467 1599 591 1651 6181,
629 1601 793 1642 divinae
822 1601 1117 1642 incarnationis
1147 1614 1255 1641 anno
1285 1598 1382 1651 681,
1411 1615 1520 1639 anno

53 1671 155 1698 vero
186 1657 352 1711 imperii
374 1658 584 1698 Iustiniani
619 1663 773 1713 quarto
804 1657 915 1698 misit
943 1657 1180 1698 Abimelech
1209 1663 1357 1698 contra
1384 1657 1522 1696 Zube-

51 1713 122 1753 hir
147 1713 344 1768 chagan
332 1729 374 1754 m
406 1715 564 1764 Macca,
597 1721 638 1754 et
669 1714 825 1754 occidit
841 1729 937 1754 eum
968 1713 1120 1755 ibidem
1151 1714 1324 1769 chagan,
1355 1719 1396 1753 et
1422 1713 1522 1752 sub-

53 1770 142 1810 dita
159 1771 331 1824 regione
350 1770 507 1823 chagan
525 1770 770 1811 adversante
789 1770 866 1811 sibi
896 1771 1179 1812 concremavit
1210 1771 1381 1811 domum
1420 1768 1523 1808 idoli

55 1826 140 1866 eius
171 1841 254 1867 una
283 1841 379 1867 cum
410 1826 524 1867 idolo
546 1827 737 1868 culturae
768 1827 966 1881 ipsorum.
1024 1842 1148 1882 quam
1178 1827 1233 1867 ob
1265 1841 1427 1866 causam
1454 1825 1523 1865 ille

48 1882 212 1937 chagan
245 1889 488 1938 praetorem
528 1883 705 1924 Persidis
731 1883 962 1937 promovit,
1007 1891 1049 1925 et
1078 1885 1248 1924 subacta
1277 1889 1337 1923 est
1354 1882 1523 1922 Abime-

58 1938 150 1978 lech
180 1944 264 1979 tam
292 1940 470 1981 Persidis
501 1940 618 1995 regio
642 1948 685 1980 et
703 1940 1028 1994 Mesopotamiae
1056 1955 1184 1995 quam
1208 1939 1404 1980 Armenia
1432 1954 1524 1978 ma-

53 2011 134 2050 gna
162 1995 366 2048 Aethribi,
396 2002 438 2037 et
463 2011 543 2051 per
571 1997 614 2037 id
645 1997 838 2037 intestina
866 2011 1016 2037 eorum
1035 1998 1143 2038 bella
1175 1996 1439 2052 quieverunt.

166 2069 285 2108 Anno
318 2069 483 2133 imperii
512 2070 725 2110 Iustiniani
756 2070 907 2134 quinto
932 2070 1057 2110 finem
1086 2069 1232 2110 habuit
1259 2075 1301 2110 et
1329 2068 1524 2108 liberatus

56 2130 117 2165 est
148 2125 200 2164 ab
243 2125 356 2165 omni
397 2126 507 2166 bello
546 2127 732 2166 Arabum
770 2125 1049 2181 principatus,
1079 2133 1120 2167 et
1146 2140 1250 2181 pace
1278 2125 1436 2180 potitus
1467 2131 1525 2166 est

56 2180 308 2232 Abimelech,
337 2183 494 2222 cunctis
522 2183 597 2223 sibi
629 2184 822 2223 subactis.

169 2256 288 2294 Anno
321 2254 486 2309 imperii
518 2255 580 2294 sui
610 2253 636 2295 6
665 2256 910 2297 lastinianus
933 2270 1093 2310 pacem,
1127 2271 1253 2311 quam
1282 2255 1335 2296 ab
1365 2253 1529 2294 Abime-

59 2309 152 2350 lech
182 2310 341 2362 habuit,
374 2326 422 2351 ex
452 2312 631 2353 amentia
677 2312 872 2352 dissolvit.
931 2312 1084 2352 etenim
1116 2312 1372 2368 Cypriorum
1399 2309 1529 2349 insula

57 2367 264 2432 populum
294 2367 644 2409 irrationabiliter
671 2369 805 2408 voluit
819 2369 1129 2424 transmigrare,
1160 2375 1202 2409 et
1231 2368 1532 2416 characterem,

59 2423 131 2477 qui
159 2424 299 2464 missus
349 2424 402 2464 ab
431 2424 669 2465 Abimelech
707 2426 860 2476 fuerat,
891 2440 986 2465 cum
1015 2426 1184 2465 noviter
1215 2425 1320 2464 visus
1352 2429 1455 2463 esset
1487 2429 1530 2463 et

59 2493 273 2534 nunquam
303 2486 422 2520 antea
441 2481 583 2531 factus,
618 2496 703 2521 nou
732 2481 908 2521 admisit.
965 2480 1189 2521 multitudo
1221 2495 1321 2534 ergo
1344 2479 1528 2534 Cyprio-

61 2550 156 2575 rum
187 2536 286 2576 dum
309 2544 564 2577 transmeare
592 2537 813 2589 niteretur,
843 2538 1053 2578 submersa
1085 2544 1155 2588 est,
1193 2543 1234 2576 et
1262 2551 1308 2577 ex
1326 2536 1527 2589 languore
1539 2553 1576 2588 p,
1595 2543 1664 2579 559

60 2592 238 2646 peribat,
271 2593 424 2648 reliqui
453 2608 555 2634 vero
586 2594 626 2633 in
649 2595 838 2648 Cyprum
868 2595 1021 2635 reversi
1050 2600 1155 2636 sunt.
1216 2599 1257 2632 et
1287 2592 1436 2632 auditis
1464 2591 1527 2632 his

61 2648 297 2689 Abimelech
324 2650 506 2690 satanice
534 2650 745 2690 simulatus
786 2652 963 2705 rogabat
995 2666 1045 2690 ne
1076 2666 1152 2704 pax
1181 2650 1428 2699 solveretur,
1458 2648 1530 2688 sed

59 2705 288 2758 susciperet
317 2713 527 2746 monetam
554 2721 689 2756 suam,
719 2721 815 2746 cum
845 2709 1000 2747 Arabes
1043 2722 1126 2745 non
1157 2705 1414 2759 susciperent
1441 2705 1529 2744 Ro-

59 2775 281 2801 manorum
325 2763 567 2803 incisionem
598 2763 638 2802 iu
682 2764 761 2803 suis
793 2765 979 2803 nummis.
1036 2777 1181 2801 verum
1207 2762 1305 2801 dato
1339 2761 1531 2815 pondere

63 2817 154 2857 auri
201 2819 259 2859 ait
298 2819 484 2860 “nullum
523 2820 718 2861 Romanis
758 2819 954 2861 damnum
992 2818 1233 2870 efficietur,''
1263 2833 1310 2859 ex
1338 2832 1388 2859 eo
1416 2818 1531 2873 quod
