1768 3268
256 220 319 267 68
452 219 732 264 ANASTASu
778 214 1037 260 HISTORIA
1077 206 1493 254 ECCLESIASTlCA

253 339 486 389 regularum
516 334 879 377 ecclesiasticarum
909 330 1127 371 discutiens
1172 329 1385 368 inventum
1415 321 1635 365 subdolum
1665 330 1708 364 ct

249 383 506 436 lusereticum
537 392 739 447 deposuit.
797 388 1074 444 Clirysaphius
1106 392 1243 425 autem
1270 383 1390 422 huius
1419 394 1600 421 concors
1629 394 1707 434 pa..

249 452 392 491 latium
423 457 582 500 tenens,
613 448 673 487 his
714 447 885 501 cognitis
925 445 965 484 in
999 445 1100 483 iram
1141 438 1391 496 peramplius
1422 444 1572 478 contra
1604 436 1707 476 Fla-

247 510 413 548 vianum
443 505 695 554 accenditur,
724 509 765 543 et
787 502 947 542 intimat
964 501 1168 540 Dioscoro
1196 493 1471 537 Alexandrino
1500 509 1542 534 se
1569 494 1610 534 in
1643 493 1705 534 his

248 579 352 619 quae
381 563 500 604 cordi
548 563 631 602 eius
661 566 791 601 essent
835 572 913 612 per
943 556 1079 597 omnia
1119 558 1461 607 cooperaturum,
1490 550 1525 590 si
1552 551 1630 591 sibi
1663 550 1705 590 in

246 620 457 660 calumniis
507 625 653 658 contra
695 615 937 656 Flavianum
966 618 1007 653 et
1033 611 1256 653 Eusebium
1287 609 1384 662 -ipse
1429 612 1707 648 concurreret

245 691 325 731 pro
347 675 617 729 Eutycheque
644 677 856 726 satageret.
916 675 1054 709 movet
1084 673 1221 707 autem
1250 664 1301 705 ad
1329 664 1371 704 id
1399 664 1524 704 etiam
1555 666 1704 719 Augu-

245 728 348 773 s'tam
378 724 619 779 Eiidociam,
649 729 783 769 tristia
818 727 868 767 de
898 725 1116 766 Pulcheria
1156 728 1307 764 contra
1335 721 1582 762 Flavianum
1611 735 1705 761 me-

245 803 409 829 morans
438 787 547 842 apud
588 787 714 832 illam;
746 790 787 824 et
814 782 897 837 agit
938 789 1116 836 uterque
1143 795 1228 835 quo
1259 779 1494 833 imperator
1522 777 1704 818 sanciret

244 845 465 885 secundum
495 844 646 898 Ephesi
679 839 922 895 congregari
967 838 1201 886 concilium,
1235 837 1302 876 cui
1332 835 1541 875 Dioscoro
1572 849 1703 888 prae-

245 917 327 942 esse
361 901 607 948 concedunt,
641 899 847 937 mittentes
868 896 903 936 ei
928 894 1152 935 exercitum
1174 891 1403 948 plurimum
1431 892 1478 931 in*
1493 892 1704 931 auxilium.

58 975 91 1009 p.
115 964 179 998 155
207 958 419 1013 2cumque
451 954 682 996 latrocinali
718 953 814 993 huic
848 952 1023 992 concilio
1072 949 1358 1006 praesedisset,
1397 962 1480 988 non
1512 949 1705 1003 permisit

242 1015 378 1054 adesse
411 1012 620 1052 notarium
659 1011 785 1050 alium
823 1009 1029 1059 concilio,
1058 1007 1128 1047 sed
1157 1021 1249 1046 suos
1282 1011 1446 1046 tantum
1475 1006 1575 1046 fecit
1595 1005 1704 1046 scri-

241 1071 339 1110 here
371 1084 475 1124 quae
514 1069 776 1123 gerebantur.
845 1065 1031 1121 quaestio
1073 1078 1173 1118 ergo
1221 1078 1315 1103 cum
1346 1063 1480 1113 fieret,
1511 1062 1703 1116 exigeba-

241 1132 311 1165 tur
338 1126 544 1180 Eutyches
588 1123 809 1178 propriam
852 1122 1043 1162 exhibere
1085 1120 1342 1174 opinionem,
1375 1119 1449 1174 qui
1483 1118 1704 1173 respondit

241 1182 378 1222 dicens
409 1181 642 1221 “confiteor
672 1194 718 1220 ex
751 1179 908 1219 duabus
938 1177 1094 1217 naturis
1124 1177 1244 1218 fuisse
1265 1176 1483 1217 dominum
1513 1181 1704 1216 nostrum

242 1244 335 1278 ante
367 1237 686 1278 adunationem:
728 1241 824 1288 post
863 1233 1158 1274 adunationem
1202 1247 1303 1274 vero
1345 1248 1469 1274 unam
1510 1238 1705 1272 naturam

241 1294 488 1334 confiteor.'’
548 1300 648 1333 tunc
680 1292 906 1331 Dioscorus
937 1291 1038 1330 dixit
1066 1290 1135 1331 “et
1164 1304 1237 1330 nos
1269 1304 1410 1330 omnes
1438 1288 1500 1329 his
1531 1289 1708 1330 assenti-

239 1353 368 1390 1nus.⁷’
426 1357 466 1391 et
496 1349 576 1389 loci
625 1353 857 1389 servatores
887 1350 922 1397 *)
970 1346 1138 1402 quidem
1165 1347 1315 1387 Leonis
1335 1361 1485 1401 papae·
1510 1345 1705 1397 Romani,

238 1406 433 1447 Dioscori
465 1405 643 1446 videntes
677 1405 888 1458 impetum,
922 1409 964 1444 et
994 1404 1110 1458 quod
1141 1403 1362 1458 epistolam
1378 1418 1511 1457 papae
1543 1403 1594 1443 ad
1609 1402 1705 1442 Fla-

240 1463 405 1502 vianum
435 1477 518 1501 non
547 1461 784 1516 permiserit
816 1461 906 1515 legi,
950 1475 1086 1515 neque
1117 1460 1230 1500 illam
1259 1475 1387 1515 quam
1415 1459 1467 1500 ad
1497 1458 1706 1514 synodum

239 1520 425 1569 miserat,
468 1518 538 1558 sed
577 1517 829 1571 despexerit,
869 1518 1068 1571 fugerunt
1111 1524 1153 1557 et
1183 1516 1491 1557 descenderunt
1517 1517 1706 1562 Romam.

240 1589 372 1629 porro
398 1574 624 1614 Dioscorus
640 1573 818 1628 Eutychi
853 1572 1133 1613 sacerdotium
1165 1573 1318 1624 reddit,
1344 1573 1570 1614 Eusebium
1604 1588 1706 1615 vero

241 1631 423 1671 Dorilaei
454 1636 495 1670 et
524 1631 762 1670 Flavianum
792 1630 1302 1684 Constantinopolitanum
1334 1630 1376 1669 in
1397 1636 1604 1684 promptu
1633 1630 1707 1670 de-

240 1701 398 1741 ponere
430 1687 600 1738 habuit,
643 1687 713 1741 qui
754 1693 794 1727 et
834 1694 927 1727 ante
981 1687 1284 1741 depositionem
1320 1687 1638 1741 impulsionibus
1664 1692 1707 1728 et

243 1744 421 1783 calcibus
463 1759 485 1782 a
522 1744 728 1783 Dioscoro
769 1744 985 1783 submissus
1029 1743 1234 1783 tertianus
1272 1742 1399 1783 vitam
1433 1743 1634 1792 mutavit;
1666 1750 1709 1784 et

244 1799 293 1839 de
324 1806 464 1839 cetero
485 1799 523 1838 vi
542 1799 716 1838 militum
747 1807 786 1839 et
808 1799 1037 1855 gladiorum
1058 1799 1245 1854 episcopi
1273 1800 1538 1841 subscribere
1570 1800 1708 1840 coacti

243 1861 351 1895 sunt.
406 1857 593 1894 Domnus
643 1862 778 1895 autem
819 1855 1096 1896 Antiochenus
1135 1857 1355 1911 episcopus
1396 1863 1620 1912 postquam
1668 1856 1710 1897 vi

243 1911 495 1966 subscripsit,
524 1911 565 1950 in
595 1926 636 1951 se
668 1926 852 1952 reversus
883 1914 1012 1953 crexit
1043 1927 1085 1953 se
1123 1919 1273 1954 contra
1301 1914 1556 1954 Dioscorum
1585 1913 1725 1968 prin--

114 1987 149 2023 p.
168 1977 233 2011 156
247 1968 394 2022 cipem,
427 1967 656 2007 vociferans
682 1968 871 2008 adversus
902 1984 946 2008 ea
967 1984 1072 2023 quae
1099 1976 1211 2024 gesta
1238 1975 1345 2025 sunt,
1379 1976 1422 2010 et
1452 1970 1710 2024 impietatem

247 2024 469 2064 concilium
496 2025 721 2075 nominans,
750 2031 789 2064 et
832 2026 1179 2080 subscriptionem
1211 2041 1327 2066 suam
1360 2042 1565 2082 quaerens
1596 2026 1710 2068 reci-

248 2095 363 2134 pere.
420 2079 480 2119 his
513 2081 684 2134 cognitis
711 2095 818 2134 papa
848 2083 931 2122 Leo
975 2082 1135 2124 accedit
1161 2098 1257 2123 cum
1284 2083 1464 2124 lacrimis
1495 2083 1547 2124 ad
1571 2084 1710 2138 impe-

250 2144 437 2176 ratorem
481 2136 811 2177 Valentinianum
857 2138 976 2178 simul
1006 2147 1047 2180 et
1084 2143 1309 2195 Augustas,
1341 2145 1486 2195 petens
1517 2139 1715 2195 epistolas

250 2192 495 2246 imperatori
541 2192 777 2233 Theodosio
818 2208 898 2248 pro
941 2195 1231 2237 emendatione
1288 2196 1496 2252 patranda
1549 2212 1712 2248 eorum,

252 2263 358 2303 quae
390 2248 502 2302 apud
529 2248 732 2302 Ephesum
767 2251 959 2305 nequiter
992 2259 1032 2292 ct
1052 2253 1343 2308 irregulariter
1371 2261 1463 2295 acta
1495 2259 1604 2305 sunt,
1637 2253 1712 2294 de-

251 2304 484 2352 stinandas3
529 2305 600 2359 qui
637 2306 826 2345 rescribit
866 2308 1078 2348 Eudociae
1124 2311 1233 2351 filiae
1271 2311 1328 2352 ita
1358 2310 1470 2351 “hoc
1500 2310 1713 2352 dulcedini

253 2367 349 2400 tuae
380 2362 437 2400 ita
467 2367 613 2400 notum
645 2376 725 2402 esse
763 2363 881 2413 volo,
913 2365 1009 2419 quia
1038 2366 1257 2407 Flavianus
1302 2366 1445 2408 divino
1473 2366 1629 2407 iudicio
1661 2367 1713 2408 ab

255 2417 431 2457 ecclesiis
461 2417 610 2457 eiectus
638 2424 697 2457 est
728 2425 774 2458 ut
795 2419 1017 2460 multarum
1036 2424 1327 2464 turbationum
1354 2426 1546 2464 auctor.’'
1575 2437 1713 2478 porro

255 2473 480 2514 Dioscorus
510 2473 702 2527 deposuit
735 2480 775 2514 et
803 2474 1116 2519 Theodoretum
1158 2486 1200 2519 et
1228 2481 1327 2521 lban
1358 2488 1400 2522 et
1434 2480 1645 2522 Andream
1672 2486 1719 2520 et*

255 2529 466 2568 Domnum
491 2530 794 2570 Antiochenum
821 2538 861 2571 et
893 2533 990 2574 alios
1015 2535 1246 2578 Orientales
1277 2538 1511 2592 episcopos.
1570 2537 1715 2578 Theo-

259 2584 393 2626 dosius
421 2591 558 2626 autem
584 2587 815 2641 imperator
843 2590 1004 2631 mobilis
1026 2598 1115 2632 erat
1147 2594 1260 2634 omni
1280 2600 1405 2636 vento
1435 2594 1716 2646 circumlatus,

306 2735 338 2781 *)
366 2734 436 2768 loci
464 2735 567 2782 serv-J
597 2736 803 2772 Anastasius
818 2739 855 2773 in
884 2741 1078 2777 collatione
1094 2744 1127 2778 S.
1154 2745 1301 2780 Maximi
1326 2746 1511 2790 martyris:
1529 2755 1716 2791 compun-

354 2782 634 2867 εειὲιᾶηεὲίνίηὲωε
668 2792 833 2832 praetor,
861 2788 933 2824 imo
970 2790 1040 2824 loci
1074 2798 1230 2828 servator
1256 2795 1444 2841 praetoris.
1480 2805 1513 2829 v.
1537 2793 1644 2840 gloss.
1668 2791 1716 2827 ad

502 2855 508 2864 .
586 2842 661 2867 Ana.
