1794 3250
253 200 351 246 308
576 171 583 176 ”
771 201 826 245 m
870 197 1245 240 'mmmmm

249 317 354 356 alter
380 316 425 355 in
454 313 701 355 Lucaniam.
769 314 917 355 eodem
958 319 1083 368 pacto
1128 311 1301 352 historia
1343 309 1616 350 miscellanea.
1649 310 1717 350 Si-

250 371 395 428 gonius
424 371 465 412 in
497 371 571 412 vit.
602 372 729 426 impp.
760 372 883 412 abbas
914 371 1116 425 Ursperg.
1149 376 1191 409 et
1221 368 1302 408 alii.
1333 368 1723 418 ZonarasAtoxtn-

248 426 394 476 τιανός
421 428 466 468 ἑν
494 424 664 468 Σάλωνι
693 425 813 467 πόλει
852 428 924 480 τῆς
950 426 1199 478 Δαλματίας
1227 424 1369 478 διῆγεν
1389 457 1399 473 ‚
1428 421 1449 462 ὖ
1482 424 1530 464 δὲ
1546 421 1718 475 ‘Epicad-

248 487 337 531 λιος
367 486 412 525 ἐν
441 485 673 539 Λουκανίᾳ.
732 484 1012 524 Diocletianus
1043 483 1209 524 Salonis
1236 483 1280 521 iu
1298 481 1533 531 Dalmatia,
1562 481 1721 522 Maxi-

249 543 415 582 mianus
445 542 488 581 in
519 540 704 580 Lucania
734 542 863 581 vitam
895 542 989 593 egit.

363 613 431 664 13,
465 610 528 653 14.
587 609 792 667 πρότερον
822 610 898 667 τὴν
927 613 1127 652 ἐπινίκιον
1149 607 1313 664 Ῥώμης
1342 609 1583 656 ἐπιτελέσας
1614 623 1721 664 πομ-

249 666 348 725 πήν]
379 670 638 724 Pomponius
668 671 833 710 Laetus.
892 670 1245 724 triumphaverunt
1281 676 1421 706 autem
1450 667 1657 707 victoriosi
1684 675 1722 707 et

227 727 385 779 filices
415 742 521 766 anno
550 728 713 781 imperii
740 726 895 766 decimo
926 735 1088 765 octavo.
1123 724 1326 779 reliquam
1359 723 1564 777 triumphi
1593 737 1722 778 pom-

247 797 346 838 pam
376 783 632 836 Pomponius
681 783 790 822 idem
834 782 1135 837 prosequitur:
1170 781 1241 835 qui
1273 780 1567 820 Maximianum
1611 795 1721 821 anno

247 840 415 894 imperii
451 839 502 880 18
531 839 819 892 triumphasse,
851 839 979 878 tertio
1014 838 1184 878 ineunte
1215 852 1311 878 cum
1341 836 1488 878 chron.
1522 836 1720 877 Alexand.

248 896 301 937 ad
330 897 552 951 imperium
582 896 785 936 existimat
821 901 1089 949 assumptum.

358 981 465 1020 Ibid.
498 980 559 1020 17.
617 976 723 1030 μετὰ
753 978 890 1020 ταῦτα
935 978 982 1019 δὲ
1025 973 1396 1032 ἀναχωρήσαντες]
1436 993 1482 1018 ex
1509 978 1723 1032 Eutropio

251 1038 328 1076 ista
359 1036 654 1091 compendiose
686 1036 859 1076 collecta
894 1050 1017 1076 nemo
1049 1035 1205 1074 inficias
1236 1035 1346 1075 ierit.
1407 1036 1469 1074 liis
1496 1036 1621 1087 igitur
1648 1036 1725 1075 ab-

247 1094 439 1144 euntibus,
469 1093 606 1147 inquit
626 1093 692 1132 ille
708 1094 843 1132 statim
864 1092 903 1131 in
923 1093 992 1133 lib.
1013 1091 1062 1131 10
1090 1091 1243 1144 limine,
1269 1091 1313 1130 in
1337 1091 1726 1131 administrationem

247 1151 347 1206 reip.
367 1150 619 1189 Constantius
638 1159 677 1188 et
697 1149 886 1189 Galerius
910 1149 1078 1204 Augusti
1090 1150 1223 1189 creati
1240 1157 1339 1198 sunt,
1368 1148 1603 1203 divisusque
1623 1149 1729 1188 inter

246 1220 316 1246 eos
346 1207 550 1245 Romanus
579 1205 714 1256 orbis,
741 1215 784 1245 ut
813 1205 1005 1246 Galliam
1025 1236 1036 1258 ‚
1069 1206 1255 1256 Italiam,
1290 1206 1495 1257 Africam,
1527 1205 1727 1245 Constan-

247 1265 345 1303 tius:
381 1262 624 1314 Illyricum‚
654 1263 826 1313 Asiam,
865 1262 1097 1313 Orientem,
1135 1262 1325 1302 Galerius
1363 1262 1582 1301 obtineret:
1618 1276 1728 1301 sum-

241 1321 326 1371 ptis
354 1319 505 1358 duobus
541 1317 795 1358 Caesaribus.
842 1319 1098 1360 Constantius
1127 1327 1262 1358 tamen
1301 1327 1505 1358 contentus
1533 1318 1728 1372 dignitate

247 1375 447 1428 Augusti,
481 1375 635 1415 Italiae
662 1384 780 1429 atque
823 1375 991 1420 Africae
1030 1375 1377 1415 administrandae
1413 1373 1727 1414 sollicitudinem

249 1433 457 1471 recusavit.
526 1433 595 1470 vir
625 1433 803 1484 egregius
834 1441 872 1471 et
899 1432 1282 1487 praestantissimae
1307 1432 1539 1479 civilitatis,
1568 1431 1728 1471 divitiis

243 1486 573 1543 provincialium
616 1501 668 1527 ac
692 1489 948 1542 privatorum
980 1489 1152 1538 studens,
1172 1487 1278 1546 fisci
1307 1487 1515 1527 commoda
1543 1502 1627 1528 non
1653 1487 1730 1527 ad-

249 1544 408 1583 modum
437 1543 660 1598 affectans,
690 1544 927 1599 dicensque.-
966 1545 1104 1584 melius
1125 1545 1317 1599 publicas
1357 1559 1450 1600 opes
1486 1557 1515 1584 a
1546 1545 1731 1600 privatis

250 1600 405 1651 haberi,
426 1614 552 1656 quam
570 1601 682 1639 intra
698 1615 815 1640 unum
836 1602 1052 1641 claustrum
1072 1602 1287 1640 reservari.
1321 1601 1426 1641 adeo
1445 1610 1576 1641 autem
1605 1601 1733 1642 cultus

250 1656 413 1706 modici,
433 1665 476 1695 ut
487 1657 613 1709 fi’stis
632 1657 780 1707 diebus,
812 1659 849 1696 si
865 1672 953 1697 cum
973 1658 1115 1697 amicis
1134 1658 1473 1698 numerosioribus
1500 1667 1601 1697 esset
1629 1672 1733 1713 epu-

253 1712 438 1762 landum,
462 1714 718 1768 privatorum
758 1714 815 1752 eis
846 1723 1008 1767 argento
1045 1715 1223 1753 ostiatim
1246 1716 1388 1768 petito,
1419 1715 1603 1754 triclinia
1631 1723 1734 1753 ster..

250 1778 453 1808 nerentur.
515 1769 582 1807 hic
611 1783 696 1809 non
725 1769 843 1809 modo
878 1771 1082 1820 amabilis,
1113 1771 1184 1809 sed
1212 1771 1339 1810 etiam
1363 1771 1613 1810 venerabilis
1630 1771 1735 1810 Gal-

253 1826 301 1864 lis
318 1825 430 1876 ficit,
458 1826 682 1880 praecipue
711 1826 824 1881 quod
850 1826 1110 1866 Diocletiani
1138 1835 1356 1881 suspectam
1383 1827 1662 1881 prudentiam,
1694 1836 1733 1867 et

254 1881 510 1921 Maximiani
541 1883 853 1935 sanguinariam
884 1884 1156 1923 temeritatem
1185 1884 1358 1937 imperio
1387 1884 1470 1922 eius
1500 1892 1735 1924 evaserant.

253 1938 352 1978 obiit
378 1938 420 1977 in
450 1937 667 1978 Britannia
698 1938 906 1992 Eboraci,
934 1945 1012 1981 etc.
1041 1938 1149 1979 idem
1181 1938 1328 1978 chron.
1362 1940 1528 1979 Alexan.

371 2014 436 2066 14,
465 2014 508 2056 7.
567 2015 827 2067 βασιλεύσας
858 2014 930 2072 ἔτη
969 2014 1040 2074 ια’]
1071 2019 1330 2072 Pomponius
1362 2020 1511 2059 Laetus
1543 2018 1659 2073 quasi
1690 2032 1737 2058 ex

259 2079 452 2113 auctore.
487 2086 545 2112 ex
566 2073 782 2113 Theodora
810 2075 959 2116 liberos
988 2077 1167 2130 suscepit,
1192 2075 1512 2126 Constantinum,
1543 2074 1738 2116 Anabal-

254 2130 408 2169 lianum
425 2159 437 2180 ,
479 2137 518 2168 et
548 2129 822 2170 Constantium
838 2161 849 2180 ,
889 2147 938 2170 ac
975 2131 1283 2180 Constantiam3
1313 2133 1521 2172 undecimo
1550 2146 1656 2172 anno
1683 2146 1740 2172 ex

255 2201 334 2242 quo
363 2186 515 2225 Caesar
550 2195 608 2225 est
633 2187 777 2238 factus
813 2188 1004 2227 occubuit.
1081 2203 1130 2229 eo
1172 2193 1284 2228 'anno
1325 2203 1372 2229 ex
1405 2189 1587 2229 auctoris
1617 2203 1738 2229 sensu

260 2257 345 2296 quo
380 2241 664 2282 Diocletianus
696 2250 738 2283 et
755 2244 1026 2284 Maximianus
1057 2244 1235 2299 imperio
1266 2260 1308 2286 se
1335 2251 1564 2286 exuerunt:
1600 2245 1736 2299 impe-

259 2314 314 2395 Eu
341 2297 548 2394 lsiquiden}
593 2313 708 2339 nono
753 2299 1021 2341 Constantius
1051 2302 1290 2342 Maximiani
1335 2317 1487 2358 gener,
1520 2307 1562 2343 et
1589 2302 1740 2342 Caesar

290 2370 336 2396 ec
355 2361 495 2395 aratus
545 2354 617 2396 uit.

371 2427 479 2469 Ibid.
514 2428 577 2468 11.
638 2425 909 2480 ὁμοπατρίων
931 2431 1273 2485 Κωνσταντίνου]
1303 2431 1379 2473 ista
1409 2446 1504 2472 cum
1533 2431 1742 2472 annotatis

260 2483 313 2524 ad
343 2499 441 2539 pag.
477 2484 528 2525 15
557 2486 859 2540 comparanda.

372 2569 483 2610 Ibid.
518 2569 584 2611 18.
643 2566 715 2611 τὸν
741 2570 820 2621 μὲν
846 2567 956 2610 ἴδιον
986 2567 1084 2611 υἱὸν
1118 2572 1374 2626 Μαξιμῖνον]
1403 2572 1537 2624 θέσει,
1565 2572 1733 2628 adopti-

261 2639 371 2721 ἷυηι,
412 2642 497 2667 non
545 2625 699 2682 φύσει,
741 2629 976 2668 naturalem
1022 2635 1253 2685 utrumque
1302 2630 1449 2671 scribit
1477 2629 1736 2684 Pomponius

304 2686 433 2724 aetus.

376 2756 483 2796 Ibid.
520 2755 585 2798 19.
641 2753 681 2798 oi
710 2757 757 2798 δὲ
784 2757 830 2797 ἐν·
852 2753 993 2814 Ῥώμῃ
1038 2759 1314 2814 στρατιῶται]
1356 2759 1429 2799 nisi
1462 2758 1743 2809 abbreviaret,

267 2809 320 2850 ad
349 2813 526 2854 verbum
553 2820 704 2855 auctor
733 2815 913 2856 referret
941 2815 1197 2870 Eutropium
1223 2818 1294 2857 lib.
1333 2815 1382 2857 10
1415 2816 1602 2856 ineunte.
1661 2815 1744 2856 Ro·-
