1728 3184
457 199 643 243 NOTAE
681 200 1061 248 POSTERIORES.
1391 203 1455 252 62
1464 207 1486 250 1

36 313 101 354 uti
126 312 254 353 etiam
282 312 408 354 C‘edr.
433 309 716 367 ἱπποδρόμιον
748 307 813 367 ἦν.
870 317 1087 359 ridiculum
1112 320 1221 361 enim
1249 325 1298 361 ut
1329 319 1371 360 in
1398 335 1491 362 me..

34 369 104 410 dia
130 367 316 418 Perside,
348 368 516 409 assiduis
545 370 769 424 exagitatus
797 372 973 425 praeliis,
1002 388 1051 414 ac
1078 376 1239 418 iamiam
1265 390 1492 418 conseren-

40 426 111 466 das
139 439 284 465 manus
330 432 551 479 expectans
590 425 827 477 Heraclius,
857 428 1014 468 circum
1058 433 1292 483 extruxerit,
1321 439 1490 487 tamque

38 481 303 528 destruxerit.
348 488 452 520 erat
470 495 570 535 ergo
599 482 684 522 illic
713 482 845 523 circus
874 498 1015 537 regum
1040 486 1255 527 Persarum
1286 489 1387 529 ludis
1412 488 1492 528 ad-

38 535 199 587 dictus,
228 536 424 591 idemque
458 536 653 578 Heraclio
683 552 778 577 cum
806 538 891 579 aliis
924 539 1007 579 eius
1047 542 1225 594 palatiis,
1257 551 1381 599 atque
1410 544 1491 584 do-

36 593 172 634 mibus
212 593 461 635 destructus.
524 593 599 634 καί
638 587 706 633 ὅτι
726 590 947 649 ἐδήλωσεν.
980 597 1078 651 Reg.
1098 604 1175 638 etc.
1195 600 1345 640 iussisse
1369 601 1490 640 Chos-

33 663 164 691 mem.

149 718 247 772 493,
278 720 344 763 12.
411 719 710 773 στρουθεῶνας
728 726 841 774 τρεῖς
856 721 1084 779 σιτευτούς]
1113 725 1169 765 sic
1196 732 1236 766 et
1248 725 1365 766 Cedr.
1391 728 1491 782 ch.

39 782 128 819 etc.
161 776 286 833 plane
330 790 508 818 errore:
548 778 771 818 ridiculum
813 781 920 820 enim
953 787 1037 819 tam
1066 781 1210 835 exiguo
1239 796 1410 821 numero
1440 782 1492 821 ad

38 848 184 889 regum
210 833 436 883 Persarum
483 835 851 888 magnificentiam,
900 841 942 876 et
981 836 1144 876 deiicias
1173 851 1263 876 aves
1295 837 1492 877 eiusmodi

38 903 275 931 numerare.
306 892 445 930 Ana-st.
485 897 679 930 trecentas
723 891 869 931 habet:
900 891 1088 947 adeoque
1117 892 1330 947 imperitus
1359 893 1491 933 scriba

41 953 185 987 uotam
216 945 469 986 numeralem
492 941 537 995 τ’,
568 947 608 985 in
644 951 755 996 τρεῖς
775 948 1012 988 mutaverit.
1044 949 1101 988 sic
1127 949 1390 1002 postmodum
1409 962 1493 1003 seq.

31 1017 76 1057 p.
95 1001 333 1042 huiusmodi
354 1002 621 1053 struthiones,
653 1003 867 1053 dorcades,
891 1019 1026 1058 apros,
1048 1018 1245 1057 pavones,
1278 1002 1492 1058 phasianos

36 1059 206 1100 inventa
233 1057 293 1099 ait
337 1057 379 1096 in
409 1058 492 1097 alio
533 1058 727 1099 Chosrois
772 1061 925 1113 palatio
968 1060 1221 1113 Dastagerd,
1263 1061 1496 1104 innumera.

36 1115 168 1170 possit
196 1129 245 1154 ea
286 1120 449 1154 voret
483 1113 580 1154 alias
610 1129 699 1153 aves
752 1122 919 1169 praeter
957 1117 1210 1157 struthiones
1249 1117 1491 1171 significare,

35 1177 140 1227 puta
170 1184 272 1227 quas
299 1184 343 1224 p.
373 1169 441 1210 illa
474 1169 556 1211 268
583 1170 819 1225 explicatius
853 1173 1051 1212 nominat.

143 1238 241 1294 494,
270 1243 310 1284 2.
367 1248 464 1298 post
494 1257 639 1283 vocem
661 1244 911 1297 Δασταγὲρδ
938 1245 960 1283 2
990 1245 1126 1285 statim
1157 1245 1287 1294 linea,
1319 1244 1492 1299 eiusque

38 1300 243 1353 repetitae
270 1300 515 1349 occasione,
558 1300 698 1353 ingens
736 1301 864 1339 factus
898 1301 1048 1350 hiatus,
1079 1315 1126 1341 ex
1155 1302 1243 1340 solo
1272 1300 1494 1354 explendus

36 1359 188 1397 Antist-⁸
231 1355 477 1397 “confestim
508 1363 643 1395 motus
666 1356 791 1396 fuerit
819 1356 868 1396 de
895 1357 1062 1410 palatio,
1094 1356 1206 1411 quod
1236 1363 1324 1396 erat
1352 1356 1391 1395 in
1410 1358 1495 1396 Da-

34 1413 216 1467 stagerd,
246 1427 343 1453 cum
376 1427 522 1466 magua
554 1412 866 1465 Ctesiphontem
894 1413 1103 1453 celeritate
1131 1412 1350 1466 petituruS,
1383 1427 1497 1452 onu-

35 1468 108 1510 stis
140 1483 188 1510 ex
217 1469 408 1510 omnibus
449 1469 660 1522 pecuniis,
691 1483 789 1523 quas
821 1469 998 1508 habebat
1027 1470 1067 1508 in
1097 1469 1266 1522 palatim
1298 1475 1383 1507 tam
1409 1467 1495 1506 ele-

34 1525 289 1580 pbantibus,
336 1540 464 1581 quam
490 1525 654 1564 camelis
674 1554 686 1575 ‚
717 1532 842 1580 atque
876 1524 1132 1564 burdonibus
1162 1524 1374 1564 ministerii
1404 1524 1491 1570 sui3

34 1582 219 1622 scribens
249 1589 291 1623 et
322 1582 484 1636 popuio
518 1580 673 1620 Razath
715 1586 762 1619 ut
803 1581 1090 1634 ingrederetur
1125 1580 1234 1620 idem
1261 1579 1491 1633 palatium;

36 1643 80 1678 et
104 1638 347 1692 principum
390 1636 562 1687 domos,
591 1642 633 1676 et
677 1636 875 1691 quicquid
907 1637 947 1675 in
978 1636 1036 1676 his
1066 1636 1337 1684 inveniretur,
1365 1636 1493 1675 affer-

37 1700 144 1734 rent.
204 1694 347 1750 itaque
365 1694 597 1748 imperator
617 1691 830 1731 dimidium
855 1693 1022 1746 quidem
1052 1693 1274 1731 exercitum
1305 1691 1412 1730 misit
1440 1689 1493 1729 ad

34 1750 280 1805 Dastagerd,
312 1751 400 1805 ipse
429 1764 530 1790 vero
558 1764 638 1803 per
658 1749 776 1788 aliam
803 1749 910 1788 viam
938 1748 1038 1799 abiit
1070 1748 1120 1787 ad
1139 1747 1251 1787 aliud
1279 1746 1493 1800 palatium,

36 1806 152 1860 quod
179 1807 560 1861 cognominabatur
588 1804 872 1845 Behdarach.’'
901 1820 951 1845 eu
982 1804 1060 1843 tibi
1087 1809 1243 1844 textum
1270 1803 1493 1857 integrum,

0 1861 7 1866 ’
33 1875 153 1903 sensu
183 1863 341 1918 alioqui
370 1862 522 1912 hiulco,
557 1867 630 1900 aut
665 1860 791 1900 nullo.

148 1929 256 1968 Ibid-
290 1927 353 1969 10.
410 1920 537 1981 εὗρον
567 1927 615 1967 δὲ
642 1923 681 1968 oi
710 1924 826 1976 λαοί]
856 1925 980 1966 Barb.
1009 1932 1086 1966 etc.
1118 1924 1190 1965 καί
1215 1938 1356 1977 muso.
1387 1923 1491 1974 ξύλα

32 1980 198 2037 μεγάλα
225 1980 368 2037 ἀλόης.
406 1985 506 2038 Reg.
546 1990 627 2023 etc.
663 1987 797 2023 Anast.
844 1997 890 2022 ea
918 1982 1018 2022 dicit
1045 1981 1247 2021 librarum
1273 1980 1327 2021 70
1353 1988 1396 2021 et
1421 1979 1489 2019 80.

34 2042 163 2081 etiam
181 2040 376 2095 Peyr.70
406 2040 544 2080 hahet.
576 2047 692 2081 certe
719 2040 828 2080 baud
856 2038 911 2078 ita
940 2045 1185 2092 portentosa
1214 2042 1262 2077 ut
1294 2036 1345 2076 10
1374 2035 1438 2076 vel
1462 2036 1490 2075 8

37 2097 161 2138 libras
190 2101 324 2137 essent
354 2096 595 2150 pendentia.

143 2163 255 2204 lbid.
289 2162 354 2206 19.
397 2157 599 2216 ἐπῆλθεν.
628 2158 703 2209 οὓς
733 2159 908 2218 ἔστενεν]
937 2162 1059 2216 plane
1087 2156 1259 2214 ἔστησεν
1287 2135 1338 2199 ex
1365 2157 1490 2198 Barb.

32 2233 140 2276 quas
147 2219 328 2276 figebat,
357 2229 485 2275 atque,
502 2219 698 2260 tendebat.

148 2283 244 2336 495,
277 2286 340 2330 18.
409 2281 744 2339 παρακρατητᾰ]
784 2300 864 2325 vox
909 2285 1093 2324 insolens.
1138 2284 1274 2322 Anast.
1313 2290 1488 2320 temer-e:

35 2340 159 2385 Cedr.
189 2341 450 2394 ἀγνοούντων
478 2339 659 2393 πάντων,
687 2341 796 2381 clam
826 2342 1029 2381 omnibus.-
1070 2345 1115 2378 ut
1143 2339 1254 2378 forte
1277 2335 1494 2389 scripserit.

31 2398 310 2452 Theophanes
338 2392 685 2451 ἆπαρακρατητά.
744 2398 907 2436 nemine
941 2395 1202 2450 prohibente,
1232 2394 1491 2433 observante.

34 2454 103 2494 vel
133 2462 251 2495 certe
281 2450 508 2507 ἄκρατητά,
537 2453 652 2508 quasi
681 2453 809 2493 effuso
842 2467 980 2502 cursu,
1013 2448 1345 2505 favetque.quod
1375 2447 1494 2487 addit

35 2517 202 2560 auctor,
229 2511 451 2550 confecisse
479 2524 559 2549 una
584 2508 651 2548 die
678 2504 734 2548 24
760 2509 903 2558 millia,
927 2509 997 2563 qui
1025 2507 1137 2561 prius
1168 2520 1290 2561 aegre
1306 2503 1493 2560 quinque

34 2566 279 2607 conficeret.
355 2565 470 2619 quod
518 2563 656 2604 reddit
696 2579 827 2604 novus
883 2566 1055 2618 interpr.
1089 2576 1168 2617 per
1204 2570 1380 2609 cratem,
1411 2565 1492 2599 etc.

38 2635 124 2662 uon
152 2635 320 2675 possum
347 2623 544 2675 probare.
621 2620 784 2673 φυγεῖιῐ
813 2618 887 2659 τὸν
917 2614 1112 2671 Χοσρόην
1152 2613 1235 2657 α’πό
1264 2611 1491 2670 προσώπου

35 2678 116 2718 τοῦ
143 2679 353 2730 βασιλέως
373 2676 501 2727 ‘Pum-
530 2676 576 2716 ἐκ
605 2675 690 2716 τῶν
719 2674 764 2714 ἐν
795 2677 867 2730 τῷ.
900 2677 1000 2729 Reg.
1032 2680 1108 2714 etc.
1294 2687 1296 2689 ·

145 2743 244 2794 496,
268 2745 330 2784 15.
388 2744 466 2783 τοῦ·
485 2741 681 2795 Τίγριδος
697 2742 904 2798 ποταμοῦ]
935 2744 1036 2796 Reg.
1053 2734 1157 2793 μετὰ
1186 2733 1340 2792 ἑτέρων
1356 2736 1494 2790 τριῶν.

35 2799 147 2850 τινὲς
175 2800 223 2842 δὲ
254 2801 339 2842 ταῖν
369 2800 572 2854 Περσῶν.
1256 2827 1259 2829 ,
