1794 3250
574 217 643 258 1-:x
683 216 1032 258 'mmmmm
1451 210 1545 261 261

81 330 327 374 tenebratus
350 337 492 372 autem
527 338 590 373 est
618 332 682 372 sol
709 345 789 386 per
828 331 973 372 decem
1003 337 1046 371 et
1075 337 1233 384 septem
1264 332 1363 384 dies,
1391 339 1436 374 et
1467 346 1555 373 non

80 383 202 433 dedit
235 385 377 429 radios
412 402 530 439 suos,
573 389 632 429 ita
670 395 720 428 ut
773 388 1023 428 aberrarent
1062 402 1181 427 naves
1232 394 1275 428 et
1323 391 1556 441 ferrentur,

83 458 311 500 omnesque
340 443 531 486 dicerent
563 451 692 500 atque
719 444 1025 485 confiterentur
1064 444 1179 499 quod
1211 452 1390 499 propter
1421 447 1555 501 impe..

84 501 510 545 ratoriseaecitatem
537 502 602 542 sol
633 501 881 542 obcaecatus
923 515 1019 542 suos
1047 500 1187 541 radios
1218 502 1455 543 retraxerit.
1511 508 1556 543 et

84 558 227 599 taliter
256 556 310 598 de
334 563 480 599 cetero
508 558 689 612 imperat
715 557 896 599 Heirene
923 565 1060 598 mater
1086 558 1186 597 eius.

194 629 357 671 Eodem
384 631 510 672 etiam
538 645 649 671 anno
695 636 738 670 et
765 631 924 671 Romae
955 629 1123 686 cognati
1152 629 1301 670 beatae
1328 630 1556 672 memoriae

82 685 286 726 Hadriani
316 701 453 742 papae
483 693 792 727 commoventes
826 687 1030 742 populum
1053 686 1295 727 tumultuati
1324 693 1421 727 sunt
1449 701 1556 727 con-

82 747 150 782 tra
179 743 366 784 Leonem
393 758 557 798 papam,
587 750 631 784 et
650 749 835 785 tenentes
855 747 1135 785 caecaverunt
1163 757 1270 794 eum,
1302 757 1387 783 non
1417 749 1556 784 tamen

82 799 249 854 penitus
278 800 418 840 lumen
448 801 534 841 eius
563 799 804 856 extinguere
835 806 1082 855 potuerunt.
1116 805 1159 839 at
1187 799 1255 839 ille
1284 800 1475 854 confugit
1503 800 1556 840 ad

81 857 286 896 carolum
315 856 580 897 Francorum
607 871 762 912 regem,
796 858 867 912 qui
890 857 999 898 ultus
1018 862 1079 897 est
1107 854 1298 897 inimicos
1326 857 1411 897 eius
1440 871 1557 896 ama-

83 927 144 964 re,
172 918 215 953 et
245 913 400 954 iterum
425 913 609 954 restituit
634 913 751 953 illum
779 914 820 954 in
851 914 992 954 sedem
1019 927 1146 954 suam.
1206 919 1393 954 ceterum
1423 913 1556 954 vicem
1570 915 1686 962 9733

82 969 239 1010 Carolo
281 983 601 1024 recompensans
644 970 870 1011 coronavit
913 970 1214 1024 imperatorem
1244 971 1285 1010 in
1324 969 1481 1024 templo
1514 968 1556 1010 S.

81 1025 197 1066 Petri
229 1026 429 1080 apostoli,
474 1041 715 1081 perungens
755 1028 848 1068 oleo
881 1043 903 1066 a
936 1028 1073 1081 capite
1102 1041 1233 1082 usque
1264 1025 1316 1066 ad
1346 1028 1484 1081 pedes,
1515 1032 1559 1067 et

82 1082 346 1123 circumdans
376 1083 650 1137 imperatoria
683 1089 794 1123 veste
826 1089 951 1138 atque
970 1098 1146 1131 corona,
1177 1091 1329 1123 octavo
1363 1082 1557 1123 kalendas

83 1139 294 1179 lanuarias
321 1138 559 1179 indictionis
590 1154 740 1183 nonae.
798 1140 926 1194 igitur
964 1140 1159 1180 Romanis
1191 1141 1346 1180 iterum
1376 1140 1559 1195 imperat

83 1195 264 1236 Heirene
291 1195 408 1236 annis
428 1195 628 1251 quinque.
1442 1212 1446 1217 ’

197 1269 318 1308 Anno
345 1267 490 1324 itaque
520 1268 685 1322 imperii
717 1268 779 1308 sui
810 1269 992 1310 Heirene
1020 1268 1174 1323 primo,
1206 1268 1247 1309 id
1277 1275 1338 1310 est
1367 1284 1464 1309 cum
1490 1282 1558 1309 se-

83 1322 222 1364 cundo
256 1325 468 1379 imperare
499 1326 716 1378 coepisset,
745 1326 960 1366 confestim
993 1325 1137 1380 dirigit
1151 1326 1421 1366 Dorotheum
1452 1339 1559 1380 egu-

82 1395 251 1421 menum
292 1381 694 1436 Chrysopolitanum
743 1387 787 1422 et
827 1383 1144 1422 Constantinum
1187 1381 1559 1437 chartophylacem

84 1437 281 1479 ecclesiae
305 1452 479 1493 magnae
507 1437 559 1478 ad
588 1439 825 1478 Abimelech
868 1446 1007 1492 partes
1039 1439 1331 1493 Cappadociae
1362 1439 1559 1492 depopu-

82 1493 235 1535 lantem
270 1499 399 1550 atque
431 1494 647 1542 Galatiae,
692 1495 951 1535 intercedens
991 1509 1073 1548 pro
1117 1510 1243 1548 pace3
1272 1494 1387 1548 quod
1418 1501 1557 1534 tamen

81 1551 239 1590 factum
267 1551 351 1591 non
386 1556 461 1591 est.
518 1556 562 1591 et
595 1551 806 1591 octobrio
832 1566 970 1592 mense
1000 1551 1171 1605 quidam
1204 1551 1377 1593 rebelles
1407 1551 1447 1590 in
1480 1565 1555 1591 cu-

80 1605 216 1649 stodia
245 1606 390 1662 positis
423 1607 465 1647 in
494 1608 652 1662 palatio
684 1608 968 1662 Contherapia
999 1608 1089 1647 filiis
1120 1608 1399 1662 impugnantis
1430 1606 1556 1647 deum

82 1663 346 1704 Constantini
391 1662 444 1703 ad
502 1679 692 1718 magnam
738 1666 968 1719 confugere
1018 1665 1272 1718 persuadent
1315 1663 1556 1714 ecclesiam,

82 1720 199 1775 quasi
237 1726 427 1775 petentes
470 1722 739 1762 securitatem
781 1722 1067 1776 subsequentis
1123 1721 1404 1762 indemnitatis
1443 1735 1555 1773 suae,

82 1776 277 1832 quatinus
307 1791 385 1831 per
412 1776 647 1817 huiusmodi
677 1777 938 1817 occasionem
968 1777 1228 1831 appellarent
1258 1793 1305 1818 ex
1334 1778 1389 1817 eis
1408 1792 1554 1832 quem-

82 1848 210 1888 quam
239 1833 555 1887 imperatorem.
614 1841 657 1874 et
688 1835 821 1874 multo
853 1834 1012 1888 populo
1042 1834 1094 1874 ad
1124 1835 1336 1875 ecclesiam
1368 1847 1553 1873 concur.

81 1896 203 1930 rente
231 1889 434 1944 ingressus
462 1896 525 1931 est
560 1891 704 1932 Aetius
733 1890 945 1931 eunuchus
980 1891 1180 1944 patricius
1200 1921 1212 1942 ‚
1243 1897 1286 1932 et
1314 1890 1455 1931 eduxit
1484 1903 1553 1930 eos

82 1945 215 1987 verbo
232 1978 246 1999 ,
276 1947 441 1988 nemine
480 1946 533 1986 ad
561 1947 651 1987 illos
680 1946 901 1998 tendente,
932 1953 975 1988 et
999 1946 1119 1987 exilio
1146 1947 1454 1988 damnaverunt
1483 1961 1554 1986 eos

81 2002 195 2055 apud
214 2002 409 2043 Athenas.
468 2002 552 2042 duo
581 2010 720 2044 autem
749 2004 931 2058 patricii,
952 2004 1195 2045 Stauracius
1224 2004 1382 2046 seilicet
1405 2008 1446 2043 et
1470 2006 1553 2042 Ae-

79 2059 177 2109 tius,
213 2058 289 2113 qui
319 2058 458 2100 dilecti
486 2074 570 2101 esse
598 2061 879 2102 noscebantur
918 2061 1225 2114 imperatricis,
1255 2061 1357 2101 facti
1385 2065 1481 2100 sunt
1509 2059 1551 2098 in

79 2115 332 2155 alterutrum
361 2115 513 2167 hostes,
542 2116 601 2157 ita
631 2124 679 2157 ut
707 2117 969 2158 inimicitiam
1001 2118 1217 2159 manifeste
1248 2121 1548 2163 monstrarent,
1566 2128 1601 2163 p.
1622 2114 1691 2152 734

79 2171 204 2211 ambo
236 2170 514 2212 intentionem
555 2172 756 2215 habentes
790 2181 888 2229 post
915 2181 1101 2216 mortem
1140 2176 1227 2216 eius
1257 2173 1444 2227 cognatis
1469 2171 1551 2212 suis

79 2227 305 2282 imperium
338 2229 599 2284 acquirendi.

188 2307 313 2346 Anno
355 2306 523 2361 imperii
551 2308 732 2349 Heirene
761 2308 943 2350 secundo
979 2307 1218 2349 Abimelecb
1250 2307 1374 2347 exivit
1400 2311 1552 2346 contra

79 2360 340 2413 Romaniam,
371 2370 414 2403 et
441 2363 562 2403 misso
592 2365 884 2418 expeditorum
912 2367 1081 2406 incursu
1109 2364 1320 2405 descendit
1341 2377 1470 2417 usque
1498 2360 1556 2402 ad

78 2418 310 2472 Magalina,
342 2426 385 2460 et
413 2434 728 2474 praeoccupans
758 2423 797 2461 in
827 2422 994 2462 stabulis
1023 2421 1229 2462 Stauracii
1258 2434 1386 2474 equos
1413 2419 1551 2472 impe-

80 2475 244 2514 ratorio
282 2476 487 2530 equitatui
516 2484 636 2530 aptos
664 2478 755 2518 siue
783 2478 960 2520 laesione
991 2493 1180 2519 reversus
1209 2484 1294 2523 est;
1326 2482 1367 2515 et
1396 2473 1551 2528 reliqui

81 2530 390 2572 descenderunt
442 2548 575 2588 usque
630 2533 805 2589 Lydiam
825 2565 839 2586 ‚
881 2541 924 2575 et
972 2535 1147 2576 multam
1199 2532 1410 2573 consecuti
1454 2535 1553 2571 sunt

81 2587 298 2641 praedam.

192 2657 335 2697 Mense
363 2673 466 2698 vero
494 2658 651 2698 Martio
679 2659 878 2713 septimae
907 2659 1145 2699 indictionis
1177 2656 1310 2695 voluit
1337 2654 1551 2695 Acamirus

79 2710 372 2753 Sclavinorum
389 2714 590 2755 Belziciae
618 2715 815 2769 princeps
844 2715 1028 2769 pulsatus
1057 2715 1107 2753 ab
1127 2711 1345 2752 Helladicis
1374 2710 1554 2752 educere

80 2765 184 2806 filios
199 2769 475 2821 Constantini,
505 2778 548 2811 et
574 2785 622 2811 ex
652 2772 707 2811 eis
725 2785 981 2825 promovere
1010 2772 1323 2823 imperatorem.
1352 2783 1447 2808 cum
1477 2783 1552 2808 an-

82 2829 166 2863 ter‘n
195 2824 278 2866 hoc
306 2829 567 2882 cognovisset
595 2828 839 2883 imperatrix
868 2828 1062 2877 Heirene‚
1094 2826 1223 2867 mittit
1250 2825 1302 2867 ad
1328 2825 1553 2879 patricium
