1768 3268
237 222 298 267 18

286 343 361 368 nus
377 333 418 368 et
434 327 509 367 diis
526 327 619 367 suis.
680 327 809 367 iratus
832 340 933 366 vero

286 386 384 425 deus
436 384 574 424 leones
629 381 740 423 misit
791 397 934 422 come-

285 455 402 481 suros
428 456 512 481 eos.
584 455 670 497 quo
712 446 932 494 comperto

283 513 368 548 rex,
409 498 481 552 qui
514 497 602 538 illos
637 497 932 548 transtulerat,

282 569 489 609 causaque
505 554 685 609 cognita,
708 554 861 594 direxit
877 553 932 594 eis

282 626 412 651 unum
443 626 488 651 ex
512 612 683 666 captivis
703 610 933 651 sacerdoti-

280 668 357 708 bus
378 667 515 719 lsrael,
548 669 620 723 qui
635 682 779 708 secum
798 672 930 718 erant,

280 724 412 780 legem
454 724 692 766 docturum.
760 725 833 780 qui
859 738 931 764 so-

277 780 366 821 lum
398 781 458 821 his
480 797 587 836 quae
606 797 628 821 a
649 782 794 837 Moyse
823 796 930 835 pro-

278 837 360 878 lata
406 844 501 878 sunt
532 838 739 892 acceptis,
771 838 930 879 servie-

276 895 380 935 bant
410 894 513 947 deo,
543 896 594 935 ab
627 894 747 935 idolis
780 901 823 935 et
853 894 928 935 diis

278 951 359 992 suis
396 952 565 992 minime
597 950 854 993 recedentes.
887 957 929 992 et

278 1008 329 1049 ab
361 1007 419 1048 his
449 1014 544 1049 sunt
563 1009 635 1064 qui
654 1023 765 1049 nunc
780 1009 927 1049 Sama-

277 1065 385 1105 ritae
403 1066 681 1120 appellantur,
696 1066 926 1106 Pentateu-

277 1121 402 1162 chum
442 1122 575 1178 Moysi
617 1128 782 1162 tantum
812 1123 922 1164 reci..

274 1179 434 1274 pielntes
463 1186 504 1220 et
522 1179 692 1220 minime
708 1185 923 1220 coutentes

276 1237 323 1275 Iu
354 1238 450 1275 aeis.

219 1309 261 1348 E
261 1319 278 1349 t
303 1317 491 1365 quotquot
526 1308 672 1348 summi
703 1308 923 1349 sacerdotes

337 1367 514 1418 ficerunt
541 1367 585 1405 in
626 1365 779 1405 Israe'l.

217 1439 355 1478 Aaron
397 1439 593 1492 septimus
623 1437 674 1478 ab
707 1438 920 1480 Abraham

274 1494 376 1535 duos
411 1495 513 1535 filios
536 1494 774 1550 dereliquit,
797 1495 920 1538 Elea—

271 1566 355 1602 zar,
387 1559 428 1592 et
451 1551 646 1594 ithamar.

215 1608 400 1658 Eleazar,
430 1609 504 1648 sub
521 1623 605 1663 quo
622 1608 841 1649 defunctus
859 1614 920 1649 est

273 1667 447 1721 Moyses,
469 1671 509 1706 et
523 1665 760 1706 distributio
776 1672 918 1708 terrae

268 1735 347 1774 per
374 1727 506 1762 sortes
536 1723 643 1762 facta
672 1728 732 1762 est
761 1739 782 1762 a
813 1725 916 1774 Iesu,

271 1785 313 1818 et
344 1779 660 1819 tabernaculum
689 1780 915 1821 testimonii

274 1835 395 1875 fixum
426 1842 484 1875 est
514 1835 554 1875 in
594 1850 749 1876 eremo.

214 1892 389 1932 Phinees
427 1891 532 1932 filius
573 1893 782 1945 Eleasari,
821 1908 917 1934 cum

271 1948 500 1989 senioribus
518 1950 776 2004 populorum
805 1950 916 1991 iudi-

273 2020 383 2056 cans,
412 2004 455 2045 3.

216 2062 354 2102 A'biud
377 2060 589 2113 Meehiosi,
620 2058 664 2102 4.

218 2119 383 2169 Achsto,
411 2119 486 2157 snb
520 2133 604 2173 quo
633 2119 811 2171 Samuel,
844 2119 883 2161 5.

216 2175 307 2214 Heli
340 2189 387 2215 ex
405 2175 603 2226 lthamar,
634 2173 672 2215 ὃ.

217 2230 434 2282 Abiathar‚
462 2231 534 2286 qui
562 2246 654 2271 cum
679 2232 827 2283 David,
857 2232 898 2275 7.

87 2303 120 2338 p.
135 2292 197 2327 761
219 2288 342 2328 ladoc
372 2288 424 2328 de
454 2287 580 2327 domo
611 2287 793 2343 Eleazar,
821 2289 860 2330 8.

216 2345 430 2384 Achimaas
461 2344 604 2385 Azaria
625 2345 847 2398 Samariae,
876 2345 914 2386 9.

217 2405 296 2442 Aza
305 2402 394 2452 rias,
411 2401 483 2456 qui
500 2407 681 2455 propter
694 2403 827 2443 zelum
849 2403 915 2443 dei

273 2457 428 2498 occisus
463 2464 545 2507 est,
580 2456 645 2498 10.

215 2515 393 2564 Ami-ias,
428 2514 502 2569 qui
524 2514 638 2554 Ozan
661 2514 712 2554 ab
732 2514 917 2569 ingressu

271 2572 313 2610 in
346 2577 485 2611 sancta
525 2577 767 2611 sanctorum
810 2587 916 2626 pro„

271 2627 421 2678 hibuit,
455 2626 521 2666 11.

215 2683 348 2736 Urias,
377 2684 447 2738 qui
477 2682 589 2737 apud
618 2683 781 2725 Esaiam
814 2685 918 2726 fide-

272 2740 317 2780 lis
346 2739 558 2790 scribitur,
579 2739 646 2780 12.

214 2795 389 2836 Somnas
422 2811 600 2850 nequam
625 2803 665 2838 et
682 2797 916 2840 luxuriosus

268 2852 345 2893 sub
374 2851 550 2893 Ezechia
583 2868 704 2910 rege,
739 2853 803 2894 13.

659 222 943 264 ANASTASll
987 221 1251 264 HISTORIA

1000 325 1169 366 Eleaein
1199 325 1304 375 Sele,
1340 321 1404 364 14.

1002 383 1207 434 Chalcias,
1239 382 1309 437 qui
1341 381 1418 421 sub
1451 381 1557 422 Iosia
1596 396 1708 438 rege,

1001 498 1169 547 Soreas,
1202 495 1274 551 qui
1304 493 1344 535 in
1369 493 1709 549 captivitateBa-

1054 553 1274 610 byloniae,
1314 567 1439 608 quem
1496 551 1709 593 interfecit

1055 609 1478 660 Nabuchodonosor,
1503 606 1572 649 16.

998 667 1218 716 Iosodech‚
1254 663 1380 722 que'm
1406 665 1602 706 Ezechiel
1633 667 1708 706 Sa-

1054 724 1135 765 doc
1170 725 1372 763 nominat.
1401 722 1470 762 hic
1501 728 1593 763 erat
1623 724 1707 763 Ba..

1050 782 1248 838 byloniae
1278 781 1319 820 in
1348 779 1606 835 captivitate.
1642 779 1705 820 17.

996 841 1103 880 Iesus
1141 839 1248 879 filius
1280 838 1389 888 eius,
1433 836 1507 892 qui
1538 836 1706 878 rediens

1051 897 1255 951 templum
1286 893 1547 946 aedificavit,
1583 894 1651 936 18.

996 954 1135 994 Ioacin
1172 953 1368 1002 Eliasum,
1401 949 1468 991 19.

995 1010 1171 1061 10d0he‚
1201 1010 1276 1049 sub
1301 1023 1387 1064 quo
1416 1007 1602 1049 Neernias
1632 1022 1703 1049 re-

1049 1067 1284 1107 aedificavit
1311 1066 1547 1117 Ierusalem,
1579 1064 1646 1106 20.

995 1126 1111 1175 ioan,
1148 1123 1218 1164 21.

993 1180 1062 1220 lad
1091 1181 1167 1221 sub
1203 1177 1423 1222 Alexandri
1461 1178 1703 1221 Macedonis

1055 1251 1204 1292 regno,
1241 1237 1306 1276 22.

988 1294 1116 1335 Onias
1163 1295 1310 1335 Simon
1353 1295 1448 1335 Deo
1501 1293 1751 1348 amabiliS,p.

985 1408 1185 1460 Eleazar,
1213 1408 1288 1448 sub
1321 1422 1407 1463 quo
1442 1407 1702 1463 interpreta-

1043 1472 1111 1506 tae
1140 1470 1237 1505 sunt
1266 1464 1433 1506 divinae
1461 1465 1701 1521 scripturae

1042 1523 1118 1564 sub
1146 1522 1420 1576 Ptolomaeo,
1454 1518 1520 1563 24.

986 1580 1188 1621 Manasses
1223 1580 1365 1631 Onias,
1398 1578 1466 1623 25.

986 1637 1130 1677 Simon
1165 1636 1270 1677 filius
1304 1637 1415 1688 eius,
1458 1635 1575 1678 cuius
1604 1651 1698 1678 me-

1041 1694 1163 1734 minit
1195 1695 1304 1734 Iesus
1338 1694 1444 1734 filius
1475 1693 1623 1735 Sirach
1655 1697 1698 1735 in

1040 1751 1243 1805 sapientia
1276 1766 1362 1803 sua,
1395 1750 1462 1792 26.

983 1808 1058 1850 filii
1089 1808 1295 1849 Simeonis
1323 1814 1432 1859 tres,
1470 1808 1598 1848 Onias
1630 1810 1697 1848 Ia-

1039 1880 1114 1905 son
1156 1872 1198 1906 et
1232 1865 1463 1906 Menelaus.
1529 1866 1596 1906 isti
1630 1866 1696 1905 in-

1040 1923 1173 1963 vicem
1205 1923 1441 1964 resistentes
1486 1922 1538 1963 ab
1582 1923 1695 1963 invi-

1039 1994 1129 2020 cem
1144 1980 1334 2033 periere3
1365 1980 1442 2020 suh
1463 1979 1616 2035 quibus
1651 1986 1695 2020 et

1036 2036 1267 2077 Antiochus
1284 2038 1392 2077 mala
1414 2038 1592 2093 peregit,
1627 2037 1696 2078 in-

1035 2094 1244 2134 terficiens
1279 2095 1530 2136 Menelaum.
1570 2094 1637 2137 27.

979 2150 1161 2190 Alcimus
1191 2150 1421 2206 alienigena
1438 2152 1693 2193 constitutus

1038 2213 1099 2248 est
1136 2208 1186 2248 ab
1220 2209 1435 2249 Antiocho
1479 2223 1564 2264 pro
1603 2211 1694 2250 Me-

1036 2263 1169 2304 nelao.
1204 2264 1271 2306 28.

980 2321 1101 2361 Iudas
1116 2322 1391 2363 Machabaens
1422 2329 1464 2364 et
1495 2322 1692 2364 Ionathas

1037 2384 1078 2418 et
1107 2379 1254 2419 Simon
1281 2381 1432 2421 fratres
1461 2377 1577 2429 eius,
1596 2378 1666 2420 29.

980 2434 1154 2476 Ioannes
1174 2436 1280 2476 filius
1306 2437 1489 2478 Simonis
1516 2436 1692 2478 Macha-

1035 2492 1142 2547 baei‚
1171 2491 1238 2533 30.

980 2560 1243 2601 Aristobolus
1276 2562 1382 2602 filius
1414 2563 1515 2613 eius,
1547 2561 1621 2616 qui
1649 2567 1691 2602 et

1038 2616 1229 2658 diadema
1247 2620 1411 2674 regium
1438 2618 1518 2659 sibi
1549 2618 1690 2673 impo-

1036 2674 1118 2714 suit
1157 2681 1252 2729 post
1289 2675 1569 2716 Alexandnnn
1598 2691 1690 2717 ma-

1037 2736 1145 2772 trem
1179 2748 1307 2784 suam,
1337 2731 1404 2773 31.

983 2799 1180 2850 Ioannes,
1211 2802 1282 2856 qui
1323 2807 1365 2842 et
1396 2802 1616 2851 loanneus,
1646 2805 1690 2840 et

1037 2857 1264 2911 Hyrcanas.
1293 2857 1409 2899 hunc
1428 2858 1565 2903 frater
1593 2872 1688 2899 suus
