1728 3242
567 184 639 227 Ex
675 182 1022 226 Tumrlmnss.
1426 177 1486 225 2¹
1495 177 1524 223 5

66 299 164 351 post
189 295 335 351 generi
373 296 437 337 sui
474 296 694 339 Artabasdi
736 297 1006 339 rebellionem
1034 310 1129 337 cum
1156 295 1378 351 imperium
1409 295 1525 337 obti-

66 352 233 404 nuisset‚
258 352 372 394 bunc
398 352 654 394 Anastasium
679 367 841 394 caesum
857 358 899 394 et
927 367 1021 393 cum
1041 352 1127 393 aliis
1155 352 1327 393 inimicis
1358 351 1399 392 in
1417 351 1526 406 Hip-

63 406 336 463 podromium
376 423 455 463 per
487 408 702 464 Diippium
743 409 983 464 ingressum,
1025 408 1184 448 nudum
1212 422 1338 462 super
1365 407 1524 449 asinum

64 478 186 506 verso
221 462 339 505 vultu
362 464 572 506 sedentem
607 466 836 519 pompavit,
867 480 918 506 eo
948 463 1063 520 quod
1091 463 1167 504 sibi
1198 478 1278 505 una
1310 478 1405 504 cum
1436 463 1524 503 aliis

63 520 240 562 inimicis
272 521 379 562 mala
407 521 536 563 fuerit
575 520 827 576 imprecatus
858 527 900 562 et
930 519 1206 562 Artabasdum
1239 520 1524 572 coronaverit,

64 576 173 618 sicut
216 575 258 617 in
299 591 375 618 suo
406 575 660 618 indicabitur
700 577 805 618 loeo.
864 582 906 619 et
935 577 1121 633 Byzantii
1161 575 1327 632 quidem
1357 589 1524 631 propn-

93 637 217 673 nator
246 646 328 687 pro
360 631 619 689 dogmatibus
657 633 819 688 pietatis
853 647 972 674 sacer
1001 631 1070 673 hic
1102 637 1144 673 et
1174 631 1358 686 egregius
1387 631 1523 686 polle-

61 646 137 730 iiat
166 689 409 740 Germanus,
438 703 514 730 ceu
542 694 689 729 contra
721 689 870 731 bestias
909 703 1095 744 pugnans
1126 687 1319 729 adversus
1349 687 1523 743 ferony-

61 759 177 785 mum
192 746 225 795 *)
258 744 368 786 bunc
384 746 565 786 Leonem
595 751 637 786 et
661 746 845 786 fautores
873 745 969 786 eius.
1014 745 1053 786 in
1082 743 1247 785 Seniori
1276 758 1376 783 vero
1388 743 1521 784 Roma

63 799 307 856 Gregorius,
334 801 628 842 sacratissimus
659 801 724 842 vir
738 802 1001 857 apostolicus,
1031 807 1071 842 et
1090 800 1205 842 Petri
1223 800 1387 841 verticis
1416 813 1523 854 apo-
1583 848 1594 859 ο

59 856 266 897 stolorum
305 869 519 898 consessor
554 857 685 898 verbo
724 863 765 898 et
804 863 899 898 actu
944 871 1191 909 coruscans,
1238 855 1310 912 qui
1343 855 1524 896 removit

59 912 234 953 Romam
260 918 303 954 et
337 912 511 963 ltaliam,
540 927 619 954 nec
645 927 730 954 non
750 918 792 954 et
819 913 957 954 omnia
988 920 1073 954 tam
1098 913 1158 953 rei
1179 908 1372 967 publicae
1398 926 1522 967 quam
1538 930 1572 966 p.
1588 920 1660 956 629

59 969 254 1010 ecclesiae
281 968 374 1009 iura
417 968 458 1009 in
487 969 723 1024 Hesperiis,
755 970 806 1010 ab
847 969 1083 1011 obedientia
1111 969 1259 1009 Leonis
1288 973 1330 1008 et
1357 967 1523 1022 imperii

57 1025 134 1066 sub
162 1025 251 1079 ipso
283 1024 514 1066 constituti.
570 1039 704 1079 porro
738 1025 776 1065 in
807 1026 927 1082 Syria
957 1040 1084 1080 penes
1114 1026 1359 1065 Damascum
1399 1026 1524 1066 loan-

59 1095 129 1122 nes
157 1082 330 1122 Μουσω-
370 1081 591 1136 presbyter
636 1087 678 1122 et
715 1082 970 1131 monachus,
1000 1086 1280 1136 cognomento
1312 1081 1523 1137 Chrysor-

58 1150 167 1189 roas,
197 1135 351 1178 doctor
381 1137 563 1193 optimus
603 1137 684 1177 vita
714 1144 755 1177 cet
787 1138 916 1179 verbo
947 1138 1175 1192 praefulsit.
1233 1151 1382 1178 verum
1412 1139 1522 1177 Ger-'-

57 1207 230 1235 manum
256 1198 405 1247 utpote
444 1193 521 1235 sub
549 1207 591 1234 se
620 1194 892 1234 constitutum
937 1209 958 1233 a
987 1193 1143 1234 throno
1173 1192 1303 1247 pellit.
1360 1194 1526 1248 Grego-

58 1250 143 1291 rius
172 1254 309 1291 autem
339 1263 419 1304 per
445 1248 638 1304 epistolas
668 1264 779 1300 cum,
809 1265 917 1305 quae
945 1250 1083 1291 multis
1105 1255 1355 1300 suntnotae,
1386 1249 1523 1290 mani-

58 1306 160 1346 feste
188 1303 416 1360 redarguit.
485 1304 556 1347 sed
585 1312 627 1346 et
662 1306 834 1347 loannes
875 1306 986 1346 bunc
1015 1321 1110 1346 cum
1140 1305 1326 1345 Orientis
1358 1305 1524 1360 episco-

57 1361 120 1416 pis
159 1360 489 1403 anathematibus
524 1361 724 1402 subdidit.
798 1376 931 1416 porro
974 1363 1151 1417 septimo
1195 1360 1284 1401 idus
1317 1361 1524 1402 lanuarias

58 1416 243 1459 decimae
271 1417 423 1459 tertiae
452 1416 702 1469 indictionis,
734 1419 859 1459 tertia
890 1417 1006 1468 feria,
1037 1418 1185 1471 impius
1201 1419 1286 1458 Leo
1314 1417 1524 1458 silentium

55 1480 207 1515 contra
248 1487 384 1515 sacras
428 1480 472 1514 et
506 1474 760 1515 venerabiles
793 1474 1018 1515 celebravit
1053 1474 1193 1515 iconas
1225 1473 1264 1513 in
1293 1473 1522 1515 tribunalio

56 1529 200 1571 decem
231 1536 274 1571 et
296 1544 447 1571 novem
467 1530 748 1583 accubituum,
778 1530 985 1571 advocato
1009 1544 1179 1585 quoque
1198 1535 1240 1571 et
1267 1530 1523 1575 sanctissimo

54 1584 294 1640 patriarcba
324 1587 547 1637 Germano,
583 1592 694 1626 ratus
721 1601 764 1626 se
796 1601 914 1640 posse
944 1586 999 1626 illi
1030 1585 1282 1640 persuadere
1308 1600 1394 1641 quo
1422 1585 1524 1626 sub..

52 1642 258 1683 scriberet
285 1650 433 1683 eontra
471 1648 630 1683 sanctas
658 1643 807 1683 iconas.
871 1642 942 1683 sed
973 1647 1016 1683 et
1047 1642 1166 1682 fortis
1197 1642 1351 1683 Christi
1381 1655 1522 1683 servus

56 1698 289 1740 nuliatenus
319 1698 581 1754 acquiescens
597 1698 827 1740 detestabili
859 1698 1110 1740 cacodoxiae
1140 1698 1278 1753 ipsius,
1302 1713 1397 1740 cum
1428 1713 1522 1739 ver..

54 1755 155 1795 bum
186 1754 371 1795 veritatis
402 1761 516 1797 recte
553 1755 791 1807 direxisset,
818 1754 1129 1796 abrenuntiavit
1151 1770 1355 1796 summum
1383 1769 1519 1795 sacer-

55 1811 231 1861 dotium,
262 1811 430 1853 tradens
458 1811 655 1866 pallium,
685 1817 728 1852 et
756 1818 853 1866 post
888 1811 1039 1852 multos
1068 1825 1277 1852 sermones
1306 1810 1521 1852 didascali-

54 1881 125 1908 cos
157 1866 298 1908 dicens
326 1867 387 1907 “si
432 1882 508 1923 ego
546 1882 640 1909 sum
676 1868 821 1918 Ionas,
864 1868 982 1909 mitte
1010 1882 1078 1909 me
1106 1867 1146 1907 in
1179 1882 1307 1908 mare.
1365 1867 1522 1922 absque

54 1922 274 1964 universali
303 1923 462 1979 quippe
488 1923 650 1979 synodo
682 1924 883 1965 innovare
910 1923 1033 1965 fidem
1060 1923 1311 1979 impossibile
1333 1923 1432 1963 mibi
1461 1927 1522 1963 est

52 1978 282 2019 secundum
322 1980 593 2034 apostolicam
635 1986 678 2022 et
705 1988 924 2035 paternam
955 1980 1240 2032 traditionem,
1270 1994 1295 2020 o
1335 1980 1522 2034 impera-

55 2037 165 2075 tor.''
197 2041 240 2076 et
270 2034 410 2076 abiens
442 2035 494 2077 ad
514 2037 655 2078 locum
682 2036 756 2092 qui
788 2036 945 2077 dicitur
960 2036 1208 2087 Platanium,
1242 2036 1281 2076 in
1314 2034 1518 2090 parentali
1533 2050 1566 2085 p.
1580 2037 1650 2072 630

58 2092 185 2131 domo
216 2105 289 2131 sua
316 2091 447 2145 quieti
473 2106 644 2146 operam
663 2091 791 2139 dedit,
812 2107 974 2133 summo
1002 2092 1242 2133 sacerdotio
1259 2094 1422 2132 functus
1441 2107 1520 2132 an-

56 2147 117 2187 nis
133 2147 469 2202 quatuordecim,
489 2149 693 2189 mensibus
711 2150 911 2204 quinque,
928 2148 1070 2188 diebus
1087 2156 1256 2202 septi-m.
1281 2163 1415 2202 porro
1437 2162 1520 2187 un-

54 2202 215 2244 decimo
240 2202 318 2243 kal.
333 2203 583 2244 Februarias
613 2211 759 2245 creant
788 2204 876 2244 falsi
909 2204 1084 2245 nominis
1098 2206 1366 2254 Ananias-ium,
1395 2203 1520 2243 ‹lisci-

53 2259 199 2313 pulum
227 2273 276 2299 ac
313 2259 539 2314 syncellum
570 2260 751 2301 eiusdem
792 2260 903 2302 beati
934 2262 1158 2311 Germani,
1192 2260 1519 2301 confflnticntem

51 2315 201 2356 Leonis
230 2315 432 2369 impietati
457 2323 637 2370 propter
667 2332 853 2357 amorem
874 2316 1132 2372 principatus
1164 2317 1375 2366 mundani,
1407 2314 1519 2355 bunc

31 2371 95 2416 ‚in
125 2371 497 2426 pseudepiscopuin
522 2372 942 2428 constantinopoleos
972 2373 1260 2428 provehentes.
1292 2387 1389 2412 sane
1405 2374 1518 2411 Gre-

51 2427 194 2482 gorius
231 2427 506 2468 sanctissimus
548 2430 710 2483 praesul
754 2430 988 2480 Romanus,
1017 2429 1364 2485 quemadmodum
1396 2442 1519 2480 prae..

53 2483 155 2534 dixi,
185 2484 440 2525 Anastasiurn
470 2499 550 2524 una
577 2499 671 2525 cum
701 2485 846 2526 libellis
883 2486 1060 2536 abiecit,
1096 2487 1278 2525 Leonem
1318 2498 1396 2537 per
1423 2484 1515 2536 epi-

51 2540 176 2581 stolas
220 2546 419 2596 tanquam
459 2540 583 2595 impie
621 2548 809 2597 agentem
851 2541 1114 2597 redarguens,
1149 2547 1190 2581 et
1217 2542 1392 2580 Romam
1420 2553 1516 2580 cum

97 2646 132 2693 *)
155 2644 396 2693 feronymum]
434 2646 546 2678 virum
585 2648 741 2680 nominis
769 2649 838 2681 sui.
906 2647 1061 2681 Rullinns
1101 2647 1276 2689 interpres
1302 2644 1446 2679 Eusebii
1474 2645 1515 2679 tl.

144 2692 184 2726 E.
211 2692 234 2726 6
257 2692 323 2726 31:
350 2692 495 2740 qnidam
537 2694 589 2727 vir
630 2695 783 2739 nominis
825 2696 877 2728 sui
907 2696 1094 2728 Macarius.
1132 2692 1337 2726 Anastasius
1375 2692 1413 2727 in
1441 2693 1514 2737 ny-

146 2750 269 2785 pomn.
298 2741 343 2773 de
370 2744 488 2774 Anast.
517 2753 654 2786 apocr.:
681 2743 743 2788 qui
770 2749 810 2776 ut
831 2754 914 2777 vete
940 2744 976 2776 iu
1003 2743 1138 2775 cunctis
1166 2740 1418 2786 pheronymus,
1443 2741 1514 2775 Eu-

147 2798 276 2833 prepes
301 2789 504 2823 nominatus
529 2795 595 2823 est.
646 2790 749 2825 Fun,
