1728 3184
672 183 871 227 NOTAE
1383 185 1481 231 553

20 298 258 340 revocanda
279 297 332 339 de
346 303 482 338 statua
510 298 654 339 eadem
684 299 792 353 orig.
807 300 889 343 CP.
921 300 1034 340 [ocus
1054 302 1153 341 alius
1176 302 1243 343 hic
1270 303 1485 344 elucidan-

21 355 110 395 dns.
135 354 299 406 ἵστατο,
326 354 561 421 inquiunt,
589 369 660 395 και
699 354 832 408 στήλη
871 351 896 409 ἦ
924 357 1064 410 λιθίνη
1090 357 1350 412 Ἐλευθῑρίου
1380 359 1485 412 α’ση-

20 409 176 479 κρήτου
208 410 402 479 φέρουσα
431 407 502 451 ἐπὶ
527 425 655 462 ωμων
683 410 924 462 καπούλιον,
954 412 1028 453 καί
1052 413 1179 453 πτύον
1202 415 1248 454 ἐν
1276 415 1328 471 τῇ
1354 415 1483 468 χειρί,

19 463 244 520 ἀμφότερα
276 464 446 506 λίθινα·
504 467 727 507 Elemlzerzi
762 482 791 507 a
815 472 971 508 secretis
997 478 1130 509 statua
1154 458 1322 525 lapidea
1346 481 1486 512 erecta

2 524 99 576 ficit
119 522 313 574 jer-endis
353 523 541 564 oneribus
575 533 755 578 sportam
790 525 1039 564 dossaanam
1076 541 1119 565 ιη
1147 527 1334 579 humeris,
1364 542 1487 568 manu

18 593 120 620 vero
138 579 326 619 baallum
342 594 493 633 gemus,
520 589 686 636 utraque
712 581 912 637 lapidea.-
942 581 1058 636 quasi
1091 596 1317 637 ope1arum
1347 583 1486 624 labori

23 635 220 687 intentus,
251 649 430 676 onerum
457 650 630 692 quoque
658 651 829 677 consors
855 638 990 678 fieret.

138 712 334 779 723,17.
391 709 628 769 προβάτου]
670 712 881 770 πρόβατον
906 711 1122 770 προβάτου
1151 715 1253 757 dicit
1280 717 1490 758 recentior

26 773 223 812 Graecia.

135 842 334 895 726,15.
390 843 466 885 τοῦ
499 845 725 896 βασιλικοῦ
760 844 1024 900 ἐργοδοσίου]
1055 845 1198 900 palatii
1230 846 1310 886 CP.
1341 861 1387 887 ea
1415 846 1494 886 fuit

25 900 284 965 amplitudo,
313 907 361 942 ut
388 902 523 956 regios
556 902 727 966 opifices
757 908 958 956 caperet,
990 902 1129 957 quales
1161 902 1493 944 Christianissimi

27 958 133 1012 regis
161 958 415 1011 Luparenses
451 958 638 1013 porticus
668 958 975 1024 typographoS,
1001 959 1197 1013 pictores,
1210 959 1494 1024 phrygiones,

25 1013 280 1069 sculptores,
322 1015 542 1066 aurifices,
583 1022 625 1056 et
666 1015 907 1055 ἰηηιιιιιειοε
943 1015 1220 1056 huiusmodi
1209 1016 1377 1070 ingenio
1404 1031 1496 1056 ma-

29 1085 243 1125 unumque
280 1071 479 1126 operibus
521 1087 568 1112 ex
607 1074 748 1127 quavis
791 1073 961 1112 natione
1006 1073 1207 1181 colier
1240 1079 1497 1127 praestantes

28 1127 140 1166 viros
168 1132 316 1182 tegunt
354 1133 396 1168 et
425 1128 648 1182 recipiunt.
712 1126 929 1180 βασιλικὸν
967 1142 1109 1169 omnin
1185 1134 1227 1169 et
1254 1135 1496 1170 exterorum

28 1183 308 1225 admiratione
337 1183 510 1239 dignum
541 1182 796 1238 ἐργοδόσιον.

140 1262 250 1303 Ibid.
303 1260 705 1317 χρυσοκλαβαρίων]
738 1264 854 1319 quasi
881 1264 1198 1304 auriclavalores
1217 1263 1341 1314 dicas,
1372 1263 1499 1319 magis

28 1319 207 1374 proprie
224 1319 485 1374 Phrygiones,
517 1320 588 1375 qui
609 1320 788 1360 clavatas
818 1335 923 1361 auro
944 1321 1151 1375 variisque
1184 1320 1396 1361 coloribus
1423 1335 1498 1361 ve-

28 1383 110 1416 stes
141 1376 334 1440 pingunt.
365 1376 618 1417 vocabulum
645 1377 770 1417 fusius
803 1377 855 1417 ad
885 1376 1093 1417 Codinum
1122 1377 1358 1432 exponitur.
1387 1391 1500 1443 χρυ..

27 1427 313 1483 σοκλαδάριον
328 1434 454 1474 etiam
483 1433 564 1473 dici
584 1447 715 1486 posse,
747 1448 822 1474 ceu
843 1434 913 1489 qui
946 1434 1162 1473 materiam
1190 1437 1370 1486 χρυσοῖς
1396 1429 1502 1474 κλά-

30 1488 143 1539 δοις,
185 1488 327 1553 figuris
365 1495 408 1530 et
438 1490 560 1529 ramis
589 1505 691 1530 auro
721 1489 854 1530 ductis
894 1497 1042 1531 oneret
1071 1495 1113 1530 et
1141 1497 1279 1533 ornet.
1333 1502 1500 1542 χρυσο-

28 1541 310 1597 μαγκλάριον,
342 1552 385 1586 et
421 1544 939 1598 χρυσομαγκλαβαριστὴν
969 1547 1162 1587 rudiores
1191 1546 1501 1601 pronuntiant:

31 1607 75 1640 at
107 1616 189 1640 non
238 1602 409 1641 omnino
456 1604 630 1642 rustice:
672 1602 978 1654 μαγκλαβιζειν
1024 1604 1134 1643 enim
1169 1618 1264 1643 eum
1302 1611 1497 1659 torquere,

30 1658 225 1711 cffltgeoe,
256 1665 299 1698 et
326 1672 494 1699 onerare
525 1660 695 1707 referat,
729 1674 853 1714 quam
884 1674 990 1700 auro
1020 1659 1303 1715 coloratisque
1331 1659 1407 1699 filis
1436 1673 1503 1699 se-

34 1715 162 1754 ricam
195 1714 258 1755 vel
290 1716 448 1755 laneam
478 1722 629 1755 vestem
659 1722 831 1770 tegant,
864 1717 1061 1767 lacerent,
1090 1716 1234 1772 figuris
1265 1716 1383 1771 quasi
1408 1717 1501 1771 pla-

31 1771 90 1827 gis
121 1771 315 1822 afficiant,
344 1778 386 1812 et
409 1773 643 1823 immutent,
678 1788 759 1812 non
791 1773 1066 1829 incognitum.

142 1845 251 1885 Ibid.
284 1843 348 1886 16.
410 1846 673 1910 χροιισίωνα]
712 1845 876 1886 officina
914 1862 999 1911 qua
1026 1861 1175 1887 aurum
1206 1846 1249 1886 in
1282 1845 1351 1886 fila
1376 1859 1504 1900 prae-

30 1908 220 1956 paratur.
277 1902 439 1943 suavius
473 1900 681 1957 χρουσὸν,
712 1918 837 1958 quam
863 1899 1028 1956 χρυσὸν
1054 1902 1184 1944 hodie
1209 1902 1502 1958 pronuntiant.

146 1974 241 2026 727,
267 1974 310 2015 6.
366 1975 519 2026 μέλανι
549 1975 753 2032 κεντητιῦ]
786 1976 1022 2031 puncturis,
1050 1990 1216 2017 necnon
1245 1975 1425 2016 caesuris
1461 1975 1503 2015 in

30 2030 248 2072 literarum
290 2033 440 2088 figuras
477 2032 611 2073 ductis
653 2048 887 2088 respersum
915 2033 982 2074 vel
1021 2034 1229 2083 infusum,
1255 2034 1504 2097 pulvereum

31 2088 97 2128 vel
129 2065 344 2144 liquidum
362 2095 655 2141 atramentum,
675 2089 881 2131 humanae
908 2090 995 2130 cuti
1011 2090 1269 2144 scripturam
1298 2087 1504 2144 imprimit

34 2145 148 2185 nullo
178 2153 372 2200 tempore
401 2146 630 2186 delendam.

146 2223 309 2276 2812.
365 2225 634 2280 κομμέρκιον]
675 2226 856 2279 vectigal
891 2226 1087 2267 mercibus
1113 2225 1363 2282 impositum.-
1391 2221 1502 2262 Por-

31 2280 125 2321 tius.
183 2281 278 2323 vide
310 2282 493 2336 exempla
526 2283 638 2336 apud
668 2283 917 2323 Meursium.

145 2361 255 2404 Ibid.
284 2360 326 2401 3.
394 2360 471 2401 τοῦ
498 2361 780 2416 παναγυριόυ]
822 2361 1023 2402 nundinas
1062 2374 1158 2400 cum
1186 2355 1401 2398 Anastasio
1430 2354 1505 2404 ‚in-

33 2422 267 2472 terpretor.

145 2496 260 2538 Ibid.
315 2491 560 2551 ἐκούφισεν]
603 2495 767 2537 sustulit
797 2497 992 2550 omnino,
1022 2494 1088 2535 vel
1116 2508 1162 2535 ex
1191 2497 1314 2548 parte
1341 2488 1506 2533 minuit.

142 2568 249 2610 Ihid.
279 2567 317 2608 5.
392 2563 572 2619 ἔστεψεν
609 2563 639 2607 ὅ
670 2565 874 2620 βασιλεὺς
913 2565 989 2620 τήν
1025 2564 1253 2632 Θεοδότην]
1288 2563 1340 2603 de
1370 2575 1505 2617 pravo

32 2624 299 2665 Graecorum
323 2639 423 2674 usu,
470 2624 543 2680 qui
573 2624 672 2664 dato
705 2624 909 2680 repudio,
940 2624 1003 2664 vel
1032 2623 1136 2662 inito
1174 2621 1215 2661 vi
1246 2626 1318 2660 aut
1355 2625 1507 2674 sponte

31 2679 248 2734 divortio,
278 2680 331 2721 ad
362 2695 488 2721 novas
523 2681 751 2721 convolant
778 2681 957 2735 nuptias,
987 2679 1111 2719 docte
1140 2684 1183 2719 et
1212 2677 1386 2731 copiose
1413 2681 1508 2714 tra·-

31 2737 165 2777 ctavit
181 2737 382 2779 Arcadius
411 2742 506 2777 toto
536 2738 669 2778 ferme
700 2736 751 2778 de
779 2742 1021 2778 sacrament.
1052 2736 1091 2776 in
1123 2740 1303 2804 utraque
1334 2731 1506 2774 ecclesia

33 2794 317 2845 consensione,
350 2794 421 2835 lib.
453 2792 492 2834 7.
