1728 3242
202 198 299 243 222
388 201 668 244 ANASTAsn
710 200 968 243 HISTORIA
1007 198 1423 246 Eccmsms'rlm

202 321 487 364 moverentur,
523 330 606 355 non
636 322 853 371 parcentes
886 316 937 355 ad
979 314 1167 365 caedem,
1199 320 1240 352 et
1280 313 1667 357 immisericorditer

203 373 387 411 alternae
415 372 610 412 stationes
641 384 689 411 ac
713 372 857 412 (lomus
887 371 1219 412 incenderentur.

315 429 427 468 Inter
456 432 489 479 *)
520 428 621 469 haec
665 435 803 468 autem
837 434 878 467 et
916 427 1149 467 huiusmodi
1181 424 1413 479 Stephanus
1442 441 1552 481 papa
1580 427 1667 469 Ro-

201 499 345 525 manus
377 484 505 524 multa
535 485 640 524 mala
674 485 726 524 ab
767 484 996 538 Austulpho
1031 497 1127 536 rege
1158 482 1537 536 Longobardorum
1568 499 1668 538 per·

201 554 339 595 pessus
369 540 422 581 ad
463 541 648 581 Francos
690 541 879 594 confugit
917 540 993 580 sub
1032 539 1215 592 Pipino,
1247 539 1320 594 qui
1351 540 1487 580 maior
1519 540 1668 580 domus

202 602 294 637 erat
321 602 363 637 et
403 597 557 650 primas
604 598 643 636 in
690 597 874 637 omnium
914 595 1182 649 dispositione
1219 609 1363 635 rerum
1405 596 1668 636 Francorum

202 653 356 707 gentis,
392 653 539 707 quibus
585 652 777 693 videlicet
818 652 917 692 olim
958 651 1086 691 moris
1133 658 1226 691 erat
1267 651 1506 704 dominum,
1537 652 1578 692 id
1608 659 1669 693 est

203 724 344 764 regem
372 723 511 759 suum,
543 708 767 750 secundum
808 721 931 762 genus
970 706 1224 762 principari,
1265 713 1306 748 et
1349 708 1407 748 nil
1451 723 1573 764 agere
1602 709 1667 750 vel

203 765 426 819 disponere
446 780 570 819 quam
586 764 931 804 irrationabiliter
946 764 1070 804 edere
1094 770 1136 804 et
1167 764 1328 815 bibere,
1349 764 1550 820 domique
1575 779 1669 805 mo-

206 823 308 872 rari,
337 829 379 862 et
403 821 582 861 kalendis
594 821 689 861 Maii
716 819 949 875 praesidere
975 834 1118 860 coram
1146 825 1236 860 tota
1262 826 1397 876 gente,
1426 828 1467 862 et
1487 823 1670 862 salutare

207 878 298 918 illos
329 883 370 916 et
399 877 567 918 salutari
588 878 638 917 ab
662 877 750 928 illis,
772 884 812 917 ct
845 876 1041 931 obsequia
1069 876 1188 917 solita
1219 877 1400 932 impensa
1432 879 1670 932 percipere,

207 940 249 974 et
290 934 365 973 illis
402 934 509 973 dona
541 933 784 988 rependere,
814 938 855 973 et
879 933 938 972 sic
965 947 1105 973 secum
1138 948 1270 988 usque
1301 933 1353 973 ad
1371 934 1495 974 alium
1511 935 1668 974 Maium

203 990 407 1039 habitare,
433 989 593 1029 -habcre
625 995 761 1029 autem
782 989 984 1029 maiorem
1011 988 1157 1029 domus
1189 990 1362 1031 consilio
1393 1005 1467 1030 suo
1493 997 1534 1031 et
1565 1006 1671 1046 gen-

209 1047 261 1086 tis
291 1046 427 1085 omnia
460 1045 724 1086 ordinantem
769 1045 955 1100 negotia:
992 1044 1241 1086 dicebantur
1281 1047 1393 1087 enim
1438 1061 1486 1087 ex
1517 1061 1671 1102 genere

205 1103 275 1142 illo
302 1101 586 1142 descendentes
619 1101 829 1152 cristatae,
863 1100 979 1156 quod
1008 1101 1315 1156 interpretatur
1343 1102 1669 1144 trichorachati:

204 1159 310 1213 pilos
343 1158 450 1198 enim
480 1158 687 1198 habebant
714 1165 830 1198 natos
861 1158 901 1197 in
931 1157 1049 1212 spina
1078 1159 1208 1198 veluti
1230 1160 1369 1213 porci.
1428 1160 1669 1214 praedictus

204 1215 346 1269 itaque
371 1228 479 1267 papa
510 1214 745 1268 Stephanus
778 1214 818 1253 vi
839 1228 1001 1268 pressus
1019 1221 1061 1256 et
1088 1214 1336 1257 crudelitate
1350 1216 1539 1271 Astulphi
1569 1232 1672 1257 coa-

204 1276 306 1322 ctus,
335 1271 452 1309 simul
484 1271 607 1310 etiam
638 1271 689 1311 ab
723 1271 811 1324 ipso
845 1270 1088 1311 adhortatus
1118 1272 1182 1311 irc
1210 1273 1251 1312 in
1282 1273 1506 1313 Franciam
1538 1281 1581 1314 et
1610 1274 1671 1313 fa-

205 1341 300 1367 cere
330 1325 625 1381 quodcumque
655 1332 825 1381 posset,
855 1327 1019 1368 veniens
1051 1328 1247 1382 Pipinum
1290 1329 1503 1383 provehit,
1533 1331 1672 1370 virum

205 1383 245 1423 in
279 1383 468 1423 omnibus
496 1383 846 1437 probatissimum,
878 1384 951 1439 qui
984 1390 1179 1438 praeerat
1210 1381 1311 1425 tunc
1341 1396 1515 1442 quoque
1546 1387 1672 1427 rebus

203 1446 297 1494 post
328 1453 467 1493 regem
495 1446 537 1479 et
567 1439 846 1480 debellaverat
882 1441 1038 1481 Arabes
1057 1472 1068 1492 ,
1099 1441 1171 1496 qui
1199 1442 1251 1482 ab
1283 1443 1421 1482 Africa
1454 1443 1496 1482 in
1526 1444 1673 1496 Hispa-

203 1495 315 1535 niam
343 1501 711 1546 transmeaverant,
739 1497 897 1552 quique
937 1503 1166 1537 tenuerunt
1196 1513 1325 1554 usque
1357 1513 1467 1539 nunc
1501 1499 1675 1540 eandem

202 1552 461 1606 Hispaniam,
484 1558 525 1591 et
543 1553 829 1606 probaverant
847 1553 1043 1607 praeliari
1074 1553 1341 1594 nihilominus
1364 1563 1513 1596 contra
1536 1557 1674 1596 Fran..

203 1622 286 1649 cOS.
344 1608 493 1663 quibus
539 1624 561 1649 e
592 1616 741 1649 contra
788 1609 896 1650 idem
927 1610 1099 1664 Pipinus
1143 1625 1237 1651 cum
1270 1611 1539 1652 multitudine
1570 1606 1675 1652 res'i..

203 1670 324 1713 stens,
346 1665 502 1703 oceidit
529 1665 733 1720 quendam
754 1667 877 1706 etiam
896 1666 1132 1721 principem
1154 1681 1326 1708 eorum:
1357 1668 1674 1709 Abderacln‘nan

204 1720 314 1761 enim
341 1721 445 1759 filius
470 1721 639 1762 Mahuhi
669 1723 955 1777 principatum
987 1723 1107 1764 huius
1138 1725 1308 1764 tenebat
1338 1726 1480 1780 gentis.
1538 1725 1675 1766 inter..

203 1776 303 1817 feeit
337 1782 472 1817 autem
499 1778 616 1818 simul
662 1785 704 1819 et
737 1779 1046 1820 multitudinem
1089 1780 1200 1820 hand
1226 1781 1347 1821 facile
1374 1783 1676 1823 numerabilem

205 1833 314 1873 iuxta
338 1833 589 1874 Rhodanum
619 1834 804 1888 fluvium,
833 1841 874 1876 et
913 1836 1182 1876 admirationi
1209 1837 1404 1890 babetur,
1436 1846 1478 1879 et
1510 1845 1676 1879 amatur

205 1905 229 1929 a
257 1894 391 1944 gente,
423 1905 504 1929 non
537 1891 669 1931 solum
696 1898 875 1946 propter
904 1893 986 1933 hoc
1017 1893 1087 1933 scd
1121 1901 1162 1934 et
1186 1901 1368 1948 propter
1397 1895 1475 1935 alia
1506 1895 1677 1950 praeci-

205 1960 290 2000 pua
320 1952 455 2000 gesta,
487 1952 527 1986 et
565 1948 809 2002 praeficitur
839 1950 954 2003 genti
995 1963 1079 1990 non
1113 1946 1358 2004 ignobiliter
1385 1952 1558 2006 primus,
1587 1953 1677 1992 sol-

210 2008 330 2042 vente
358 2002 513 2044 scilicet
543 2018 635 2045 eum
666 2021 686 2044 a
707 2005 900 2059 periurio
930 2007 972 2046 in
997 2021 1137 2061 regem
1167 2008 1386 2048 commisso
1415 2007 1562 2049 eodem
1578 2010 1676 2049 Ste-

208 2058 373 2113 phan03
406 2059 478 2113 qui
508 2065 550 2099 et
581 2061 763 2102 attondit
793 2061 1050 2103 decessorem
1080 2063 1165 2103 eius
1195 2078 1349 2119 regern,
1381 2070 1423 2105 et
1452 2065 1494 2104 ih
1525 2078 1677 2104 mona-

207 2114 335 2154 sterio
376 2129 470 2154 cum
508 2115 671 2158 honore
710 2125 751 2158 et
790 2119 935 2172 requie
976 2119 1313 2174 circumscripsit.
1394 2121 1464 2161 hic
1501 2121 1676 2176 Pipinus

209 2171 313 2210 duos
343 2171 446 2210 filios
475 2170 647 2225 habuit,
685 2173 882 2214 carolum
919 2175 1075 2217 scilieet
1119 2181 1161 2216 ct
1204 2178 1560 2219 carolomannum
1588 2178 1676 2218 sra-

210 2233 318 2268 trem
345 2227 442 2268 eius.

319 2282 465 2323 Mundi
496 2297 604 2323 anno
633 2282 759 2334 6235,
791 2286 954 2329 divinae
984 2289 1282 2330 incarnationis
1314 2305 1422 2331 anno
1440 2289 1535 2342 735,
1567 2305 1675 2330 anno

209 2353 310 2380 vero
339 2339 504 2393 imperii
536 2339 793 2380 Constantini
824 2345 948 2385 tertio
970 2347 1206 2400 Stephanus
1236 2346 1519 2388 Antiochenus
1546 2346 1678 2387 habe-

209 2402 281 2436 tur
307 2397 488 2436 antistes.
543 2397 741 2450 apparuit
768 2405 906 2439 autem
937 2401 1098 2455 signum
1136 2403 1189 2443 ad
1229 2404 1483 2458 aquilonem,
1505 2411 1546 2444 ct
1574 2403 1678 2444 cinis

210 2452 420 2492 descendit
465 2466 544 2506 per
583 2453 704 2504 loca,
743 2454 956 2509 factusque
999 2465 1059 2498 est
1098 2467 1238 2500 terrae
1276 2466 1413 2500 motus
1445 2460 1485 2500 in
1522 2461 1678 2514 Caspiis

207 2509 354 2562 portis·
413 2509 570 2548 occisus
602 2509 727 2548 ctiam
773 2518 832 2551 cst
857 2512 1010 2553 Vhalid
1040 2516 1091 2555 ab
1124 2516 1358 2568 Arabibus,
1390 2517 1679 2572 quivpraefuit

209 2578 318 2603 anno
350 2580 434 2605 uno
455 2595 467 2617 ‚
498 2571 698 2620 tenetque
739 2567 1020 2621 principatum
1058 2572 1178 2612 Hizid
1210 2574 1371 2626 Lipsos.
1432 2574 1463 2613 is
1490 2573 1678 2627 pecuniis

209 2620 346 2661 multis
390 2621 571 2677 erogatis
621 2621 806 2662 obtinuit
845 2625 1118 2679 Damascum,
1157 2635 1199 2669 et
1238 2630 1401 2669 dextras
1437 2630 1600 2684 accepit
1630 2634 1679 2668 ut

256 2735 288 2783 *)
314 2736 417 2782 Quae
446 2737 490 2770 de
521 2737 647 2782 Pipino
675 2736 734 2771 hie
768 2745 979 2782 narrantur,
1004 2754 1078 2778 non
1104 2750 1248 2780 exstant
1271 2745 1369 2791 apud
1397 2745 1675 2792 Theophanem,

305 2783 367 2818 sed
395 2785 493 2830 apud
519 2785 720 2820 Cedrenum
748 2797 782 2832 p.
810 2785 893 2820 453.
945 2789 1047 2824 Fun.
