1768 3268
523 218 591 259 Ex
638 216 986 258 THEOPHANF..
1392 217 1414 259 1
1424 212 1485 260 79

27 331 141 372 navit
169 344 264 372 cum
305 329 362 371 eis
407 330 448 370 in
487 331 651 387 Syriam
695 332 891 371 loannem
930 329 1177 384 patricium,
1210 339 1491 386 cognomento

26 386 300 441 pitzigaudin,
329 391 530 442 tanquam
567 387 764 442 autiquae
792 386 1014 440 prosapiae
1046 386 1107 425 rei
1135 387 1325 439 publicae
1355 387 1493 428 virum

28 450 70 484 et
101 444 365 498 negotiorum
394 443 623 483 multorum
653 448 887 497 expertem,
918 448 1044 497 atque
1074 457 1263 496 magnam
1290 458 1493 486 consecu-

28 507 119 539 tum
146 499 416 554 prudentiam
443 500 495 539 ad
524 499 819 553 disputandum
847 498 1055 552 aptissime
1085 512 1179 538 cum
1206 500 1422 551 Awbibus,
1452 508 1495 541 et

30 570 137 611 quae
161 554 274 610 pacis
292 561 389 594 sunt
410 569 614 595 consonae
637 554 1000 609 praestruendum.
1031 555 1104 609 qui
1133 569 1227 593 cum
1252 555 1425 598 venisset
1454 558 1495 596 in

30 612 206 667 Syriam,
237 613 558 652 coacervatione
587 610 772 651 Mauhias
818 618 902 651 tam
934 610 1224 652 Amiraeorum
1258 626 1382 666 quam
1410 615 1496 653 Co-

31 669 269 708 rasinorum
299 668 444 708 effecta
472 668 652 722 suscepit
687 681 782 707 eum
810 682 906 707 cum
941 666 1106 707 honore
1138 681 1301 722 magno.
1359 669 1496 708 multis

30 738 130 780 ergo
159 724 272 764 inter
301 738 372 764 eos
402 724 585 777 pacificis
615 723 752 764 verbis
782 723 948 774 edictis,
989 724 1184 763 convenit
1215 724 1326 764 inter
1358 732 1500 765 utros-

31 795 114 835 que
143 781 184 820 in
211 780 373 833 scriptis
416 780 509 821 fieri
546 780 658 834 pacis
689 794 782 819 cum
812 780 1086 820 iureiurando
1115 794 1351 821 sermonem
1374 795 1499 835 super

30 836 302 876 consonantia
332 836 459 875 annui
475 837 602 891 pacti,
630 836 860 891 praebendi
885 835 1078 877 videlicet
1097 837 1309 877 Romanae
1330 837 1393 878 rei
1416 851 1499 891 pu-

30 893 166 933 blicae
204 892 255 932 ab
296 893 493 947 Agarenis
533 893 625 933 auri
654 892 859 933 librarum
895 893 977 932 tria
1002 892 1140 945 milia,
1173 894 1285 932 viros
1315 894 1501 948 captivos

34 948 351 1004 quinquaginta,
382 955 424 989 et
455 963 584 1004 equos
626 949 785 989 nobiles
826 949 1142 1004 quinquaginta.
1215 948 1276 989 his
1306 963 1354 990 ex
1382 963 1498 989 com-
1553 975 1560 983 ,

34 1005 151 1045 muni
182 1004 336 1059 placito
379 1005 490 1044 inter
528 1012 752 1060 utramque
785 1011 948 1059 partem
976 1005 1160 1054 firmatis,
1190 1011 1233 1045 et
1261 1006 1302 1044 in
1331 1006 1503 1060 triginta

36 1062 152 1102 annis
204 1059 412 1101 servandis
458 1069 607 1102 mutuo
656 1062 939 1115 repromissis,
982 1061 1227 1115 amplissima
1268 1076 1351 1115 pax
1394 1063 1505 1101 inter

1 1113 4 1116 ’
35 1119 246 1161 Romanos
285 1124 328 1157 et
363 1117 519 1158 Arabes
564 1123 625 1158 est
667 1119 832 1167 effecta;
867 1118 1010 1173 sicque
1052 1118 1312 1172 generalibus
1342 1116 1638 1164 duobusp-544

37 1173 245 1227 inscriptis
291 1171 430 1213 verbis
473 1174 525 1214 ad
568 1173 820 1214 alterutrum
861 1189 958 1214 cum
1005 1173 1279 1214 iureiurando
1327 1175 1504 1229 patratis

37 1235 81 1270 et
109 1229 286 1270 invicem
315 1229 493 1279 traditis,
523 1242 644 1283 saepe
671 1229 805 1270 dictus
825 1230 1005 1270 famosus
1033 1229 1102 1270 vir
1130 1230 1182 1269 ad
1208 1231 1507 1284 imperatorem

37 1299 134 1325 cum
167 1284 411 1338 muneribus
457 1300 629 1341 quoque
670 1285 808 1325 multis
851 1300 1039 1327 reversus
1079 1291 1154 1326 est.
1228 1300 1324 1328 cum
1367 1294 1507 1327 autem

36 1341 142 1381 haec
172 1341 410 1382 didicissent
445 1341 488 1381 hi
531 1341 602 1396 qui
633 1342 849 1396 Hesperias
880 1349 1021 1397 partes
1050 1341 1297 1392 inhabitant,
1330 1349 1415 1384 tam
1441 1343 1507 1383 vi-

38 1396 191 1438 delicet
221 1396 428 1451 chaganus
450 1399 631 1438 Avarum
652 1403 694 1439 et
721 1398 941 1439 ulteriores
969 1412 1084 1452 reges
1114 1413 1238 1452 quam
1269 1399 1435 1439 exarchi
1466 1405 1509 1439 et

37 1452 220 1503 castaldi,
250 1467 327 1493 nec
347 1467 434 1493 non
463 1460 506 1494 et
523 1453 733 1508 principes
754 1455 971 1494 nationum
1002 1454 1055 1494 ad
1071 1455 1290 1495 Orientem
1318 1455 1507 1513 sitarum,

37 1523 116 1564 per
145 1509 300 1562 legatos
329 1510 572 1549 muneribus
602 1510 850 1564 imperatori
881 1510 1124 1550 transmissis
1166 1512 1380 1564 pacificam
1411 1526 1510 1565 erga

36 1579 79 1605 se
109 1565 375 1605 dilectionem
404 1579 638 1620 poposcere
669 1566 931 1611 firmandam.
989 1581 1171 1606 annuens
1202 1568 1343 1622 itaque
1374 1568 1509 1620 impe-

39 1627 160 1662 rator
202 1622 552 1676 postulationibus
592 1636 768 1674 eorum,
808 1623 1074 1663 confirmavit
1113 1624 1238 1662 etiam
1278 1624 1391 1663 circa
1419 1623 1509 1662 illos

40 1677 501 1732 donatoriam,pacem;
539 1684 582 1719 et
607 1679 716 1719 facta
745 1684 804 1719 est
836 1680 1035 1720 securitas
1067 1692 1215 1733 magna
1248 1680 1288 1719 in
1319 1680 1508 1731 Oriente,

41 1748 117 1774 nec
149 1748 232 1774 non
264 1734 306 1773 in
335 1733 579 1775 Occidente.

149 1801 269 1841 Anno
299 1801 464 1855 imperii
498 1801 759 1842 Constantini
803 1801 964 1842 decimo
993 1802 1122 1842 factus
1155 1807 1216 1843 est
1246 1809 1384 1843 terrae
1415 1818 1510 1842 mo..

39 1863 105 1897 tus
135 1872 304 1911 magnus
336 1873 414 1912 per
433 1859 790 1912 Mesopotamiam,
823 1872 908 1914 quo
938 1860 1024 1899 ruit
1039 1859 1293 1900 Hedessenae
1323 1874 1508 1899 ascensus

39 1919 82 1954 et
110 1914 259 1954 trullus
287 1914 501 1964 ecclesiac3
533 1922 575 1955 et
604 1914 836 1964 construxit
868 1929 957 1955 cam
994 1915 1181 1956 Mauhias
1212 1914 1350 1956 studio
1382 1915 1510 1955 Chri..

37 1970 284 2010 stianorum.

149 2037 269 2078 Anno
315 2037 481 2092 imperii
521 2038 783 2079 Constantini
829 2038 1049 2080 undecimo
1078 2044 1268 2079 mortuus
1301 2045 1359 2080 est
1387 2040 1510 2078 Mau-

36 2092 122 2132 hias
153 2093 461 2134 Saracenorum
510 2095 865 2151 protosymbolus,
901 2096 973 2150 qui
1002 2096 1082 2135 fuit
1109 2102 1285 2149 praetor
1315 2095 1428 2135 annis
1457 2093 1509 2135 20

38 2152 80 2189 et
109 2149 263 2189 amirae
294 2151 458 2191 functus
500 2150 637 2191 officio
669 2151 782 2191 annis
809 2151 882 2200 243
919 2158 960 2192 et
994 2152 1227 2206 principari
1259 2152 1401 2206 coepit
1430 2151 1509 2190 Hi-

39 2205 104 2245 rid
137 2206 241 2246 filius
271 2206 371 2247 eius.
430 2208 511 2248 hoc
539 2223 711 2263 quoque
739 2222 848 2247 anno
880 2208 1114 2262 Vulgarum
1143 2223 1238 2262 gens
1267 2208 1508 2261 supervenit

41 2262 82 2301 in
110 2262 350 2302 Thraciam.
421 2278 567 2304 verum
608 2264 721 2305 inter
750 2264 853 2304 haec
892 2265 1166 2304 necessarium
1194 2271 1255 2305 est
1286 2264 1424 2304 dicere
1456 2262 1554 2312 dep·
1569 2265 1637 2303 545

41 2318 290 2373 antiquitate
319 2333 489 2375 quoque
521 2319 946 2375 Onogundurensium
972 2320 1133 2375 Vulgar
1162 2326 1204 2361 et
1232 2321 1431 2372 Contrag.
1463 2320 1504 2359 in

38 2375 446 2428 septemtrionalibus
477 2391 655 2431 namque
684 2377 872 2430 partibus
911 2377 1060 2417 Euxini
1089 2376 1229 2428 Ponti,
1257 2391 1362 2431 quae
1391 2389 1509 2415 mea-

36 2430 136 2470 biles
165 2438 273 2486 sunt,
302 2432 342 2471 in
371 2432 591 2486 paludibus
619 2440 726 2488 quae
757 2433 958 2473 dicuntur
975 2432 1213 2482 Maeotides,
1242 2432 1282 2471 in
1314 2446 1412 2486 quas
1442 2431 1506 2470 vi-

39 2487 190 2527 delicet
221 2487 466 2528 immittitur
498 2488 647 2529 fluvius
675 2490 870 2529 maximus
901 2490 951 2528 ab
971 2484 1142 2529 Oceano
1184 2503 1261 2541 per
1293 2487 1507 2527 Sarmata-

39 2557 132 2582 rum
162 2550 320 2584 terram
350 2544 551 2598 delapsus,
582 2546 748 2586 nomine
778 2546 892 2595 Atel,
920 2546 1069 2586 Tanais
1111 2545 1237 2584 amnis
1268 2550 1308 2582 et
1340 2544 1427 2597 ipse
1455 2543 1506 2582 ab

37 2598 239 2640 Hibericis
268 2602 403 2654 portis
432 2601 589 2651 exiens,
632 2616 738 2656 quae
782 2603 824 2642 in
857 2602 1069 2641 Caucaseis
1099 2599 1306 2640 montibus
1336 2614 1420 2640 esse
1447 2600 1508 2639 fe-

41 2661 207 2706 runtur,
241 2655 282 2696 in
317 2658 495 2698 eundem
524 2658 615 2698 Atel
645 2658 773 2698 fluens
798 2658 988 2697 infertur.
1049 2673 1069 2695 a
1100 2657 1279 2696 mixtura
1296 2669 1400 2695 vero
1426 2656 1508 2695 Ta-

38 2711 167 2751 naidis
199 2719 242 2752 et
272 2714 377 2764 Atel,
409 2728 516 2768 quae
546 2714 594 2752 fit
621 2728 747 2769 supra
776 2714 857 2754 iam
899 2714 1027 2753 dictas
1057 2711 1281 2752 Maeotides
1314 2711 1506 2766 paludes,

39 2765 138 2807 dum
165 2769 371 2809 scinditur
402 2769 512 2821 Atel,
553 2771 668 2810 venit
708 2771 739 2810 is
776 2770 848 2826 qui
889 2769 1043 2809 dicitur
1074 2767 1244 2808 Cuchcis
1288 2766 1434 2807 fluvius
1465 2767 1507 2807 in

35 2823 266 2866 Maeotides·
289 2825 472 2880 paludes,
504 2833 546 2878 et
576 2827 685 2867 redit
712 2826 753 2867 in
790 2827 1016 2868 terminum
1049 2823 1215 2866 Pontici
1244 2824 1370 2864 maris>
1395 2823 1506 2864 iuxta
