1728 3184
210 163 308 215 458
709 174 768 216 ιΝ
805 170 1182 216 ΤΗΕΟΡΗΑΝΕΜ

209 289 338 338 tium,
380 287 477 328 cod.
515 283 571 329 64
599 288 781 341 Tarcos,
810 289 913 330 olim
950 290 1208 344 Massagetas,
1238 287 1279 327 in
1313 270 1492 328 Oriente
1522 286 1576 328 ad
1605 287 1694 328 Ta-

208 344 323 385 naim
352 344 466 395 sitos‚
496 345 806 398 Χερμιχίωνας
835 346 1006 386 aPersis
1035 345 1177 386 vocati
1200 348 1390 385 testatur.

316 415 414 468 371,
442 416 482 460 6.
541 415 586 456 ἐν
612 420 701 466 τοῖς
723 417 1060 473 Μυριαγγὲλοις]
1089 417 1263 458 thermis
1292 415 1549 471 Angelorum
1591 429 1692 456 coe-

206 472 271 514 tui
298 473 458 525 dicatis,
487 473 638 529 qulbus
664 480 756 515 tum
784 476 993 530 precibuS‚
1022 481 1113 515 tum
1143 488 1350 529 aquarum
1366 471 1596 513 calidarum
1627 473 1692 511 fo-

207 531 358 572 mentis
387 530 537 570 sanitas
568 531 863 586 reparabatur.
934 532 1172 586 Procopius
1203 530 1254 572 de
1285 529 1407 571 aedif.
1441 530 1582 569 lustin.
1618 529 1691 569 lib.

205 587 248 630 5.
305 601 434 645 aquas
461 596 601 642 suapte
629 599 780 628 natura
810 586 972 629 calidas
995 589 1109 645 apud
1134 589 1331 641 Bithynos
1365 587 1555 640 (Galatas
1584 586 1692 626 scri-

204 644 270 684 bit
296 644 467 697 auctor)
495 645 631 691 fontes
659 644 869 700 effimdunt
895 646 938 685 in
956 646 1059 697 loco,
1091 660 1209 701 quem
1239 644 1399 685 incolae
1429 643 1585 695 Pythia
1615 656 1692 682 vo-

207 710 315 745 cant.
346 702 418 741 lias
446 702 490 741 in
533 701 728 741 solacium
767 710 809 741 cc
830 702 1090 756 rffligerium
1130 701 1290 751 habent,
1330 714 1421 741 cum
1451 700 1570 739 multi
1595 699 1692 745 alii,

205 767 289 798 tum
319 757 526 813 imprimis
568 757 803 809 Byzantini.
884 759 950 798 laic
995 758 1346 813 magnificentiam
1386 770 1480 810 rege
1524 755 1696 810 dignam

207 813 456 855 lastinianus
481 814 665 865 ostendit,
692 815 849 854 structas
865 814 989 868 regiis
1012 815 1211 862 domibus,
1229 829 1332 869 quae
1353 814 1470 871 prius
1496 827 1577 853 non
1586 813 1693 864 fue-

205 880 310 922 rant,
333 871 560 928 aedificatis
599 870 644 910 in
666 872 828 925 publico
868 871 1048 911 lavacris
1097 871 1331 912 calidarum
1376 883 1576 925 aquarum
1605 868 1695 908 illic

203 928 532 976 scaturientimn,
564 935 604 966 et
631 927 811 967 deductis
833 942 914 983 per
938 928 1102 968 canales
1146 929 1189 967 in
1218 928 1321 967 hunc
1350 927 1481 966 locum
1517 925 1697 974 fontibus

200 984 456 1040 potabilium
485 997 701 1039 aquaram,
733 993 778 1023 ut
805 984 1018 1040 unicuique
1047 992 1260 1025 scaterent.
1321 984 1420 1036 quin
1449 991 1490 1022 ct
1505 982 1697 1022 Archan—

202 1042 286 1094 geli
311 1041 517 1095 templum,
546 1049 586 1079 ec
608 1039 912 1094 infirmantium
940 1041 1283 1092 refocillator-ium
1329 1039 1465 1094 (quasi
1495 1038 1697 1092 piscinam

206 1096 623 1152 Hierosolymiticam
666 1098 718 1138 ab
752 1097 900 1152 angelo
942 1096 1214 1151 movendam)
1257 1096 1384 1136 multo
1432 1097 1593 1136 maiora
1645 1108 1696 1134 ac

204 1153 412 1210 ampliora
441 1152 589 1208 ffcit.
651 1154 772 1211 apud
798 1154 971 1194 Galatas
978 1153 1140 1211 fluvius
1172 1162 1242 1204 est,
1274 1158 1355 1193 etc.

328 1237 440 1279 Ibid.
483 1235 523 1281 9.
595 1234 777 1292 ὀφειλάς
820 1236 996 1292 ἀγαγεῖν
1035 1237 1096 1294 τῷ
1141 1236 1337 1292 βασιλεῖ’]
1381 1237 1567 1277 filiorum
1614 1250 1696 1275 no-

202 1294 318 1336 mine
349 1294 478 1335 fidem
508 1293 709 1347 debitam,
735 1295 888 1337 nostris
920 1295 1164 1349 homagium
1197 1294 1359 1335 dictum
1389 1293 1670 1349 polliciturus.

314 1361 428 1406 Ibid.
464 1363 527 1402 11.
597 1361 699 1417 περὶ
739 1363 823 1404 τῶν
855 1363 1093 1417 γενομένων
1127 1358 1209 1403 ὑπὸ
1241 1358 1443 1414 Ἀβὰρου]
1485 1361 1690 1402 Ambrum

202 1419 475 1460 Alamundari
508 1419 640 1460 filium
666 1426 824 1461 vocant
852 1426 1050 1474 excerpta
1072 1418 1331 1474 legationum
1349 1417 1571 1460 Menandri
1599 1424 1698 1458 ante

209 1484 328 1518 notas
358 1483 443 1517 tres
476 1476 616 1528 citata,
650 1491 802 1533 resque
832 1477 982 1518 Ambri
1013 1476 1128 1517 istius
1154 1476 1396 1516 tractantia.

318 1544 432 1588 Ibid.
467 1542 530 1585 16.
588 1541 964 1600 γαρσονοστάσιον]
999 1545 1231 1585 Servorum
1263 1543 1453 1585 dominos
1474 1574 1484 1594 ,
1514 1542 1695 1583 militum

208 1601 513 1655 imperatorem
555 1602 598 1642 in
633 1602 804 1643 ecclesia
837 1608 1029 1643 orantem
1069 1601 1379 1656 expectantium
1408 1600 1546 1640 statio.
1600 1614 1700 1654 gar-

206 1659 360 1699 cionem
389 1658 516 1698 etiam
544 1659 684 1700 Latini
718 1660 978 1700 recentiores
1006 1673 1190 1714 puerum
1224 1671 1443 1699 vocavere.

317 1725 430 1767 Ibid.
452 1729 515 1771 17.
573 1725 824 1782 μεσίαυλον]
853 1727 1009 1768 atrium
1039 1733 1152 1768 tecto
1186 1733 1396 1781 opertum,
1430 1726 1587 1765 aulam:
1618 1723 1702 1764 hoc

207 1783 392 1823 secundo
415 1783 510 1824 loco
531 1785 715 1838 positum
740 1784 937 1825 ecclesiae
967 1783 1109 1824 navim
1143 1784 1418 1837 interpretor,
1447 1781 1563 1838 quasi
1594 1781 1705 1820 iuter

209 1841 316 1879 alam
347 1846 571 1895 utramque
610 1840 790 1882 mediam
827 1841 979 1881 aulam.
1052 1841 1278 1881 concilium
1311 1839 1504 1895 quintum
1545 1838 1589 1878 ἐν
1622 1850 1700 1889 με-

209 1891 378 1953 σιαύλῳ
412 1897 602 1938 habitum
629 1898 769 1938 statim
799 1905 995 1938 actorum
1024 1897 1145 1937 initio
1178 1897 1331 1952 legenti
1362 1895 1563 1936 occurrit.

317 1963 434 2005 Ibid.
469 1968 533 2010 18.
591 1963 819 2020 νάρθηκος]
853 1964 1108 2006 vestibulum
1140 1964 1336 2006 ecclesiae
1366 1962 1714 2019 poenitentibus‚.

212 2019 536 2075 cathecumenis,
568 2023 870 2077 energumenis,
901 2028 943 2063 et
970 2022 1194 2063 immundis
1226 2021 1475 2076 deputatum
1507 2027 1569 2060 est
1596 2014 1701 2070 νάρ-

209 2077 309 2132 θηξ,
341 2078 394 2120 de
424 2093 510 2135 quo
543 2085 690 2120 nostra
722 2079 1013 2135 euchologica.
1073 2079 1246 2120 Allatius
1280 2079 1331 2120 dc
1362 2077 1545 2134 antiquis
1565 2078 1703 2118 Grae-

213 2148 366 2176 corum
398 2135 579 2192 templis.
613 2135 826 2188 cellotius,
859 2143 901 2177 et
928 2136 1014 2176 alii.
1348 2159 1350 2162 >

320 2201 419 2256 372,
455 2207 491 2248 1.
563 2197 695 2257 ἦλθεν
738 2203 799 2252 εἷς
831 2201 907 2244 τὸν
948 2200 1196 2245 δεσποτικὸν
1226 2196 1354 2252 οἶκον]
1387 2201 1570 2256 intellige
1599 2200 1699 2240 fisco

211 2259 470 2302 adiudicatas
500 2260 707 2302 Belissarii
738 2261 971 2302 facultates.
1052 2260 1194 2301 recole
1233 2260 1354 2300 simul
1386 2259 1543 2314 scripta
1574 2270 1702 2311 supe..

212 2318 302 2359 rius
333 2317 377 2357 in
404 2332 526 2374 pagg.
561 2319 655 2370 199,
685 2318 760 2359 uhi
789 2319 840 2360 de
881 2317 1235 2373 procuratoribus
1267 2329 1410 2357 sacrae
1440 2316 1587 2358 domus
1619 2317 1705 2355 Au.

240 2379 368 2416 ustae.

209 2388 237 2430 g
320 2442 430 2482 Ibid.
454 2442 493 2484 2.
552 2439 763 2494 Εϋτὺχιος
787 2440 1059 2496 πατριάρχης
1073 2443 1182 2483 ΚΠ.
1213 2438 1460 2497 καθῃρέθῃ]
1490 2437 1698 2492 Euagrius

210 2498 285 2539 lib.
319 2495 348 2539 4
389 2514 480 2554 cap.
512 2497 565 2539 37
606 2499 752 2540 eadem
794 2499 950 2539 Victor
988 2498 1282 2539 Tunnonensis
1332 2510 1444 2537 anno
1488 2493 1703 2536 Iustiniani

209 2555 472 2610 penultimo,
503 2571 590 2612 quo
641 2555 750 2597 exilii
790 2555 1019 2611 Eutychii,
1049 2563 1090 2597 et
1121 2556 1286 2597 Ioannis
1332 2552 1547 2596 electionis
1578 2565 1701 2591 causa

209 2613 447 2667 profertur.
763 2664 765 2666 q

326 2678 486 2721 1h1·d.6.
543 2675 847 2727 Ἰουστινιανὸς
875 2676 896 2720 ὅ
925 2676 1131 2733 βασιλεὺς
1163 2676 1210 2722 τὸ
1233 2675 1332 2734 περὶ
1353 2673 1571 2733 φθαρτοῦ]
1588 2674 1703 2714 Eua-

211 2737 324 2792 grius
355 2736 463 2778 idem
495 2752 586 2793 cap.
614 2737 685 2778 38.

324 2805 434 2847 Ιύίιῖ.
471 2808 534 2850 12.
602 2801 641 2846 οἱ
663 2803 956 2856 &sodomama
992 2803 1332 2854 καί1”α“ιάνῖται]
1366 2800 1577 2842 bellorum
1608 2798 1705 2839 isto-
