1768 3268
257 210 318 261 54
469 213 748 259 ANASTASII
776 212 1035 257 HISTORIA
1076 208 1488 256 ECCLESlASTlCA

101 345 194 392 p.86
218 336 464 391 arelegavit.
524 336 684 376 interea
712 334 901 375 Liberius
947 347 1057 387 papa
1084 332 1289 372 Romanus
1318 335 1360 370 et
1389 327 1634 370 Athanasius
1665 337 1709 372 et

251 393 437 434 Meletius
483 398 525 433 et
563 392 907 433 Samosatensium
935 389 1159 438 Eusebius,
1191 387 1263 442 qui
1292 384 1450 426 Ioviani
1478 394 1708 441 praecepto

249 450 299 490 ab
330 449 450 490 exilio
485 449 652 490 fuerant
683 447 881 498 revocati,
911 446 950 485 in
983 444 1258 486 orthodoxiae
1287 455 1479 483 sermone
1495 442 1704 498 vigebant,

248 520 407 546 necnon
449 511 491 546 et
520 504 915 560 Hierosolymitanus
954 501 1129 557 Cyrillus
1168 507 1210 541 et
1238 499 1306 539 alii
1337 498 1521 554 episcopi
1552 500 1709 540 ortho-

246 561 374 602 doxae
402 561 498 602 fidei
534 567 881 616 propugnatores,
957 557 1115 598 Arianis
1154 563 1292 597 autem
1331 561 1556 609 praeerant
1592 556 1706 611 apud

245 613 552 658 Alexandriam'
574 618 723 658 Lucius
768 622 809 657 et
850 614 960 669 apud
987 612 1248 654 Antiochiam
1277 612 1479 662 Euzoius‚
1508 612 1705 654 Paulinus

70 676 165 723 p.88
192 678 232 713 17
246 679 383 714 autem
419 674 491 713 uni
521 673 634 727 parti
662 672 1020 721 orthodoxorum,
1060 669 1179 711 alteri
1209 683 1311 709 vero
1341 668 1545 709 Meletius.
1606 670 1707 724 qui-

246 729 340 770 dam
365 744 460 770 sane
489 729 604 769 aiunt
634 728 749 784 quod
774 727 992 768 Dominica
1023 740 1133 767 uxor
1158 724 1344 766 Valentis
1385 726 1639 779 persuaserit
1666 726 1705 766 ei

245 791 330 825 tam
360 785 542 826 valenter
573 786 660 826 Arii
688 795 849 826 sensum
877 782 1040 823 sectari.
1108 796 1243 836 porro
1275 780 1342 821 alii
1368 781 1559 823 scribunt
1589 782 1706 838 quod

244 847 462 897 postquam
489 841 759 896 imperaverit
788 841 838 880 ab
870 839 1060 880 Eudoxio
1088 838 1333 893 baptizatuS‚
1366 836 1602 879 iuramento
1630 839 1705 879 fir.

243 898 418 938 maverit
450 898 489 937 in
522 893 610 952 ipso
638 898 881 952 baptismate
903 911 997 936 cum
1015 895 1115 935 Ario
1145 910 1187 936 se
1215 908 1428 936 sensurum
1448 900 1490 934 et
1518 893 1704 936 homou-

243 955 346 994 sium
376 949 859 1008 minime'recepturum;
892 959 932 993 et
959 952 1018 993 sic
1038 951 1208 1007 utrique
1238 951 1340 992 dena
1364 950 1475 990 milia
1502 965 1704 1006 persecu-

242 1010 406 1050 tionum
435 1010 475 1048 in
507 1010 763 1050 orthodoxos
795 1014 1126 1049 commoverunt.
1185 1008 1358 1048 mittunt
1387 1013 1525 1048 autem
1556 1015 1599 1050 et
1628 1009 1705 1049 Li-

241 1066 363 1106 berio
405 1066 664 1107 Eustathium
703 1067 929 1105 Armenum
968 1071 1010 1105 et
1047 1065 1257 1104 Silvanum
1302 1066 1542 1105 Tarsensem
1572 1071 1699 1121 atque

243 1122 522 1176 Theophilum
543 1122 880 1172 Castavalensem,
908 1122 1247 1175 repromittentes
1277 1136 1355 1175 per
1375 1121 1481 1175 ipsos
1511 1122 1703 1177 recipere

243 1177 518 1218 homousium.
577 1179 646 1233 qui
667 1178 954 1232 pervenientes
970 1177 1140 1217 Liberio
1170 1177 1375 1233 scriptum
1401 1191 1482 1231 pro
1515 1177 1704 1219 homou-

242 1234 301 1273 sio
347 1241 627 1288 porrexerunt
667 1234 882 1285 libellum,
931 1234 1175 1288 profitentes
1218 1247 1260 1274 se
1302 1248 1465 1274 omnem
1496 1234 1701 1276 haeresim

241 1305 479 1342 aversuros‚
521 1304 627 1345 quae
673 1289 831 1346 synodo
876 1290 1077 1330 Nicaenae
1103 1291 1215 1330 foret
1253 1290 1446 1339 adversa3
1477 1292 1627 1347 quibus
1658 1298 1703 1333 et

239 1347 412 1401 receptis
441 1346 627 1386 Liberius
667 1345 1000 1396 communicavit,
1030 1346 1299 1402 scribensque
1315 1347 1603 1389 Orientalibus
1632 1354 1703 1390 te-

237 1402 473 1443 stimonium
501 1402 576 1442 illis
604 1402 821 1457 perhibuit
850 1402 1140 1443 orthodoxiae.

61 1479 158 1526 1189
184 1478 227 1513 14
315 1480 461 1521 Mundi
475 1496 582 1521 anno
599 1479 721 1532 5861,
737 1480 899 1522 divinae
914 1481 1209 1522 incarnationis
1225 1495 1336 1521 anno
1352 1479 1454 1535 361,
1471 1482 1698 1526 concilium

236 1537 449 1591 Tyanense
479 1537 733 1578 celebratum
763 1543 833 1588 est,
867 1537 908 1577 in
940 1553 1024 1593 quo
1048 1537 1206 1579 inventi
1237 1544 1334 1578 sunt
1363 1539 1562 1581 Eusebius
1592 1541 1701 1581 Cae-

238 1591 422 1632 sariensis
454 1593 754 1648 Cappadociae,
785 1595 1012 1649 Gregorius
1028 1595 1308 1635 Nazianzenus
1336 1602 1460 1650 pater
1500 1598 1701 1652 Gregorii

239 1647 434 1702 deiloqui,
467 1650 600 1704 quiet
631 1650 716 1704 ipse
747 1651 1020 1692 Nazianzenus
1049 1651 1296 1705 appellatur,
1327 1659 1369 1693 et
1396 1654 1575 1694 Trienus
1605 1656 1700 1694 Me..

240 1703 443 1744 litcnensis
471 1712 512 1746 et.
538 1705 626 1754 alii3
658 1706 730 1761 qui
757 1720 882 1761 super
893 1709 1050 1748 Liberii
1080 1707 1229 1749 litteris
1257 1708 1482 1751 exultantes
1509 1711 1700 1751 omnibus

240 1759 486 1801 orthodoxis
524 1762 857 1817 significaverunt
897 1765 1099 1820 episcopis
1143 1779 1228 1820 quo
1260 1765 1438 1806 Tarsum
1469 1767 1509 1807 in
1543 1768 1700 1807 confir-

238 1817 462 1856 mationem
490 1833 614 1859 verae
642 1825 779 1859 rectae
804 1819 898 1861 fidei
927 1821 1223 1872 convenirent;
1259 1836 1344 1878 quo
1375 1822 1518 1865 audito
1546 1824 1698 1866 Valens

241 1885 309 1911 eos
338 1872 557 1927 prohibuit
582 1875 820 1916 convenire.

67 1963 101 1997 p.
116 1951 161 1986 90
186 1951 230 1987 16
352 1950 540 2005 Cyziceni
580 1960 715 1993 autem
742 1953 994 1996 Eunomium
1033 1956 1208 1999 insecuti
1239 1965 1336 2000 sunt
1364 1964 1566 2015 tanquam
1593 1957 1696 1999 hae-

241 2006 417 2047 reticum
456 2013 496 2047 et
523 2007 828 2062 blasphemum,
875 2012 947 2066 qui
987 2014 1153 2055 veniens
1197 2015 1342 2056 unitus
1395 2021 1454 2057 est
1483 2014 1693 2056 Eudoxio.

241 2069 331 2103 erat
363 2063 471 2103 enim
502 2064 756 2119 blasphemus
783 2074 824 2108 et
855 2069 1100 2121 acerrimus,
1126 2086 1393 2125 praesumens
1426 2071 1567 2113 dicere
1597 2072 1697 2127 quia

242 2118 339 2158 deus
366 2117 417 2159 de
446 2121 621 2174 propria
650 2122 873 2164 substantia
901 2125 1001 2165 nihil
1030 2127 1148 2167 nobis
1167 2129 1340 2183 amplius
1370 2129 1501 2168 novit.
1558 2120 1695 2183 porro

240 2173 390 2238 Valens
417 2177 583 2230 paganis
613 2177 725 2218 dedit
753 2181 953 2220 sacrificia
993 2188 1033 2222 et
1061 2184 1338 2226 solemnitates
1371 2185 1610 2226 celebrandi
1644 2185 1696 2224 li-

240 2237 432 2271 centiam.
493 2233 585 2284 pari
613 2234 738 2274 modo
769 2241 811 2275 et
841 2237 1012 2277 Iudaeos
1034 2241 1202 2281 fovebat
1232 2248 1274 2282 et
1301 2241 1554 2293 honorabat,
1586 2242 1696 2282 solos

237 2291 400 2327 tantum
432 2288 687 2329 orthodoxos
719 2290 758 2329 in
791 2294 1017 2345 apostolica
1046 2296 1252 2337 insecutus
1279 2299 1460 2339 ecclesia.

63 2355 158 2402 p·93
184 2355 225 2391 17
282 2413 291 2423 ·
346 2358 477 2399 Huius
522 2375 631 2400 anno
674 2363 835 2416 imperii
872 2380 982 2406 nono
1025 2368 1065 2407 S.
1106 2370 1349 2412 Athanasius
1396 2369 1694 2411 Alexandrinus

238 2416 430 2478 migravit
459 2415 510 2455 ad
538 2417 764 2469 dominum,
793 2435 885 2459 cum
916 2423 1199 2478 episcopatum
1229 2428 1409 2480 gessisset
1440 2428 1553 2467 anuis
1585 2441 1691 2482 qua-

237 2469 425 2533 draginta
453 2486 517 2512 sex
536 2501 549 2522 ,
579 2487 626 2512 ex
659 2475 805 2528 quibus
845 2479 1117 2533 quadraginta
1148 2483 1188 2522 in
1220 2483 1579 2537 persecutionibus
1608 2497 1691 2537 pro

235 2531 388 2589 pietate
417 2541 465 2567 ac
501 2529 696 2582 periculis
734 2532 844 2571 vixit.
920 2535 984 2573 cui
1013 2539 1203 2579 successit
1230 2541 1392 2591 Petrus,
1424 2540 1494 2595 qui
1530 2539 1692 2580 Arianis

237 2597 277 2620 ln
309 2582 538 2645 multorum
581 2584 798 2625 hominum
836 2589 977 2629 caedes
1019 2596 1294 2645 grassantibus
1338 2596 1476 2651 pulsus
1502 2597 1692 2636 -Romam

234 2637 392 2691 fugiens
421 2639 471 2678 ad
489 2642 709 2681 Damasum
730 2646 988 2697 properavit,
1018 2649 1130 2689 cuius
1159 2657 1200 2690 et
1230 2659 1318 2692 erat
1339 2648 1489 2702 sensuS,
1522 2653 1691 2707 quando

234 2699 276 2733 et
306 2692 541 2757 horrenda,
573 2712 679 2751 quae
706 2704 815 2752 gesta
845 2708 939 2741 sunt
969 2703 1019 2742 ab
1057 2705 1215 2746 Arianis
1246 2709 1356 2762 apud
1384 2709 1690 2757 Alexandriam,

231 2763 311 2802 per
340 2751 551 2803 eptstolam
591 2754 940 2808 conscripserunt.
1011 2760 1155 2801 eodem
1187 2778 1295 2805 anno
1329 2771 1370 2806 et
1400 2765 1570 2805 Basilius
1600 2765 1693 2820 epi-

232 2819 379 2860 scopus
409 2807 625 2849 caesariae
651 2810 780 2852 factus
810 2819 880 2863 est,
909 2828 1004 2855 cum
1030 2817 1229 2860 Eusebius
1241 2821 1328 2876 ‘pie
1358 2821 1590 2863 dormisset.
