1768 3268
47 360 81 396 p.
99 347 168 385 466
193 348 215 382 3

110 1310 145 1346 p.
163 1300 230 1335 467

231 198 325 250 144
443 205 724 251 ANASTAsn
767 201 1028 246 nis‘romA
1050 194 1468 243 EccmsiAs‘ricA

336 334 455 372 Anno
486 330 652 385 imperii
683 330 744 370 sui
777 329 839 380 12,
870 342 1005 368 mense
1034 325 1179 380 Aprili,
1210 322 1275 362 die
1297 317 1336 372 4,
1365 317 1595 360 indictione
1626 318 1694 370 10,

230 392 461 445 imperator
493 382 705 428 Heraclius
750 386 962 425 celebrata
1002 382 1248 423 solennitate
1285 377 1478 432 paschali,
1508 390 1605 416 mox
1632 391 1695 417 se-

229 447 363 487 cunda
393 444 500 484 feria
531 443 693 497 vesperi
723 447 860 482 motus
889 446 948 482 est
976 445 1124 480 contra
1139 434 1361 476 Persidem.
1418 434 1592 487 sumptis
1618 448 1697 473 au-

228 510 313 544 tem
346 507 492 541 mutuo
521 499 822 539 venerabilium
853 498 1074 538 domorum
1117 492 1300 548 pecuniis
1328 490 1477 545 aporia
1506 492 1541 540 *)
1571 503 1697 529 coar..

230 565 338 601 tatus
355 588 366 608 ,
409 556 570 611 accepit
611 556 734 595 etiam
765 553 957 594 ecclesiae
984 564 1157 606 magnae
1175 547 1320 589 multas
1340 546 1530 587 candelas
1559 546 1699 586 feren-

231 617 311 666 tia,
349 613 540 654 simulet
581 612 658 651 alia
699 625 791 650 vasa
830 607 1142 649 ministratoria.
1201 605 1349 660 quibus
1379 601 1570 644 conflatis
1602 617 1698 643 exa-

232 672 319 712 rari
349 669 447 711 fecit
483 683 529 709 ex
558 667 619 708 his
665 681 852 706 nummos
893 679 1040 705 aureos
1068 668 1110 704 et
1135 667 1353 716 argenteos
1380 659 1599 714 plurimoS,
1631 658 1699 698 di..

234 727 427 781 misitque
453 726 583 765 filium
606 739 724 763 suum
764 738 858 763 cum
887 720 1033 775 Sergio
1072 716 1311 773 patriarcba
1347 717 1388 756 in
1420 715 1526 756 urbe
1557 715 1700 769 dispo-

235 783 360 824 nendi
392 782 555 836 negotia
585 796 667 820 una
705 794 800 819 cum
828 780 992 819 Bonoso
1033 774 1231 830 patricio,
1263 773 1355 814 viro
1385 772 1522 827 sagaci
1552 777 1595 812 et
1622 785 1702 826 per

237 845 385 880 cuncta
415 837 616 892 prudenti
649 842 773 890 atque
802 836 954 889 perito·
1022 832 1188 885 scripsit
1220 835 1358 870 autem
1387 828 1439 869 ad
1469 827 1701 883 chaganum

238 899 421 937 Avarum
456 909 599 948 preces
643 906 785 932 curam
825 889 972 946 agendi
1015 902 1142 942 super
1179 888 1468 926 Romanorum
1496 884 1702 939 negotiis,

238 958 436 1006 tanquam
454 951 525 1005 qui
558 947 949 990 secumiamicitiam
976 945 1106 985 fucrit
1124 951 1283 998 pactuS,
1314 949 1502 983 tutorem
1533 941 1607 981 filii
1638 941 1702 980 sui

238 1008 351 1047 hunc
378 1006 594 1060 appellanS.
628 1010 762 1044 motus
797 1010 935 1044 autem
964 1018 986 1042 a
1011 1002 1124 1056 regia
1145 1001 1251 1040 urbe
1282 1000 1408 1040 exivit
1424 1012 1551 1053 super
1565 998 1706 1038 locum

243 1064 315 1120 qui
337 1063 491 1104 dicitur
511 1064 679 1112 Portae,
711 1061 873 1116 navigio
897 1060 978 1099 iter
995 1073 1129 1113 agens.
1161 1057 1274 1096 illinc
1305 1069 1409 1096 vero
1438 1069 1519 1110 per
1548 1061 1706 1095 ceteras

242 1121 429 1174 regiones
463 1119 538 1159 sibi
564 1118 764 1158 subiectas
808 1117 1021 1170 profectus
1067 1113 1191 1168 elegit
1221 1113 1436 1164 exercitus,
1469 1117 1511 1152 et
1542 1110 1708 1152 addidit

244 1178 318 1217 illis
354 1190 502 1215 novam
530 1174 729 1213 militiam.
762 1172 836 1213 hos
868 1179 1005 1212 autem
1045 1184 1239 1211 exercere
1270 1183 1385 1210 orsus
1415 1169 1458 1209 in
1489 1167 1707 1209 hostilibus

244 1232 437 1287 operibus
484 1230 687 1271 erudivit:
735 1227 962 1283 dupliciter
1002 1227 1110 1267 enim
1143 1226 1275 1268 diviso
1316 1225 1500 1267 exercitu
1528 1225 1634 1265 acies
1666 1227 1708 1263 et

248 1288 549 1342 congressiones
581 1286 758 1326 invicem
785 1286 872 1326 sine
899 1284 1099 1339 sanguine
1122 1283 1212 1324 fieri
1241 1283 1370 1334 iussit,
1398 1281 1710 1335 clamoremque

247 1345 435 1386 bellicum
466 1349 508 1384 et
534 1342 717 1383 carmina
745 1348 786 1384 et
802 1341 978 1381 iubilum
1008 1346 1050 1381 et
1065 1340 1270 1395 impetum
1294 1340 1335 1380 in
1367 1338 1617 1379 alterutrum
1647 1336 1712 1376 in-

248 1399 440 1456 surgendi
470 1399 623 1440 habere
660 1399 733 1438 hos
777 1399 979 1449 docebat,
1007 1403 1055 1437 ut
1086 1397 1128 1436 in
1160 1396 1271 1437 bello
1303 1395 1465 1450 reperti
1494 1395 1553 1435 nil
1585 1393 1713 1434 mira-

251 1464 411 1508 rentur,
449 1455 518 1498 sed
558 1456 735 1496 fidenter
777 1462 975 1510 tanquam
1016 1453 1069 1494 ad
1098 1453 1240 1497 iocum
1268 1452 1641 1507 proficiscerentur
1669 1449 1712 1488 in

249 1514 425 1554 hostem.
485 1513 688 1567 accipiens
731 1526 832 1553 vero
882 1510 1185 1565 imperatorin
1219 1510 1408 1550 manibus
1454 1507 1521 1549 dei
1549 1506 1716 1547 virilem

251 1572 439 1626 figuram,
472 1585 595 1624 quam
611 1582 752 1608 manus
777 1582 860 1609 non
892 1568 1187 1622 depinxerunt,
1222 1566 1353 1606 sedin
1387 1565 1509 1605 icona
1538 1563 1718 1605 verbum

253 1627 368 1682 quod
417 1626 552 1665 omnia
588 1625 742 1665 format
784 1632 910 1680 atque
950 1623 1166 1678 componit
1203 1622 1289 1662 sine
1323 1622 1489 1677 pictura
1519 1621 1718 1671 formam,

254 1684 369 1723 velut
400 1683 484 1723 sine
516 1682 670 1722 semine
688 1688 870 1736 partum,
901 1680 1058 1732 eduxit,
1091 1679 1195 1720 etin
1226 1679 1306 1719 hac
1333 1679 1464 1719 fisusa
1495 1677 1575 1718 deo
1604 1676 1719 1731 picta

253 1740 385 1794 figura
415 1738 555 1793 coepit
583 1752 745 1793 agones,
777 1736 1009 1778 iuramenta
1040 1735 1138 1776 dans
1154 1736 1316 1790 populo
1352 1733 1467 1791 quod
1500 1749 1594 1775 cum
1625 1732 1720 1786 ipsis

255 1810 383 1849 usque
412 1795 462 1835 ad
492 1800 670 1835 mortem
702 1795 813 1835 foret
842 1800 1078 1835 certaturus
1112 1799 1153 1833 et
1179 1793 1233 1832 eis
1266 1800 1466 1847 tanquam
1491 1789 1582 1830 filiis
1612 1803 1722 1843 pro-

254 1851 656 1906 priisladhaesurus:
684 1850 851 1892 volebat
886 1851 994 1891 enim
1006 1848 1258 1905 potestatem
1286 1863 1370 1888 non
1400 1849 1556 1887 timore
1585 1860 1722 1902 quan-

256 1915 345 1947 tum
372 1922 513 1948 amore
541 1907 765 1962 possidere.
824 1920 1004 1962 cumque
1035 1906 1254 1946 invenisset
1283 1906 1514 1946 exercitum
1544 1903 1586 1942 in
1616 1901 1722 1942 desi-

257 1964 323 2004 dia
352 1965 481 2004 multa
507 1971 549 2004 et
578 1964 823 2015 formidine,
864 1962 1154 2020 inquietudine
1196 1976 1245 2002 ac
1275 1961 1485 2002 dedecore
1515 1958 1724 2000 constitu-

257 2028 360 2071 tum,
390 2026 431 2060 et
458 2035 536 2074 per
564 2022 711 2061 multas
753 2026 894 2062 terrae
920 2026 1062 2075 partes
1095 2019 1428 2072 disseminatum,
1464 2021 1652 2058 actutum
1682 2013 1724 2054 in

259 2092 388 2116 unum
416 2076 593 2130 collegit.
651 2083 692 2117 et
723 2092 865 2117 omnes
883 2076 999 2132 quasi
1029 2090 1075 2116 ex
1105 2091 1187 2116 una
1220 2075 1491 2116 consonantia
1526 2071 1727 2113 laudave-

260 2139 361 2174 runt
394 2133 613 2187 imperium
654 2139 695 2173 et
731 2133 1023 2173 fortitudinem
1060 2132 1275 2187 principis.
1333 2132 1420 2186 ipse
1450 2143 1552 2171 vero
1584 2127 1723 2168 verbis

259 2190 334 2230 hos
381 2190 662 2229 corroborans
707 2189 959 2243 perhibebat
1001 2189 1194 2240 “videte,
1236 2190 1387 2229 fratres
1431 2192 1472 2228 et
1498 2185 1587 2237 filii,
1619 2188 1727 2239 quot

262 2245 417 2286 inimici
447 2244 512 2286 dei
540 2246 876 2286 conculcaverint
896 2246 1110 2300 regionem
1130 2252 1330 2296 nostram,
1364 2250 1406 2285 ct
1434 2244 1558 2285 urbes
1589 2247 1728 2281 exter—

263 2302 525 2351 minaverint,
555 2308 596 2341 et
619 2302 764 2342 altaria
793 2302 1190 2354 concremaverint,
1224 2309 1265 2343 et
1296 2315 1453 2342 mensas
1485 2301 1730 2340 incruento-

265 2374 359 2398 rum
389 2358 691 2398 sacrificiorum
717 2359 980 2414 sanguinibus
1018 2358 1345 2399 homicidiorum
1373 2355 1655 2412 repleverint,
1689 2358 1731 2393 et

134 2415 465 2466 p-468ecclesias,
498 2428 603 2469 quae
635 2413 788 2469 flagitia
827 2429 909 2454 non
956 2414 1193 2467 admittunt,
1241 2413 1562 2470 flagitiosissimis
1593 2407 1732 2464 reple·

269 2472 404 2511 verint
431 2470 750 2523 voluptatibus.’'
818 2472 959 2526 itaque
999 2487 1151 2512 cuneos
1190 2486 1330 2511 rursus
1359 2471 1412 2510 ad
1435 2470 1631 2511 bellicum
1659 2479 1732 2506 ex-

272 2527 462 2567 ercitium
491 2532 636 2576 armat,
667 2527 828 2581 agmina
860 2528 943 2568 duo
976 2535 1136 2568 armata
1169 2528 1382 2579 ordinans,
1412 2527 1532 2567 tubas
1562 2535 1733 2579 quoque

272 2597 319 2621 ac
349 2583 577 2635 clipeorum
606 2582 825 2638 phalanges
853 2583 1041 2624 efficiens.
1072 2591 1112 2624 et
1147 2585 1326 2638 populus
1360 2583 1535 2624 thorace
1563 2580 1732 2620 indutus

274 2639 441 2683 astabat.
484 2654 578 2678 nam
618 2653 712 2679 cum
752 2641 857 2680 acies
895 2641 1054 2681 cautius
1095 2636 1354 2691 statuissent,
1398 2637 1734 2694 congressionem

321 2760 354 2805 *)
378 2759 515 2814 ‘'¹‚Pssfiai
550 2760 640 2815 Vide,
667 2762 875 2808 spelm-‘mni
913 2763 1121 2808 glossarium
1159 2765 1196 2798 in
1223 2766 1397 2812 aporiare
1435 2768 1472 2798 et
1495 2760 1663 2796 vossium
1689 2757 1733 2792 de

370 2812 467 2840 vitus
492 2818 673 2844 sermonis.
722 2811 825 2843 Fun.
