1794 3250
593 199 660 238 Ex
710 197 1058 239 ΤΗΕΟΡΗΛΝΕ.
1459 191 1558 240 263

89 311 235 352 zautiis
274 310 410 352 civilia
455 309 629 352 donavit
674 313 863 362 tributa,
894 312 1114 366 Abydique
1145 326 1193 351 ac
1222 312 1354 352 Hierii
1384 327 1431 352 ea
1453 325 1561 366 quae

89 368 292 410 dicuntur
315 369 568 408 commercia
595 368 811 420 relevavit,
842 369 996 421 magnis
1020 381 1148 421 super
1174 367 1235 407 his
1265 374 1307 407 et
1339 369 1426 408 aliis
1455 367 1560 408 mul-

87 425 140 465 tis
173 424 383 466 beneficiis
413 425 644 479 gratiarum
675 425 909 465 actionibus
937 425 1059 464 freta.

196 514 319 554 Anno
362 513 529 567 imperii
566 514 746 554 Heirene
789 513 940 569 quinto
983 513 1123 553 Aetius
1162 512 1361 566 patricius
1398 513 1506 553 liber
1537 528 1561 552 a

89 569 310 610 Stauracio
339 570 484 621 factus,
513 571 667 611 etideo
689 573 914 610 securitate
933 571 1107 624 potituS,
1137 569 1360 622 imperium
1389 569 1442 609 ad
1473 570 1560 610 fra..

85 633 196 667 trem
224 626 454 680 proprium
470 629 698 667 transferre
727 628 953 681 satagebat,
982 641 1108 681 quem
1130 632 1172 666 et
1200 631 1561 680 monostrategum

85 682 187 723 fecit
216 682 256 722 in
286 683 451 723 Thrace
492 683 614 723 simul
644 689 687 724 et
715 683 986 734 Macedonia,
1014 683 1102 738 ipse
1144 682 1347 722 ulteriora
1378 681 1560 722 themata

82 743 254 789 tenens,
284 739 518 780 orientales
552 740 711 780 scilicet
754 746 797 780 et
825 739 1014 793 Opsicin.
1097 753 1194 779 cum
1234 752 1336 793 ergo
1380 738 1562 778 elatione

86 796 267 836 refertus
296 801 412 846 esset,
444 809 515 837 eos
542 797 753 851 principes
772 827 784 847 ,
815 798 887 852 qui
917 795 1179 836 sublimiores
1209 800 1344 845 erant,
1374 793 1563 835 dehone—

82 859 191 892 stans
219 863 302 906 pro
339 851 469 892 nihilo
498 853 737 907 reputabat,
765 854 839 908 qui
869 860 910 893 et
941 852 1060 893 valde
1092 851 1235 891 maesti
1269 851 1465 891 adversus
1491 866 1561 891 eos

87 909 237 958 effecti,
268 907 522 950 simultatem
564 915 714 950 contra
751 909 1062 964 imperatricem
1093 907 1352 958 meditantes,
1381 907 1489 948 hanc
1518 907 1560 947 in

85 979 191 1019 opus
216 965 444 1006 duxerunt.
502 972 788 1020 pervenerunt
815 973 955 1006 autem
985 965 1249 1020 apocrisiarii
1280 980 1300 1004 a
1333 964 1489 1004 Carolo
1519 971 1563 1004 et

82 1021 223 1062 Leone
250 1035 362 1076 papa
404 1022 556 1063 directi
600 1023 652 1062 ad
695 1023 918 1064 Heirenem
947 1022 1189 1075 piissimam,
1226 1020 1484 1075 postulantes
1516 1025 1563 1059 ut

84 1077 330 1133 iung‘eretur
368 1078 426 1118 illi
467 1079 519 1119 ad
549 1081 714 1133 nuptias
755 1086 797 1119 et
839 1081 979 1119 uniret
1017 1093 1094 1118 eoa
1135 1084 1181 1118 et
1212 1077 1422 1131 hesperia3
1454 1091 1563 1132 quae

82 1134 279 1187 profecto
309 1134 559 1186 obaudisset,
588 1137 662 1175 nisi
683 1137 821 1175 Aetius
849 1136 940 1186 iste,
973 1136 1046 1191 qui
1074 1148 1197 1188 saepe
1224 1133 1358 1174 dictus
1386 1139 1460 1183 est,
1494 1135 1563 1173 in-

86 1190 299 1241 hibuisset,
330 1192 575 1246 praevalens
615 1199 658 1232 et
690 1193 912 1246 imperium
941 1192 984 1232 in
1015 1191 1267 1247 proprium,
1296 1190 1405 1230 sicut
1432 1203 1562 1244 prae-

86 1245 246 1287 dictum
273 1253 351 1300 est,
380 1247 559 1289 fratrem
586 1263 806 1303 usurpans.

194 1331 398 1387 Sequenti
428 1337 569 1373 autem
590 1348 715 1380 anno,
750 1334 820 1389 qui
851 1340 911 1373 est
941 1334 1100 1386 primus
1132 1331 1297 1386 imperii
1313 1330 1556 1385 Nicephori,
1572 1347 1606 1382 p.
1622 1328 1692 1371 73'8

81 1386 427 1442 pridiekalendas
446 1390 719 1430 Novembrias
749 1389 990 1430 indictionis
1009 1389 1264 1438 undecimae,
1296 1395 1446 1443 qnarta
1479 1402 1559 1427 no-

82 1445 158 1484 ctis
184 1443 305 1494 hora,
337 1460 433 1486 cum
462 1446 565 1486 feria
596 1445 775 1486 secunda
806 1447 973 1486 lucescit
991 1478 1001 1494 ‚
1033 1446 1143 1486 idem
1170 1444 1432 1498 Nicephorus
1462 1458 1559 1483 cum

82 1500 286 1552 patricius
330 1507 433 1542 esset
476 1507 519 1542 et
546 1502 762 1557 logotheta
801 1504 1024 1557 generalis,
1056 1500 1323 1556 tyrannidem
1364 1501 1560 1540 adversus

83 1557 304 1598 lleirenem
336 1558 557 1612 piissimam
589 1559 846 1609 concitavit,
876 1558 954 1598 deo
995 1558 1163 1614 quidem
1201 1557 1475 1598 ineffabilibus
1503 1557 1560 1596 ob

84 1620 328 1654 nostrorum
355 1615 667 1656 multitudinem
694 1623 971 1669 peccatorum
992 1615 1152 1654 iudiciis
1174 1614 1428 1669 indulgente,
1458 1626 1562 1652 coo-

82 1670 328 1724 perantibus
361 1672 399 1712 ei
417 1672 559 1712 'Niceta
594 1672 775 1726 patricio
807 1679 848 1712 et
880 1671 1110 1712 domestico
1141 1671 1392 1722 scholarum,
1422 1675 1463 1709 et
1492 1669 1561 1709 Si·-

81 1727 216 1768 sinnio
251 1728 433 1782 patricio
471 1729 605 1769 fratre
643 1729 793 1783 ipsius,
824 1728 924 1768 viris
972 1728 1154 1782 periuris
1197 1741 1247 1767 ac
1286 1725 1559 1766 fraudulentis

79 1783 324 1839 Triphyliis.
382 1790 504 1825 crant
533 1792 671 1826 autem
703 1800 798 1825 cum
829 1785 907 1824 illis
939 1790 979 1824 et
1010 1786 1094 1825 Leo
1126 1783 1327 1839 patricius
1358 1784 1563 1823 Seranta-

81 1839 242 1894 pichus,
273 1846 315 1882 et
345 1842 578 1896 Gregorius
620 1842 825 1896 patricius
854 1841 1084 1891 Musulacii,
1116 1848 1157 1881 et
1186 1840 1451 1880 Theoctistus
1483 1854 1561 1893 pa..

82 1896 228 1936 tricius
258 1902 302 1938 et
331 1904 543 1952 quaestor,
582 1905 709 1953 atque
734 1899 884 1939 Petrus
912 1898 1128 1952 patricius,
1159 1897 1400 1937 seducentes
1430 1910 1560 1949 quos-

81 1952 179 1992 dam
207 1967 254 1993 ex
282 1954 445 2008 populo
464 1986 476 2005 ,
515 1954 588 2009 qui
623 1961 743 1995 erant
771 1970 819 1995 ex
852 1955 1086 1997 ordinibus.
1144 1969 1325 2008 cumque
1353 1952 1561 1993 venissent

80 2008 135 2048 ad
162 2015 332 2063 portam
362 2026 471 2066 quae
495 2010 606 2052 dicta
636 2018 697 2052 est
714 2011 878 2062 Cbalce,
909 2012 1187 2066 custodesque
1218 2010 1318 2050 falso
1341 2024 1390 2049 ac
1418 2009 1558 2049 subito

80 2064 350 2120 decepissent,
379 2074 681 2121 persuaserunt
708 2069 764 2109 eis
794 2073 841 2108 nt
869 2067 1091 2108 crederent
1122 2067 1238 2122 quod
1268 2067 1319 2106 ab
1350 2066 1436 2120 ipsa
1468 2066 1557 2104 flie-

80 2121 168 2162 rint
196 2121 415 2175 destinati,
461 2124 657 2180 quatinus
701 2126 1006 2179 imperatorem
1049 2124 1227 2164 eundem
1270 2121 1555 2175 Nicephorum

77 2180 367 2232 appellarent,
410 2194 460 2220 eo
490 2180 605 2236 quod
638 2182 777 2221 Ae‘tius
823 2181 1023 2235 patricius
1058 2181 1135 2221 sibi
1177 2182 1259 2219 vim
1299 2180 1473 2219 inferret
1501 2178 1554 2216 ad

79 2235 416 2276 annuntiandum
459 2237 643 2277 Leonem
693 2238 870 2278 fratrem
913 2252 1034 2277 suum
1087 2237 1403 2290 imperatorem.
1481 2234 1555 2287 qui

78 2292 299 2332 mendacio
344 2299 466 2332 tanto
500 2294 745 2344 credentes,
779 2296 1078 2348 imperatorem
1105 2294 1270 2348 pariter
1299 2291 1554 2346 pronuntia,-

79 2354 236 2388 verunt
268 2363 364 2389 eum
394 2349 466 2404 qui
497 2357 588 2390 erat
617 2357 832 2405 tyrannus.
892 2352 1035 2391 taliter
1052 2365 1154 2405 ergo
1185 2349 1235 2389 ad
1255 2362 1446 2401 magnum
1476 2360 1557 2399 pa-

79 2404 226 2445 latium
255 2405 382 2445 iidem
430 2406 601 2459 patricii
640 2409 850 2447 venientes
880 2407 1049 2462 ingressi
1095 2413 1193 2446 sunt
1226 2405 1340 2451 illud,
1377 2401 1556 2456 indeque

77 2474 157 2514 per
183 2467 317 2502 totam
358 2463 509 2502 urbem
549 2463 751 2517 ignobiles
794 2471 836 2504 et
863 2477 1006 2503 servos
1038 2463 1260 2517 dirigentes
1285 2458 1558 2500 acclamatio-
1570 2475 1606 2510 p.
1622 2461 1692 2497 739

79 2532 175 2558 nem
204 2519 397 2560 fecerunt
431 2524 526 2558 ante
565 2519 743 2559 mediam
776 2526 969 2570 noctem,
1010 2526 1052 2560 et
1083 2519 1273 2558 custodes
1305 2517 1345 2555 in
1375 2514 1558 2554 circuitu

83 2573 240 2627 palatii,
267 2576 385 2631 quod
422 2576 561 2615 Tentu
599 2575 833 2617 Eleutherii
877 2582 1160 2630 nuncupatur,
1208 2577 1455 2628 posuerunt,
1483 2571 1556 2611 ubi

78 2643 171 2670 eam
201 2632 381 2686 contigit
407 2646 506 2672 esse.
562 2631 746 2673 diluculo
784 2647 883 2673 sane
911 2633 1183 2672 accersientes
1211 2644 1302 2669 eam
1333 2627 1557 2668 concluse-

78 2693 179 2728 runt
211 2689 253 2728 in
283 2689 437 2728 maiori
472 2688 651 2742 palatie,
685 2695 728 2730 et
759 2689 813 2730 ita
853 2693 1151 2744 processerunt
1181 2685 1232 2725 ad
1263 2699 1453 2739 magnam
1483 2697 1558 2723 ec-

74 2741 240 2784 clesiam
268 2744 322 2784 ad
344 2745 639 2786 coronandum
667 2746 896 2787 scelestum.
955 2744 1151 2785 convenit
1177 2744 1335 2782 interea
1364 2739 1556 2781 universa

70 2798 300 2841 multitudo
331 2802 461 2852 urbis,
492 2807 535 2842 et
564 2816 708 2843 omnes
736 2817 865 2857 super
892 2802 952 2842 his
986 2815 1092 2855 quae
1123 2799 1355 2854 agebantur
1383 2796 1555 2837 moleste
