1728 3184
721 149 923 193 NOTAE.
1457 144 1555 196 487

88 267 258 308 tertiam
287 267 579 310 conditionem
610 268 791 309 Heraclii
827 269 1059 323 exemplum
1084 271 1283 325 suggerit,
1313 270 1384 326 qui
1414 285 1560 326 pecca-

84 331 228 364 torum
247 324 497 379 expiatione,
513 331 555 367 et
576 325 703 366 animi
721 325 909 380 puritate
933 326 1232 368 revelationem
1258 327 1558 383 exquirendam

93 379 276 421 edocuit.

192 451 290 503 474,
338 451 401 493 17.
459 453 504 494 ἐν
532 451 762 510 Ἀλβανίᾳ]
799 468 928 510 supra
951 455 1080 495 Lazos
1110 459 1153 495 et
1180 454 1320 496 Iberos
1349 457 1400 497 ad
1425 458 1562 498 Asiam

87 509 306 550 Borealem
331 510 570 550 Turcarum
599 510 786 564 regione.

192 580 290 632 475,
323 581 387 622 10.
444 578 578 638 τούτῳ
623 582 682 638 τῷ
709 578 810 633 ἔτει]
856 582 928 639 qui
960 582 1159 623 adiuncto
1190 581 1392 623 laterculo
1423 584 1557 625 Chos-

82 636 168 678 rois
199 637 351 679 Persae
383 644 557 679 notatur
583 636 639 678 36
670 639 851 679 eiusdem
889 634 968 693 34,
998 638 1164 679 exhibet
1192 653 1285 693 pag.
1315 638 1395 680 256
1424 643 1555 681 later-

82 693 254 734 culum:
283 709 417 749 quare
438 694 634 735 Chosrois
663 696 923 748 trigesimum
966 696 1160 750 quintum
1188 694 1382 735 excidisse
1411 697 1554 739 Theo..

77 749 373 805 phanijector
402 750 672 792 condonabit.
731 752 790 792 ita
818 753 991 793 fuerunt
1022 751 1164 792 cuncti
1193 750 1371 793 codices.

196 833 305 875 Ibid.
344 833 407 875 13.
467 834 763 888 Κοσροηγένας
792 835 868 876 καί
883 835 1140 889 Περοζίτην]
1171 836 1453 876 correctiores
1484 835 1552 874 vi-

78 888 236 930 dentur
262 890 332 931 alii
363 891 489 932 codd.
518 906 591 944 ms,
632 892 703 931 ubi
734 891 877 947 legunt
906 892 1206 945 Χοσροηγέτας
1249 889 1322 932 καί
1351 888 1551 944 Περοζή-

77 959 170 992 τας.
226 947 357 988 vertit
394 948 506 988 enim
544 947 809 989 Anastasius:
851 949 925 1004 qui
960 948 1146 988 dicmztur
1186 947 1475 1002 Chosroegetae
1503 962 1553 988 ac

80 1003 312 1044 perozitae.

208 1075 318 1116 Ibid.
352 1074 419 1116 16.
488 1072 755 1129 κλεισούρας]
797 1077 889 1116 viae
931 1076 1042 1116 inter
1067 1083 1228 1116 montes
1267 1081 1476 1131 angustae,
1509 1081 1551 1116 et

76 1131 243 1172 obiecto
271 1139 411 1172 castro
442 1133 525 1173 iter
565 1132 890 1173 intercludentes
933 1134 1201 1183 κλεισοῦραι,
1233 1132 1388 1171 Latinis
1416 1132 1551 1172 clusu-

75 1201 151 1227 rae
178 1193 287 1228 sunt.
346 1188 418 1244 qui
461 1188 642 1229 claustra
691 1188 925 1229 huiusmodi
972 1187 1155 1229 custodit
1197 1187 1548 1242 κλεισουράρχης,

70 1243 165 1284 dux
188 1244 434 1286 limitaneus.
492 1244 771 1299 Pancirollus,
802 1245 1021 1297 meursius,
1049 1244 1250 1285 Lacerda.

202 1312 299 1368 476,
326 1315 367 1358 8.
422 1315 657 1372 Ἀβάσγων]
691 1319 802 1360 inter
829 1321 987 1371 Lazos,
1020 1319 1104 1359 sive
1137 1317 1316 1357 Colchos
1336 1350 1348 1370 ,
1381 1323 1425 1358 et
1449 1316 1547 1357 Ibe-

75 1386 159 1424 ros,
190 1373 340 1428 Abasgi
369 1375 510 1414 medii.

203 1446 314 1489 Ibid.
349 1449 415 1491 19.
475 1443 553 1501 τὴν
582 1445 706 1500 χεῖρά
736 1462 828 1501 σου,
857 1447 1055 1496 δέσποτα]
1085 1446 1366 1497 subiectionis,
1397 1450 1439 1486 et
1469 1459 1548 1500 pc..

70 1502 172 1542 titae
202 1504 574 1553 reconciliationis,
607 1505 731 1544 etiam
748 1504 892 1557 hodie,
909 1518 1055 1544 manus
1075 1503 1263 1544 osculum
1284 1501 1396 1558 apud
1412 1505 1547 1543 Grae-

73 1572 143 1598 cos
175 1557 312 1601 defert
344 1567 649 1616 argumentum.

202 1627 300 1684 484,
341 1633 379 1674 2.
454 1632 706 1687 μαγαρίτην]
749 1636 1036 1689 Agarenorum
1069 1632 1314 1687 religionem
1352 1629 1546 1686 profiteri

73 1693 133 1728 est
157 1689 434 1742 μαγαριζειν,
473 1693 530 1730 ait
571 1690 787 1730 Meursius.
859 1690 965 1729 bene
1004 1689 1187 1744 quidem,
1222 1688 1293 1729 sed
1325 1702 1408 1727 nou
1440 1702 1545 1726 euu-

70 1745 214 1785 cleate.
271 1760 380 1800 puer
412 1747 519 1787 bene
547 1746 654 1786 lotus
703 1763 725 1787 a
755 1747 933 1796 nutrice,
961 1751 1003 1785 et
1034 1746 1245 1785 illecebras
1274 1758 1345 1785 sua
1376 1742 1545 1783 mundi-

66 1802 125 1842 tie
152 1816 402 1856 provocans,
430 1804 462 1843 si
503 1809 642 1857 egesto
673 1810 821 1844 ventre
860 1808 988 1843 vestes
1018 1808 1273 1856 conspurcet
1301 1798 1543 1852 μαγαριζει,

67 1864 110 1899 et
139 1872 238 1898 vere
265 1859 314 1898 fit
339 1859 586 1912 μαγαρίτης.
660 1860 918 1900 Christianus
962 1859 1123 1913 pariter
1152 1858 1348 1898 sordibus
1378 1855 1543 1910 peccati

62 1915 261 1968 baptismi
287 1915 457 1956 lavacro
490 1916 749 1967 defaecatus,
788 1917 821 1956 si
864 1915 1026 1956 foedam
1057 1921 1099 1955 et
1128 1915 1336 1968 impuram
1365 1914 1543 1952 Sarace-

64 1986 216 2011 norum
247 1972 589 2025 superstitionem
619 1975 743 2023 colat,
780 1972 1031 2013 translatitio
1062 1986 1182 2012 sensu
1209 1966 1454 2022 μαγαρίζει.

200 2044 305 2087 Ibid.
336 2044 375 2084 4.
433 2044 479 2085 ἐκ
516 2042 599 2098 γὰρ
630 2045 845 2099 α’ληθινῶν
880 2040 1087 2097 τζαγγι’ων
1117 2042 1381 2097 ὲῇἰωρίζετο]
1410 2041 1540 2082 ocreis

67 2101 267 2141 nimirum
301 2102 527 2155 purpureis
558 2102 657 2156 imp.
689 2103 766 2142 soli
798 2103 1013 2144 concessis.

195 2171 293 2225 485,
322 2172 364 2213 4.
422 2171 528 2214 κατὰ
560 2175 671 2215 ΚΠ.
704 2174 961 2228 ἀπέστειλεν]
996 2190 1017 2213 a
1045 2174 1179 2213 Persis
1211 2178 1252 2211 et
1282 2170 1428 2211 Abaris
1461 2185 1538 2208 au-

62 2229 274 2270 xiliaribus
304 2245 414 2270 anno
445 2231 626 2270 Heraclii
645 2230 695 2271 16
727 2232 945 2283 obsessam,
974 2237 1018 2271 et
1048 2230 1244 2284 deiparae
1266 2227 1459 2281 precibus
1489 2240 1537 2263 ac

63 2285 221 2326 virtute
253 2287 474 2326 liberatam
514 2288 748 2327 chronicon
796 2287 1118 2327 Alexandrinum
1157 2285 1353 2324 fusissime
1383 2281 1537 2320 descri-

61 2342 138 2384 bit.
197 2343 458 2397 Nicepborus
487 2344 729 2398 patriarcha
765 2343 1025 2383 obsidionem
1065 2343 1238 2382 eandem
1266 2339 1431 2393 parcius
1463 2352 1537 2378 ex-

60 2400 219 2452 posuit,
252 2399 369 2454 quasi
401 2415 497 2439 cum
527 2401 708 2454 primum
742 2400 782 2439 in
816 2401 1000 2439 Persi-am
1035 2398 1247 2439 Heraclius
1280 2402 1375 2435 ante
1406 2406 1536 2432 annos

60 2461 143 2495 tres
174 2455 444 2509 irrumperet,
490 2464 737 2509 susceptam.
762 2498 769 2502 ,
799 2471 943 2495 verum
976 2453 1280 2509 prochronismi
1310 2448 1534 2490 ‹ab-erudi·

58 2511 214 2551 tiss-imo
247 2517 489 2564 temporum
530 2513 725 2553 rationali
762 2513 936 2553 Patavio
980 2513 1172 2567 arguitur
1215 2510 1255 2548 in
1297 2506 1404 2546 notis
1433 2505 1533 2546 edit.

0 2580 1 2583 ’
57 2568 158 2622 Reg.
189 2583 281 2622 pag.
313 2566 381 2609 67.

188 2639 301 2682 Ibid.
329 2641 369 2684 5.
423 2635 626 2693 Ἀβάρεις
652 2646 721 2692 τε]
752 2637 1029 2694 Βουλγάρους
1058 2638 1126 2678 hic
1154 2634 1373 2691 legendum
1401 2634 1533 2674 codex

57 2695 143 2735 Pal.
176 2696 330 2738 docet:
369 2699 677 2753 confirmatque
707 2698 904 2739 Anastasii
931 2698 1087 2736 versio:
1118 2694 1284 2733 Avares
1314 2706 1402 2732 cum
1425 2691 1533 2755 Vuf..

54 2753 225 2804 gae-ibus
260 2754 464 2810 (intellige
505 2755 713 2810 Bulgaris)
754 2764 794 2795 et
821 2754 996 2803 Sclavis‚
1043 2760 1082 2791 ec
1119 2748 1362 2805 G1pedibus.
1401 2746 1530 2797 Ἀβα-
