1728 3184
722 173 925 220 NOTAE.
1017 198 1021 202 ·
1430 167 1529 219 461

234 303 400 335 necnon
445 291 681 347 ensipotens
723 289 997 347 (spatharius)
1044 291 1334 337 membrorum
1375 291 1537 334 robore

233 404 398 445 astabat
427 403 588 456 Nax-sa,
616 353 1051 459 sedemqugogssffssht
1079 403 1280 456 herilem,

233 460 449 515 splendida
474 460 590 516 signa
615 474 777 516 gerens,
816 466 900 501 etc.

231 522 350 572 terga
378 523 520 573 tegens
553 516 714 559 domini
745 516 867 558 claiis
895 515 1123 572 fulgebat'
1110 532 1155 558 in
1182 517 1321 559 armis.

62 595 277 638 cecinerat
299 596 514 652 superius·

234 668 334 710 hinc
361 675 522 710 armata
551 683 695 710 manus
726 668 914 711 dextram
941 668 1185 725 laevamque
1213 674 1359 712 tuetur

228 726 411 791 caesarei
438 726 593 777 lateris,
623 726 777 782 clypeis
806 727 874 781 pia
905 731 1022 782 terga
1051 733 1093 768 te
1122 726 1221 768 ebat

232 782 375 838 ingens
403 783 632 834 excubitus,
664 788 1045 839 protectorumque
1071 798 1102 838 Ρ
1135 783 1312 839 alangeu.

172 852 508 927 376,11.την
547 855 683 897 οἰκίαν
711 856 931 925 Ναρσοῦ]
970 857 1080 912 orig.
1125 856 1205 898 CP.
1242 850 1296 896 τὰ
1324 855 1534 926 Ναρσοῦ,

58 903 173 959 Οἶκθς
216 905 271 966 ην
322 913 508 966 Ναρσθῦ
561 926 811 967 παῐρίκίθυ,
857 912 931 953 καὶ
977 911 1288 966 πραιποσιΐθυ·
1363 928 1435 954 καί
1479 928 1532 954 ἴα

55 961 168 1078 ’ἒξ-ΖΞ
193 968 377 1066 egat-sis
403 971 641 1026 comszcum
677 970 818 1011 domus
845 969 1001 1011 Nar-sis
1021 972 1195 1027 patricii
1234 979 1277 1011 et
1310 970 1537 1028 praepositi

169 1098 279 1140 [bid.
335 1096 414 1152 τὴν
456 1096 590 1152 μονὴν
619 1098 706 1140 τῶν
738 1098 979 1153 Καθαρῶν]
1028 1100 1069 1140 in
1116 1115 1220 1170 ‘1¹¹³
1236 1100 1314 1142 soli
1353 1099 1536 1142 eunuchi

57 1154 110 1194 ab
139 1153 379 1196 hominibus
406 1156 507 1198 faeti
537 1157 765 1212 degerent.
801 1171 903 1198 vere
931 1157 1150 1210 Καθαροι.
1208 1157 1266 1199 ita
1298 1173 1365 1199 me
1393 1157 1536 1213 legisse

55 1211 242 1252 memini.

166 1278 367 1323 lbid.12.
425 1276 613 1328 οἰκούσας
642 1279 689 1320 δὲ
719 1273 963 1331 ’lavato-og]
1007 1280 1154 1322 Iustini
1183 1287 1382 1336 nepotem
1411 1281 1535 1321 istum

51 1336 148 1391 pari
174 1336 345 1377 nomine
369 1342 568 1377 vocatum
605 1338 738 1379 refert
764 1337 969 1393 Euagrius
1010 1337 1079 1378 lib.
1109 1337 1135 1378 5
1166 1352 1263 1393 cap.
1293 1338 1332 1392 2,
1362 1351 1411 1378 ac
1443 1344 1534 1378 tum

53 1392 149 1443 hoc,
183 1399 274 1433 tum
305 1393 409 1435 locis
458 1393 547 1435 aliis
575 1394 719 1435 lustiui
763 1399 872 1446 acta,
904 1394 1019 1451 quasi
1046 1395 1241 1448 infensus,
1271 1395 1437 1437 sinistre
1465 1394 1534 1435 in-

53 1454 332 1506 terpretatur.

163 1529 283 1572 Ibid.
317 1529 383 1572 15.
427 1523 593 1583 ἤρξατο
622 1529 795 1585 κτίζειν]
830 1530 938 1586 orig.
970 1531 1050 1572 (ΞΡ.
1081 1537 1123 1572 et
1150 1530 1388 1586 Procopius
1415 1530 1485 1572 lib.
1508 1530 1529 1572 1

51 1586 106 1627 de
150 1586 273 1627 aedif.
323 1587 568 1628 iustiniani:
612 1588 686 1644 qui
713 1587 934 1629 Boi-ealem
961 1595 1003 1629 et
1032 1587 1351 1629 meridionalem
1378 1588 1419 1630 S.
1448 1589 1532 1630 So-

51 1642 175 1699 phiae
198 1644 347 1700 templi
377 1643 602 1686 testudines
632 1645 846 1686 Iustiniani
877 1644 1072 1686 aedificiis
1102 1644 1318 1687 adscribit.

166 1727 262 1779 377,
297 1728 333 1769 1.
384 1726 599 1781 εΡωμοιῑόί
620 1742 679 1779 τε,
719 1726 793 1770 καὶ
817 1730 994 1781 Πέρσαι
1034 1727 1110 1784 τήν
1137 1725 1308 1784 εἰρήνην
1337 1727 1529 1784 διέφθει-

48 1784 146 1840 ραν]
177 1801 200 1825 a
231 1785 367 1841 ruptis
394 1787 607 1827 Romanos
650 1787 762 1827 inter
789 1792 832 1828 et
858 1787 1003 1828 Persas
1037 1786 1278 1828 foederibus
1308 1786 1530 1827 historiam

46 1854 162 1881 suam
182 1841 460 1897 Theophanes
501 1843 756 1899 Byzantinus
797 1843 910 1898 apud
948 1843 1152 1885 Photium
1191 1843 1425 1884 succinctus
1454 1858 1527 1885 ex-

46 1903 137 1937 tans
167 1899 404 1953 auspicatus
431 1901 591 1941 fuerat:
632 1901 685 1942 ab
727 1914 778 1942 eo
812 1900 1116 1955 Theophanem
1150 1907 1343 1942 nostrum
1382 1899 1426 1940 in
1454 1914 1528 1942 sua

44 1955 203 2009 scripta
232 1955 446 1998 divertisse
472 1956 656 2011 plurima
690 1957 863 1998 omnino
896 1957 1147 1999 indubium.
1181 1972 1309 2023 quae
1330 1958 1397 1998 vel
1422 1971 1525 2012 per-

45 2010 162 2062 iisse,
206 2011 274 2054 vel
322 2027 346 2053 a
386 2013 528 2054 blattis
570 2014 753 2056 latenter
793 2013 970 2056 corrodi
1009 2029 1248 2066 musarum,
1276 2014 1310 2054 si
1343 2014 1435 2069 quis
1464 2020 1526 2056 est

44 2082 169 2109 amor
193 2069 395 2121 sincerus,
430 2070 644 2125 deplorat.
706 2072 963 2112 consulenda
981 2071 1203 2113 Menandri
1231 2078 1442 2126 excerpta.

155 2149 269 2191 Ibid.
299 2147 340 2190 3.
397 2148 473 2190 καί
506 2149 757 2191 ἀποστεῖλαι
806 2148 881 2192 τὸν
922 2151 1107 2204 βασιλέα
1147 2146 1410 2204 Ἰουλιανόν]
1460 2156 1523 2190 est

41 2205 244 2256 Nonnosi,
269 2206 402 2261 patris
430 2206 516 2246 eius
532 2207 715 2258 Abrami,
745 2223 910 2249 necnon
944 2208 1126 2249 eiusdem
1155 2208 1220 2247 axi
1250 2206 1303 2247 ad
1320 2206 1522 2247 Homeri-

41 2267 120 2315 tas,
149 2263 395 2313 Saracenos,
425 2270 468 2304 et
496 2263 721 2317 Aethiopas
750 2264 863 2306 inter
891 2265 1034 2306 Photii
1065 2265 1269 2320 epitomas
1301 2268 1520 2303 contracta

39 2319 210 2374 legatio.
270 2320 393 2361 video
447 2320 613 2360 nonnisi
653 2335 676 2360 a
724 2321 886 2362 Iuliano
934 2337 1085 2363 nomeu
1120 2322 1351 2363 diversum:
1383 2333 1447 2359 res
1475 2326 1519 2360 et

39 2389 240 2430 personas
272 2376 460 2418 incidere
487 2391 536 2417 ac
566 2377 692 2432 plane
720 2379 958 2420 consentire
990 2380 1182 2420 observo.
1214 2375 1316 2442 quid
1348 2375 1380 2415 si
1400 2376 1519 2416 Non-

40 2446 164 2474 nosus
191 2434 371 2474 alterum
410 2433 559 2475 iuliani
594 2448 778 2486 nomen,
808 2441 883 2476 aut
914 2436 1060 2476 Iuliani
1081 2433 1266 2476 Nonnosi
1296 2432 1338 2471 in
1375 2446 1424 2472 ea
1456 2432 1517 2472 le..

38 2489 210 2543 gatione
238 2490 401 2531 comes?
468 2491 607 2531 lector
647 2499 866 2533 accuratus
912 2493 1137 2534 discernet
1195 2488 1344 2531 Iuliani
1366 2502 1516 2543 parem

36 2546 227 2588 Nonnosi
256 2547 507 2603 legationem
545 2547 744 2589 indicasse
771 2549 958 2591 sufficiat.

151 2615 266 2657 Ibid.
289 2612 330 2656 4.
384 2612 614 2656 Ἰουλιανόν
653 2612 727 2656 τὸν
768 2612 1089 2670 μαγιστριανὸν]
1117 2609 1351 2657 Ἰουλιανόν
1377 2627 1516 2667 γραμ-

34 2671 174 2721 ματέα
202 2670 287 2712 τῶν
315 2670 583 2726 ἀπορρήτων,
614 2675 829 2725 asecoetis,
864 2674 1037 2713 laudant
1066 2679 1261 2725 excerpta
1292 2670 1515 2711 Menandri

37 2725 90 2767 de
115 2726 423 2783 legationibuS,
471 2735 515 2771 et
550 2731 786 2785 Procopius
827 2730 878 2771 de
926 2730 1035 2771 bello
1073 2731 1188 2769 Pers.
1216 2728 1515 2780 magistrianus

34 2781 146 2826 idem
174 2784 248 2842 qui
279 2785 447 2840 Suidae,
481 2792 524 2828 et
548 2787 823 2829 Basilicarum
850 2788 1009 2843 glossae
1028 2785 1351 2840 magistermnus,
1380 2782 1514 2839 (Lati-
