1794 3250
601 200 672 240 Ex
710 198 1060 254 THEOPHANE.
1167 221 1170 223 -
1462 187 1558 234 265

88 315 165 356 bus
196 315 250 355 sit
280 328 430 355 nomen
451 313 612 354 domini
639 312 923 364 benedictum,
947 311 1073 352 solius
1095 313 1201 366 regis
1230 327 1374 367 regum
1406 316 1449 351 et
1481 308 1562 350 do-

87 371 188 411 mini
218 369 502 412 dominorum.
560 384 696 425 porro
726 368 900 410 modum
914 368 1198 423 promotionis
1228 374 1324 408 tuae
1356 368 1435 408 deo
1463 365 1562 406 red-

88 427 161 478 do,
194 442 280 483 quo
307 434 480 482 excepto
512 426 570 468 nil
601 426 692 468 fieri
722 425 899 467 credidi.
954 430 1242 466 verumtamen
1274 425 1427 465 delatas
1459 420 1562 463 mihi

90 490 244 525 contra
272 489 316 526 te
343 498 472 538 super
500 482 714 539 dignitate,
745 498 828 538 qua
858 496 969 522 nnnc
998 481 1300 531 circumdaris,
1330 480 1561 521 auditiones
1575 496 1611 531 p.
1631 482 1703 518 742

90 555 175 580 non
209 540 399 595 ignoras3
430 555 531 595 quas
563 553 680 580 veras
710 539 832 581 fuisse
853 553 998 579 rerum
1021 537 1112 578 finis
1149 537 1344 587 ostendit,
1377 549 1562 592 quasque

86 598 118 636 si
147 596 319 637 moleste
373 596 577 647 tulissem,
618 595 739 636 facile
778 595 879 635 mibi
920 601 1012 635 erat
1059 593 1336 634 interficiendi
1366 599 1419 632 te.
1492 591 1564 631 sed

89 652 218 692 modo
250 652 494 694 iuramentis
523 652 604 692 tuis
631 651 822 704 fidendo,
863 651 992 692 modo
1035 651 1114 691 tibi
1148 650 1379 704 parcendo,
1411 649 1563 687 multos

87 709 192 749 mihi
222 707 397 750 devotos
426 708 689 764 parvipendi,
719 708 798 749 deo
830 723 938 763 quae
955 722 1044 748 mea
1075 713 1172 747 sunt
1190 706 1301 757 dans,
1331 720 1410 759 per
1438 719 1564 759 quem

89 780 206 821 reges
234 770 411 821 regnant
440 772 483 806 et
509 771 700 820 potentes
721 765 915 806 obtinent
943 770 1112 804 terram.
1142 763 1212 804 sed
1243 768 1285 802 et
1314 776 1436 811 nunc,
1468 775 1562 800 cum

88 822 140 863 sis
166 822 259 876 pins
287 827 330 863 et
357 823 411 862 ab
462 821 552 876 ipso
579 829 816 876 provectuS‚
849 827 891 861 te
935 828 983 861 ut
1012 821 1314 875 imperatorem
1344 817 1491 868 ador0,
1521 823 1564 856 et

89 884 191 932 peto
218 892 336 918 meae
367 892 545 932 parcere
574 878 825 919 infirmitati.
886 883 928 917 et
962 876 1147 917 concede
1178 875 1280 915 mihi
1311 891 1333 914 a
1362 889 1429 914 me
1458 887 1563 913 con-

87 941 292 975 structam
322 934 555 976 Eleutherii
601 934 774 975 domum
799 935 840 974 in
873 933 1261 978 reconciliationem
1292 932 1565 985 incompara«

86 991 178 1031 bilis
208 991 453 1032 calamitatis
482 994 637 1032 meae.'’
706 997 750 1032 at
789 991 857 1031 ille
889 990 947 1030 ait
989 995 1060 1031 “et
1084 991 1116 1030 si
1147 989 1228 1029 hoc
1258 988 1317 1028 vis
1349 988 1441 1028 fieri
1469 987 1564 1036 tibi,

88 1047 182 1098 iura
211 1047 316 1088 mibi
356 1061 436 1102 per
465 1062 631 1088 omnem
670 1047 856 1088 divinam
895 1048 1097 1087 virtutem
1137 1061 1221 1086 non
1269 1045 1566 1085 absconsuram

85 1109 128 1144 te
157 1104 382 1159 quicquam
414 1118 461 1146 ex
490 1104 691 1145 thesauris
721 1103 903 1158 imperii,
934 1109 977 1143 et
1009 1102 1218 1157 adimpleo
1236 1101 1566 1156 postulationem

90 1166 224 1211 tuam,'
250 1165 294 1201 et
326 1175 492 1201 omnem
526 1161 604 1201 tibi
641 1160 920 1214 placationem
961 1165 1002 1200 et
1034 1159 1222 1214 requiem
1250 1158 1398 1198 facio.''
1457 1171 1565 1211 quae

89 1216 245 1257 iuravit
275 1215 312 1257 ei
349 1216 403 1257 ad
440 1217 624 1271 pretiosa
668 1222 710 1257 et
739 1217 903 1256 vivifica
942 1216 1066 1270 ligna,
1098 1216 1193 1271 quia
1226 1229 1309 1254 non
1343 1213 1490 1254 celabo
1521 1218 1564 1252 te

87 1287 218 1327 usque
247 1271 299 1312 ad
345 1272 518 1313 obolum
561 1288 711 1321 unum;
750 1273 867 1328 quod
903 1278 945 1313 et
975 1273 1087 1313 fecit.
1156 1285 1303 1311 verum
1332 1270 1416 1320 ille,
1445 1268 1561 1324 quod

84 1328 347 1370 desiderabat
374 1328 561 1384 adeptus,
589 1329 784 1384 protinus
819 1329 939 1370 exilio
982 1328 1185 1383 relegavit
1217 1342 1306 1368 eam
1335 1341 1462 1381 penes
1495 1325 1562 1364 in-

86 1385 219 1425 sulam
246 1385 464 1440 principis,
494 1386 536 1425 in
568 1386 824 1426 monasterio
854 1384 970 1440 quod
1013 1386 1099 1439 ipsa
1127 1383 1433 1432 aedificaverat,
1463 1397 1559 1422 cum

83 1441 222 1482 adhuc
249 1447 382 1483 essent
408 1442 450 1481 in
483 1442 590 1483 urbe
619 1443 726 1483 missi
749 1442 892 1482 Caroli
925 1448 968 1482 et
998 1456 1104 1497 quae
1132 1442 1365 1495 agebantur
1399 1438 1558 1493 aspice-

83 1504 190 1539 rent.
248 1512 379 1539 vorax
426 1498 556 1552 igitur
591 1498 690 1549 iste,
735 1504 987 1546 cunctorum
1026 1498 1205 1551 imperio
1231 1503 1452 1551 percept0‚
1480 1509 1557 1534 nec

79 1554 222 1595 saltem
252 1569 405 1608 parum
438 1554 538 1609 quid
570 1554 700 1594 valuit
737 1554 952 1609 hypocrisi
983 1560 1124 1609 tegere
1150 1554 1326 1593 inditam
1357 1551 1555 1592 malitiam
1570 1571 1602 1605 p.
1620 1558 1690 1593 743

80 1618 125 1652 et
153 1611 373 1651 avaritiam
402 1626 544 1661 suam,
571 1612 642 1652 sed
681 1611 797 1666 quasi
850 1611 1058 1651 recisurus
1086 1610 1344 1661 iniustitiam,
1378 1623 1557 1663 nequam

79 1668 121 1707 in
150 1669 380 1722 Magnam-a
410 1672 453 1707 et
496 1667 693 1708 iniustum
722 1667 941 1707 constituit
983 1670 1074 1707 fore
1105 1666 1318 1708 iudicium.
1378 1664 1556 1705 intentio

79 1738 259 1780 namque
289 1730 471 1780 tyranno
506 1731 611 1775 erat,
640 1731 686 1765 ut
731 1724 844 1779 ipsae
873 1738 936 1765 res
962 1723 1250 1773 ostenderunt,
1278 1737 1363 1762 non
1394 1735 1557 1776 paupe-

80 1779 197 1820 ribus
226 1780 320 1820 iura
352 1779 591 1831 tribuendi,
636 1779 707 1821 sed
750 1796 829 1834 per
857 1780 936 1820 hoc
977 1794 1120 1820 omnes
1162 1779 1236 1835 qui
1268 1778 1407 1834 magni
1436 1782 1558 1818 erant

82 1835 368 1877 inhonorandi
384 1838 418 1887 *)
450 1843 494 1877 et
524 1837 776 1892 captivandi,
808 1844 851 1878 et
880 1837 932 1877 ad
960 1851 1002 1877 se
1019 1851 1127 1892 quae
1158 1843 1412 1877 cunctorum
1436 1839 1557 1874 erant

80 1893 208 1946 impie
241 1892 543 1941 transferendi3
576 1893 692 1949 quod
720 1900 764 1934 et
790 1893 902 1934 fecit.
963 1892 1104 1933 videns
1137 1898 1276 1932 autem
1309 1906 1450 1933 omnes
1479 1890 1556 1930 ad-

76 1963 219 1988 versus
248 1964 291 1990 se
322 1949 605 2000 contristatos,
634 1956 676 1991 et
703 1964 858 2005 pavens
889 1965 940 1990 ne
968 1951 1080 1990 forte
1111 1963 1317 1989 memores
1351 1947 1557 1988 Heirenae

76 2006 172 2059 piae
200 2004 501 2047 beneficiorum
534 2007 782 2047 asciscerent
811 2022 900 2047 eam
932 2007 1086 2047 iterum
1119 2005 1171 2045 ad
1198 2005 1436 2059 imperium,
1468 2004 1557 2043 No-

74 2061 269 2102 vembrio
299 2077 465 2117 mense,
493 2061 631 2104 hieme
680 2063 858 2103 nimium
901 2063 1143 2103 imminente
1187 2062 1330 2116 gravi,
1370 2075 1454 2101 non
1497 2065 1557 2100 est

76 2118 201 2173 ipsius
231 2118 423 2159 misertus
463 2118 757 2160 immisericors
791 2121 889 2170 ille,
919 2119 990 2160 sed
1021 2119 1142 2160 exilio
1176 2117 1396 2172 deportari
1426 2131 1554 2171 prae-

75 2174 190 2228 cepit
217 2175 258 2214 in
309 2174 484 2215 insulam
516 2176 694 2218 Lesbum
735 2182 777 2218 et
806 2176 1038 2216 cautissime
1075 2175 1296 2227 custodiri,
1327 2174 1427 2228 quin
1457 2178 1499 2213 et
1529 2187 1551 2211 a

76 2231 242 2271 nemine
268 2231 434 2286 penitus
464 2233 671 2274 contueri.
728 2247 863 2288 porro
892 2232 1030 2287 pridie
1060 2230 1254 2273 kalendas
1282 2231 1410 2270 Maias
1436 2242 1552 2268 mor-

73 2292 168 2327 tuus
200 2293 260 2328 est
301 2288 447 2328 Niceta
481 2288 751 2345 TriphyliuS,
782 2297 830 2330 ut
873 2291 1006 2342 aiunt,
1052 2304 1075 2329 a
1104 2287 1345 2342 Nicephoro
1387 2299 1550 2326 veneno

74 2343 291 2384 extinctus.
350 2350 392 2384 et
420 2344 540 2383 nonis
569 2345 710 2399 Maiis,
741 2346 843 2386 feria
878 2347 1049 2401 quinta,
1078 2360 1175 2385 cum
1206 2342 1465 2398 Nicephorus
1498 2340 1551 2380 ad

72 2400 318 2440 suburbana
347 2399 618 2441 Chalcedonis
646 2400 810 2443 exiisset
843 2416 1084 2458 equumque
1110 2407 1370 2441 mansuetum
1402 2404 1444 2438 et
1470 2396 1551 2436 mi-

72 2455 272 2496 tissimum
312 2455 557 2508 ascendisset,
605 2457 718 2498 hunc
747 2473 795 2499 ex
823 2458 889 2499 dei
922 2458 1191 2513 providentia
1227 2456 1419 2497 deiiciens
1448 2453 1550 2494 dex-

72 2517 187 2553 trum
219 2511 369 2568 pedem
399 2513 525 2568 ipsius
555 2514 770 2555 contrivit.
828 2521 871 2556 at
889 2529 990 2556 vero
1020 2514 1183 2555 decimo
1218 2517 1371 2568 quarto
1402 2509 1549 2551 kalen-

122 2669 158 2715 “’)
185 2667 444 2717 inhonorandi]
474 2667 671 2717 ἀτιμάσαι.
706 2670 958 2706 Tertullianus
995 2671 1040 2705 de
1078 2671 1159 2714 fuga
1191 2668 1228 2701 in
1257 2671 1461 2713 persecut:
1489 2666 1550 2700 in-

167 2713 327 2751 honores
354 2717 472 2752 illum.
502 2723 540 2752 et
562 2718 830 2754 inhonorabilis
854 2719 954 2766 apud
978 2717 1147 2753 eundem.
1171 2717 1204 2750 S.
1233 2715 1394 2759 ignatius
1421 2725 1479 2761 ep.
1505 2713 1553 2747 ad

166 2763 306 2803 Philad.
344 2764 602 2813 ἀτιμάσαντες
642 2765 788 2808 αὐτούς.
809 2774 881 2804 vet.
910 2769 976 2803 int.
1007 2765 1322 2801 inhonoraverunt
1349 2763 1461 2811 ipsoS.
1487 2762 1551 2797 alii

169 2810 396 2848 dehonorare
412 2819 568 2850 vertunt.
622 2813 730 2851 Fun.
