1768 3268
246 221 340 268 190
454 223 738 267 ANASTASH
778 221 1038 265 HISTORIA
1077 220 1488 265 ECCLESIASTlCA

244 347 291 381 ut
317 339 453 379 virum
472 338 740 379 vehementer
763 338 971 388 idoneum,
1000 337 1248 392 singularem
1265 343 1506 390 praetorem
1523 338 1708 379 omnium

244 397 495 436 exteriorum
526 396 781 449 equestrium
803 395 1058 435 exercituum
1091 399 1334 448 promotum
1363 393 1404 432 in
1438 400 1580 446 partes
1599 396 1711 450 Cap-

243 452 443 508 padociae
472 465 520 491 ac
550 452 837 491 clausurarum
879 451 1118 491 discurrere
1147 456 1381 504 contraque
1402 451 1537 491 hostes
1566 465 1711 492 curam

245 505 287 551 et
317 507 628 562 dispositionem
661 507 797 547 facere
831 506 954 547 misit.

113 606 147 640 p.
163 593 232 629 569
287 613 290 615 >
355 585 501 627 Mundi
529 599 636 625 anno
652 582 773 635 6191,
808 585 969 625 divinae
1007 582 1302 623 incarnationis
1333 598 1442 624 anno
1471 582 1566 636 691,
1599 601 1710 627 anno

244 657 345 684 vero
374 642 538 697 imperii
576 642 778 682 Absimari
822 641 973 694 prim0‚
1005 639 1077 694 qui
1106 645 1263 693 septem
1292 639 1464 680 circiter
1491 641 1712 695 imperavit

246 699 375 750 annis,
403 695 675 740 tumultuatus
700 703 761 738 est
778 695 1090 737 Abderachman
1124 695 1166 733 in
1197 695 1377 750 Perside,
1406 702 1448 737 et
1477 695 1712 739 dominatus

247 763 307 798 est
335 756 385 807 ei,
412 761 453 796 et
480 761 721 809 persecutus
750 760 808 794 est
836 754 887 794 ab
916 753 1002 807 ipsa
1033 751 1205 805 chagan.

361 835 482 874 Anno
516 832 681 887 imperii
697 832 898 872 Absimari
925 829 1105 871 secundo
1123 831 1297 871 Romani
1325 844 1403 885 per
1419 831 1582 887 Syriam
1610 848 1714 888 per-

250 896 459 946 agranteS,
489 897 531 929 et
564 890 770 929 venientes
799 902 927 943 usque
957 887 1008 926 ad
1041 887 1313 938 Samosatum,
1344 893 1387 928 et
1412 887 1711 943 depraedantes

251 949 577 1001 circumquaque
628 944 864 999 regionem,
895 943 1044 983 multos
1086 943 1347 993 occiderunt,
1377 945 1490 985 milia
1521 944 1713 987 videlicet

250 1004 447 1052 Arabum,
478 1009 523 1041 ut
563 1002 726 1051 ferunt,
758 1001 960 1049 ducenta,
998 999 1269 1054 plurimisque
1297 1000 1438 1054 spoliis
1465 1002 1638 1056 sumptis
1668 1008 1711 1043 et

248 1059 527 1114 captivatione
567 1057 749 1097 Arabum
797 1056 925 1096 multa
959 1055 1114 1096 reversi
1151 1062 1270 1108 sunt,
1306 1057 1460 1099 timore
1486 1073 1638 1114 magno
1670 1060 1710 1100 in

247 1130 316 1158 eos
342 1120 522 1170 patrato,

361 1194 480 1233 Anno
512 1191 676 1246 imperii
707 1189 911 1231 Absimari
944 1190 1073 1231 tertio
1106 1192 1336 1231 exercitum
1369 1192 1504 1233 movit
1533 1193 1710 1234 Abdelas

247 1249 289 1289 in
319 1249 586 1299 Romauiam,
634 1254 676 1288 et
717 1260 951 1301 expugnans
991 1247 1226 1287 Tarentum
1267 1247 1453 1304 nihilque
1488 1249 1713 1304 proficiens

247 1305 404 1400 rediit,
444 1319 492 1346 ac
538 1302 767 1345 aedificavit
811 1303 1128 1357 Mopsuestiam,
1173 1309 1216 1345 et
1255 1305 1396 1359 posuit
1449 1306 1488 1346 in
1544 1319 1591 1346 ea
1637 1320 1712 1347 cu-

244 1368 392 1402 stoces.

354 1440 473 1479 Anno
502 1436 888 1493 imperiiAbsimari
918 1443 1070 1492 quarto
1090 1437 1244 1478 Baanes
1270 1444 1550 1493 cognomento
1579 1439 1716 1495 Epta-

246 1494 393 1536 demon
440 1501 633 1550 quartam
677 1494 914 1535 Armeniam
954 1494 1161 1534 Arabibus
1207 1494 1403 1539 subdidit.
1477 1496 1714 1537 Absimarus

118 1555 234 1603 p.570
248 1565 347 1592 vero
375 1551 671 1605 philippicum,
702 1551 832 1591 filium
860 1550 1088 1604 Nicephori
1118 1551 1302 1605 patricii,
1334 1551 1375 1590 in
1408 1550 1716 1607 Cephalleniam

249 1607 404 1648 exulem
443 1608 552 1647 misit
589 1614 635 1648 ut
679 1607 913 1662 imperandi
954 1606 1117 1646 somnio
1159 1606 1469 1648 venundatum:
1508 1609 1717 1650 asserebat

249 1664 358 1704 enim
386 1678 427 1703 se
475 1663 514 1703 in
547 1664 696 1704 somnis
734 1663 882 1704 vidisse
926 1662 1042 1718 quod
1070 1669 1198 1718 caput
1236 1678 1356 1704 suum
1388 1666 1718 1708 obumbraretur

248 1721 299 1760 ab
332 1719 479 1774 aquila.
555 1720 702 1775 quibus
741 1720 973 1776 imperator
1017 1719 1167 1761 auditis
1206 1719 1318 1761 hunc
1357 1722 1551 1776 protinus
1593 1722 1714 1763 exilio

250 1775 463 1832 relegavit.

361 1856 481 1894 Anno
509 1854 672 1908 imperii
702 1853 902 1895 Absimari
931 1854 1079 1910 quinto
1123 1854 1367 1896 seditionem
1396 1854 1718 1898 concitaverunt

250 1911 462 1966 principes
502 1911 723 1951 Armeniae
771 1916 919 1950 contra
947 1912 1203 1962 Saracenos,
1251 1917 1292 1951 et
1319 1926 1387 1951 eos
1419 1912 1491 1966 qui
1522 1919 1643 1953 erant
1675 1913 1716 1953 in

250 1968 445 2007 Armenia
486 1972 785 2020 peremerunt,
820 1973 861 2007 et
887 1967 1041 2008 iterum
1072 1967 1124 2008 ad
1154 1967 1418 2009 Absimarum
1452 1968 1640 2016 mittunt,
1675 1975 1719 2010 et

252 2025 460 2063 Romanos
492 2024 534 2062 in
564 2023 777 2077 regionem
812 2038 926 2063 suam
956 2023 1179 2065 adducunt.
1239 2038 1374 2078 porro
1402 2025 1597 2067 Muamed
1627 2026 1718 2066 acie

255 2079 448 2120 adversus
481 2093 548 2119 eos
579 2078 736 2119 directa
776 2080 927 2121 multos
958 2081 1127 2132 occidit,
1162 2086 1204 2121 et
1233 2081 1473 2121 Armeniam
1502 2082 1719 2124 Saracenis

253 2136 470 2185 submittit,
504 2136 801 2190 optimatesque
821 2137 1116 2178 Armeniorum
1133 2137 1410 2178 coacervatim
1432 2138 1473 2177 in
1506 2153 1592 2179 uno
1624 2139 1718 2178 loco

254 2192 435 2232 viventes
474 2191 671 2231 incendit.
746 2207 822 2246 per
859 2191 966 2233 idem
994 2208 1096 2233 vero
1136 2201 1299 2247 tempus
1333 2194 1560 2235 exercitum
1588 2195 1722 2235 movit

253 2249 359 2287 Azar
388 2247 430 2287 in
465 2247 645 2287 Ciliciam
669 2262 762 2287 cum
794 2247 934 2289 decem
952 2250 1147 2302 milibu53
1179 2251 1356 2290 cuicum
1381 2251 1530 2292 obvius
1561 2265 1717 2290 occur.

254 2304 374 2344 risset
405 2304 617 2344 Heraclius
647 2305 777 2343 frater
806 2305 1097 2360 imperatoris,
1130 2306 1334 2361 plurimos
1368 2321 1517 2349 eorum
1546 2306 1720 2361 occidit,

254 2360 438 2401 residuos
466 2374 568 2400 vero
599 2359 757 2400 vinctos
783 2360 1027 2414 imperatori
1056 2363 1295 2404 transmisit.

368 2437 485 2473 Anno
516 2431 682 2485 imperii
703 2432 898 2473 Absimari
931 2442 1043 2475 sexto
1074 2434 1222 2475 Azidus
1252 2434 1382 2475 Cunei
1412 2434 1541 2475 aciem
1571 2442 1721 2476 contra

256 2490 440 2529 Ciliciam
470 2489 616 2539 movit,
649 2503 966 2545 expugnansque
996 2492 1099 2530 Sisvi
1127 2499 1308 2531 castrum
1339 2521 1348 2530 .
1380 2519 1390 2530 .
1422 2521 1432 2531 .
1462 2521 1471 2531 .
1505 2492 1720 2532 Heraclius

255 2545 520 2600 imperatoris
550 2546 681 2584 frater
708 2545 903 2596 obtinuit,
935 2554 976 2587 et
1003 2548 1157 2587 bellum
1179 2548 1219 2587 in
1253 2562 1347 2587 eum
1369 2561 1579 2602 aggressus
1611 2549 1722 2588 Ara-
1761 2601 1766 2603 λ

255 2602 356 2642 hum
387 2601 609 2642 duodecim
649 2601 761 2640 milia
806 2609 936 2642 necat.
997 2603 1154 2644 interea
1191 2604 1437 2644 Iustinianus
1468 2618 1564 2644 cum
1594 2618 1721 2659 penes

258 2657 508 2698 Chersonam
550 2657 720 2711 degeret
754 2664 865 2696 etse
904 2658 1055 2699 iterum
1097 2661 1402 2714 imperaturum
1451 2660 1722 2700 concionatus

130 2728 166 2764 p.
179 2713 547 2763 571denuntiaret,
579 2714 743 2754 accolae
774 2713 966 2754 locorum
1004 2717 1233 2757 eorundem
1261 2716 1480 2757 discrimen
1511 2731 1559 2757 ex
1588 2717 1722 2771 impe-

260 2769 324 2810 rio
354 2771 580 2824 provenire
608 2775 849 2821 metuentes,
881 2771 1085 2811 consiliati
1115 2779 1209 2812 sunt
1241 2772 1353 2813 hunc
1383 2774 1621 2814 interficere
1652 2773 1718 2814 vel

259 2833 374 2867 certe
423 2827 666 2881 imperatori
717 2827 1013 2868 transmittere.
1083 2829 1166 2882 ipse
1194 2843 1295 2870 vero
1327 2843 1420 2869 cum
1453 2827 1494 2869 id
1524 2828 1722 2882 sensisset,
