1728 3184
685 178 887 222 none,
1427 160 1526 219 459

59 296 334 394 ru=33sonina
376 295 546 352 profert
586 294 628 335 in
657 293 842 336 medium
869 293 1092 334 Liberatus
1128 292 1330 335 breviarii
1355 306 1447 347 cap.
1476 290 1531 333 20

56 360 99 395 et
189 381 202 394 .
412 370 455 399 ὀ

177 427 276 480 3⁶12,
290 430 370 473 19.
387 423 594 483 Ἰωάννην
625 426 675 469 δέ
701 441 795 470 τινα
822 426 1028 482 μοναχόν]
1059 427 1172 468 locus
1204 443 1227 468 a
1255 427 1534 481 corruptione

57 485 293 527 nullatenus
306 485 588 526 vindicandus:
601 485 720 540 quod
735 499 832 525 cum
850 484 1081 540 praemissis
1101 484 1415 525 narratiuncula
1429 483 1534 524 haec

58 541 173 584 nulla
195 542 361 583 ratione
388 542 627 583 cohaereat.
655 542 799 582 variae
826 541 1026 582 lectiones
1044 538 1166 581 δόλον
1183 541 1225 594 in
1253 555 1340 581 uno
1369 539 1532 590 codice,

55 597 212 639 δοῦλον
237 598 278 639 ἰη
309 600 446 640 altero
471 596 1071 652 subindicantesinterpolandi
1090 602 1319 651 suggerunt
1335 596 1534 638 animum.

55 668 141 695 non
173 654 347 696 illubens
378 655 522 710 itaque
559 655 666 710 lego,
693 652 769 695 καί
795 654 855 704 εἰς
881 654 926 695 ἓν
950 650 1232 701 συνελθόντες
1258 652 1302 693 οἳ
1326 667 1369 693 τε
1399 653 1439 693 Γ
1437 655 1536 693 αἴα-

53 713 180 765 verm,
208 711 284 752 καί
308 709 350 752 οἱ
378 709 658 754 Θεοδοσιανοί
683 707 821 751 κοινὸν
859 709 1086 752 ἐπίσκοπον
1113 704 1279 755 ἑαυτοῖς
1309 705 1531 758 ε’νεθρόνι-

54 781 152 819 σαν,
177 767 252 808 καί
277 764 601 822 ἐχειροτόνησαν
628 765 831 821 Ἰωάννην
858 765 953 807 τινὰ
978 763 1190 818 μοναχόν·
1248 762 1298 805 ὃν
1326 762 1364 806 οἱ
1394 765 1534 805 Γαῖα-

57 826 172 864 νῖται
199 819 323 865 δόλον
360 825 445 878 (vel
476 823 646 879 δοῦλον)
682 819 1045 876 ὑπομεμενηκέναι
1075 822 1336 875 νομίσαντες,
1362 818 1435 861 τὸν
1464 821 1538 860 καί

54 875 107 920 τὰ
138 874 262 933 ἑξῆς·
319 882 596 921 convenientes
624 884 669 921 in
696 895 818 921 unum
846 890 930 920 tam
951 877 1227 919 Theodosiana*
1253 893 1374 933 quam
1405 877 1539 917 Gaia-

58 936 175 977 m‘tae
202 949 451 978 communem
481 938 560 977 sibi
584 938 816 994 episcopum
829 933 1133 992 praefecerunt,
1166 944 1206 975 et
1232 935 1428 976 Ioannem
1446 949 1536 974 mo-

54 993 226 1033 naellam
253 993 458 1049 quendam
493 1009 609 1034 sacro
645 995 728 1033 ritu
756 995 1019 1040 instituerunt,
1051 991 1261 1045 eidemque
1290 992 1435 1031 abbati
1461 991 1539 1031 do-

55 1049 140 1089 lum
175 1064 217 1090 se
246 1064 392 1106 passos
432 1051 626 1092 arbitrali
671 1050 891 1090 Gaianitae
930 1049 1095 1089 barbam
1137 1063 1225 1088 cum
1263 1049 1374 1103 pelle
1413 1056 1539 1100 atque

55 1119 180 1146 cat-ne
201 1105 477 1147 detraxerunt.
508 1113 551 1147 et
582 1106 770 1147 dictione
797 1106 964 1156 δοῦλον,
994 1111 1042 1145 ut
1064 1103 1149 1144 Pal.
1181 1110 1225 1146 et
1254 1105 1383 1144 Barb.
1413 1101 1538 1144 codd.

57 1161 219 1216 legunt,
248 1163 487 1218 supposita:
517 1162 727 1219 eidemque
755 1162 921 1212 abbati,
954 1161 1068 1218 qnod
1091 1175 1254 1201 servum
1288 1161 1344 1212 (in
1375 1161 1541 1215 episco-

56 1218 143 1273 pali
174 1217 285 1271 sede)
310 1233 352 1260 se
381 1219 681 1260 arbitrarentur·
710 1220 956 1268 sustinuisse,
988 1218 1212 1258 caianitae
1243 1218 1428 1269 barbam,
1460 1222 1540 1257 etc.

57 1276 199 1316 forsan
230 1275 341 1317 enim
370 1276 412 1316 in
436 1277 592 1317 Ioanne
613 1276 693 1317 isto
721 1275 849 1316 delusi
874 1276 1042 1315 fuerant
1061 1273 1293 1325 Gaianitae,
1322 1281 1396 1315 aut
1425 1278 1541 1314 certe

55 1346 225 1372 servum
267 1333 445 1374 eundem
498 1333 552 1373 ab
593 1333 648 1373 eis
692 1333 950 1373 aestimatum
1003 1345 1141 1386 poena
1196 1345 1368 1386 quoque
1400 1329 1542 1371 servili

55 1388 382 1440 mulctaverunt,
413 1389 572 1430 barbae
602 1390 802 1430 nimirum
821 1387 1075 1430 decussione.
1136 1388 1370 1428 Anastasius
1399 1387 1543 1426 Theo-

55 1444 203 1500 phanis
230 1460 338 1500 pene
368 1446 576 1500 interpres
603 1446 797 1486 mutilum
827 1445 1000 1486 omnino
1035 1459 1198 1485 sensum
1226 1444 1296 1484 hic
1326 1443 1539 1497 exprimit.

57 1502 270 1543 cuiusdam
293 1503 458 1544 abbatii
482 1503 695 1556 (abbatis)
725 1501 898 1543 barbam
946 1510 1033 1541 cute
1061 1512 1179 1558 atque
1203 1515 1325 1540 carne
1353 1500 1543 1540 decoria-

55 1572 166 1599 vere.
221 1554 441 1614 ειὼίιιυςίί
470 1574 578 1615 quae
618 1559 789 1600 Graecis
831 1559 872 1598 in
915 1558 1042 1598 codd.
1089 1557 1324 1598 nullatenus
1354 1557 1542 1611 legimuS.

56 1615 192 1655 taliter
216 1625 348 1656 autem
373 1618 669 1657 haereticorum
702 1616 904 1656 dementia
934 1630 1071 1669 gerere
1098 1615 1321 1667 εοηειιευίτ,
1349 1613 1454 1654 adeo
1484 1622 1540 1663 ut,

55 1686 159 1727 quae
184 1671 448 1727 Paganorum
474 1682 564 1714 sunt
593 1674 791 1713 multoties
818 1681 1050 1728 operentur.
1429 1676 1436 1685 ’

166 1743 264 1798 373,
289 1745 331 1787 5.
385 1745 492 1801 μηνί
517 1744 747 1802 Νοεμβριζο
776 1742 859 1801 ιδ’]
895 1745 953 1785 ita
984 1744 1218 1786 chronicon
1250 1741 1483 1785 Alexandri.

168 1819 277 1860 Ibid.
310 1817 349 1860 9.
408 1818 592 1875 Σοφίαν]
618 1818 873 1860 Theodorae
907 1824 1088 1872 neptem,
1119 1818 1205 1873 ipse
1234 1833 1281 1859 ex
1312 1816 1540 1872 Vigilantia

58 1875 455 1941 sorore-Iustiniani
506 1890 662 1931 nepoS,
710 1882 752 1917 et
785 1875 1021 1917 Dulcissimi
1062 1875 1181 1916 filius.
1238 1875 1394 1918 Victor
1420 1874 1541 1915 Tun-

58 1947 268 1974 nonensis.

166 2005 276 2047 Ibid.
309 2005 375 2047 18.
449 2005 683 2060 Αἰθέριος,
714 2003 789 2047 καὶ
817 1998 1011 2058 ”Αβδιος]
1054 2005 1106 2046 de
1134 2005 1308 2046 illorum
1338 2004 1542 2044 coniura-

55 2062 186 2114 tione,
215 2069 259 2104 et
286 2063 475 2105 moribus
507 2064 713 2120 Euagrius
766 2070 1014 2104 coaetaneus
1056 2063 1128 2106 lib.
1156 2062 1183 2102 5
1225 2076 1316 2117 cap.
1347 2061 1386 2104 2.
1443 2059 1540 2102 'Ad-

56 2118 179 2160 δαῖον
209 2134 344 2174 porro
379 2119 607 2161 secundum
633 2120 745 2161 hunc
774 2125 1007 2175 nuncupat.

168 2187 279 2228 Ibid.
309 2187 378 2229 20.
453 2187 625 2243 ἐποίησε
674 2189 722 2230 δὲ
754 2187 978 2243 anciram]
1023 2189 1076 2229 ab
1107 2188 1198 2243 ipso
1246 2186 1403 2227 Iustino
1436 2197 1541 2240 pro-

52 2243 171 2284 missa
199 2259 377 2286 munera
409 2259 535 2300 quam
571 2246 754 2301 ingentia
787 2246 902 2287 canit
930 2245 1142 2301 Corippus
1171 2245 1240 2284 lib.
1268 2243 1295 2284 3
1327 2250 1369 2284 et
1398 2238 1439 2282 4.
1469 2242 1540 2282 di-

55 2301 151 2343 tabo
175 2302 319 2357 plebes
349 2303 506 2359 opibus,
534 2309 613 2343 etc.

164 2370 260 2428 374,
292 2374 332 2416 5.
399 2375 639 2428 Μακαριόυ
680 2371 777 2416 τότε
814 2375 1108 2432 ἐκβληθέντος]
1151 2371 1381 2427 Nicephori
1409 2371 1540 2412 chro-

54 2430 194 2472 nicon.
227 2431 436 2487 Euagrius
465 2433 542 2473 lib.
572 2432 601 2472 4
628 2447 722 2487 cap.
743 2431 814 2473 36.
873 2429 1063 2488 ἔφασκον
1092 2429 1175 2485 γὰρ
1207 2425 1318 2470 αὕιιὶ
1347 2423 1399 2469 τὰ
1426 2425 1543 2479 Ὠρι-

52 2487 198 2540 γὲνους
225 2486 477 2543 πρεσβεύειν
506 2488 711 2542 δόγματα.
750 2490 979 2542 fiet-ebatur
1005 2503 1093 2529 eum
1127 2487 1320 2541 origenis
1346 2485 1541 2539 dogmata

51 2553 236 2585 tutatum.
292 2560 455 2586 meram
481 2542 696 2599 συσκευὴν
724 2546 929 2587 existimat
957 2553 1122 2586 auctor.

162 2617 358 2661 Ibid.15.
416 2613 628 2669 Εὕτύχιος
654 2616 702 2659 δὲ
732 2612 951 2675 ἀπελθών]
985 2617 1188 2673 Euagrius
1209 2613 1324 2656 lib.5
1357 2627 1450 2670 cap.
1471 2611 1539 2662 16,

50 2671 282 2728 Nicephori
325 2674 576 2715 chronicon.

144 2741 261 2794 375,
293 2744 333 2783 2.
394 2739 609 2793 μανδάτα]
654 2745 860 2800 principis
890 2757 1094 2799 responsa,
1128 2755 1235 2795 quae
1267 2738 1339 2795 qui
1374 2737 1540 2779 denun-

54 2796 217 2853 tiabat,
258 2801 494 2851 mandator,
522 2798 575 2841 de
605 2815 692 2856 quo
715 2816 856 2856 supra.
914 2800 1012 2840 hinc
1041 2795 1540 2852 vuigaris-recentiorum
