<?xml version="1.0" encoding="UTF-8"?>
<!DOCTYPE html PUBLIC "-//W3C//DTD XHTML 1.0 Transitional//EN"
    "http://www.w3.org/TR/xhtml1/DTD/xhtml1-transitional.dtd">
<html xmlns="http://www.w3.org/1999/xhtml" xml:lang="en" lang="en">
 <head>
  <title>
</title>
<meta http-equiv="Content-Type" content="text/html;charset=utf-8" />
  <meta name='ocr-system' content='tesseract 3.04.00' />
  <meta name='ocr-capabilities' content='ocr_page ocr_carea ocr_par ocr_line ocrx_word'/>
</head>
<body>
  <div class='ocr_page' id='page_1' title='image "./corpusscriptorum47niebuoft_0070.png"; bbox 0 0 1768 3268; ppageno 0'>
   <div class='ocr_carea' id='block_1_1' title="bbox 259 213 1495 266">
    <p class='ocr_par' dir='ltr' id='par_1_1' title="bbox 259 213 1495 266">
     <span class='ocr_line' id='line_1_1' title="bbox 259 213 1495 266; baseline -0.008 -1"><span class='ocrx_word' id='word_1_1' title='bbox 259 217 322 266; x_wconf 86' lang='grc'>60</span> <span class='ocrx_word' id='word_1_2' title='bbox 456 218 736 264; x_wconf 83' lang='lat' dir='ltr'>ANASTASn</span> <span class='ocrx_word' id='word_1_3' title='bbox 776 218 1036 262; x_wconf 75' lang='lat' dir='ltr'>His&#39;romA</span> <span class='ocrx_word' id='word_1_4' title='bbox 1075 213 1495 259; x_wconf 75' lang='lat' dir='ltr'>ECCLEsiAs‘nCA</span> 
     </span>
    </p>
   </div>
   <div class='ocr_carea' id='block_1_2' title="bbox 130 315 1753 2648">
    <p class='ocr_par' dir='ltr' id='par_1_2' title="bbox 130 315 1726 1447">
     <span class='ocr_line' id='line_1_2' title="bbox 255 315 1717 382; baseline -0.008 -14"><span class='ocrx_word' id='word_1_5' title='bbox 255 332 432 382; x_wconf 81' lang='lat' dir='ltr'><strong>saperet,</strong></span> <span class='ocrx_word' id='word_1_6' title='bbox 460 325 625 380; x_wconf 81' lang='lat' dir='ltr'><strong>plausus</strong></span> <span class='ocrx_word' id='word_1_7' title='bbox 652 330 694 365; x_wconf 85' lang='lat' dir='ltr'>et</span> <span class='ocrx_word' id='word_1_8' title='bbox 722 323 873 365; x_wconf 85' lang='lat' dir='ltr'>choros</span> <span class='ocrx_word' id='word_1_9' title='bbox 906 330 947 364; x_wconf 87' lang='lat' dir='ltr'>et</span> <span class='ocrx_word' id='word_1_10' title='bbox 977 321 1213 363; x_wconf 79' lang='lat' dir='ltr'>saltationes</span> <span class='ocrx_word' id='word_1_11' title='bbox 1245 319 1455 360; x_wconf 87' lang='lat' dir='ltr'>celebrans</span> <span class='ocrx_word' id='word_1_12' title='bbox 1490 315 1717 357; x_wconf 80' lang='lat' dir='ltr'>tumultus-</span> 
     </span>
     <span class='ocr_line' id='line_1_3' title="bbox 261 373 1716 438; baseline -0.008 -15"><span class='ocrx_word' id='word_1_13' title='bbox 261 398 341 438; x_wconf 90' lang='lat' dir='ltr'>que</span> <span class='ocrx_word' id='word_1_14' title='bbox 385 382 537 423; x_wconf 80' lang='lat' dir='ltr'>faciens</span> <span class='ocrx_word' id='word_1_15' title='bbox 576 380 850 422; x_wconf 88' lang='lat' dir='ltr'>contristabat</span> <span class='ocrx_word' id='word_1_16' title='bbox 888 379 1158 435; x_wconf 84' lang='lat' dir='ltr'>pontificem,</span> <span class='ocrx_word' id='word_1_17' title='bbox 1204 391 1286 417; x_wconf 92' lang='lat' dir='ltr'>non</span> <span class='ocrx_word' id='word_1_18' title='bbox 1337 373 1582 429; x_wconf 83' lang='lat' dir='ltr'>permittens</span> <span class='ocrx_word' id='word_1_19' title='bbox 1620 388 1716 414; x_wconf 89' lang='lat' dir='ltr'>eum</span> 
     </span>
     <span class='ocr_line' id='line_1_4' title="bbox 261 429 1716 494; baseline -0.008 -14"><span class='ocrx_word' id='word_1_20' title='bbox 261 439 399 494; x_wconf 88' lang='lat' dir='ltr'>quiete</span> <span class='ocrx_word' id='word_1_21' title='bbox 427 438 564 480; x_wconf 84' lang='lat' dir='ltr'>divina</span> <span class='ocrx_word' id='word_1_22' title='bbox 593 437 727 478; x_wconf 86' lang='lat' dir='ltr'>officia</span> <span class='ocrx_word' id='word_1_23' title='bbox 758 437 992 477; x_wconf 84' lang='lat' dir='ltr'>celebrare:</span> <span class='ocrx_word' id='word_1_24' title='bbox 1024 449 1145 489; x_wconf 88' lang='lat' dir='ltr'>saepe</span> <span class='ocrx_word' id='word_1_25' title='bbox 1175 447 1350 487; x_wconf 85' lang='lat' dir='ltr'>namque</span> <span class='ocrx_word' id='word_1_26' title='bbox 1380 430 1580 471; x_wconf 85' lang='lat' dir='ltr'>turbabat</span> <span class='ocrx_word' id='word_1_27' title='bbox 1608 429 1716 484; x_wconf 84' lang='lat' dir='ltr'>psal-</span> 
     </span>
     <span class='ocr_line' id='line_1_5' title="bbox 259 486 1718 544; baseline -0.005 -10"><span class='ocrx_word' id='word_1_28' title='bbox 259 495 401 536; x_wconf 83' lang='lat' dir='ltr'><strong>lentes.</strong></span> <span class='ocrx_word' id='word_1_29' title='bbox 455 509 602 535; x_wconf 82' lang='lat' dir='ltr'>verum</span> <span class='ocrx_word' id='word_1_30' title='bbox 630 496 803 535; x_wconf 88' lang='lat' dir='ltr'>Ioannes</span> <span class='ocrx_word' id='word_1_31' title='bbox 834 494 943 533; x_wconf 89' lang='lat' dir='ltr'>hunc</span> <span class='ocrx_word' id='word_1_32' title='bbox 971 492 1105 532; x_wconf 87' lang='lat' dir='ltr'>verbis</span> <span class='ocrx_word' id='word_1_33' title='bbox 1134 490 1360 544; x_wconf 82' lang='lat' dir='ltr'>mitigabat,</span> <span class='ocrx_word' id='word_1_34' title='bbox 1393 487 1461 528; x_wconf 89' lang='lat' dir='ltr'>ille</span> <span class='ocrx_word' id='word_1_35' title='bbox 1495 501 1596 527; x_wconf 90' lang='lat' dir='ltr'>vero</span> <span class='ocrx_word' id='word_1_36' title='bbox 1627 486 1718 526; x_wconf 87' lang='lat' dir='ltr'>Eu-</span> 
     </span>
     <span class='ocr_line' id='line_1_6' title="bbox 261 543 1720 602; baseline -0.008 -10"><span class='ocrx_word' id='word_1_37' title='bbox 261 552 422 593; x_wconf 79' lang='lat' dir='ltr'>doxiam</span> <span class='ocrx_word' id='word_1_38' title='bbox 453 555 602 591; x_wconf 89' lang='lat' dir='ltr'>contra</span> <span class='ocrx_word' id='word_1_39' title='bbox 635 551 830 590; x_wconf 91' lang='lat' dir='ltr'>Ioannem</span> <span class='ocrx_word' id='word_1_40' title='bbox 851 548 1056 597; x_wconf 83' lang='lat' dir='ltr'>excitavit,</span> <span class='ocrx_word' id='word_1_41' title='bbox 1084 547 1199 602; x_wconf 82' lang='lat' dir='ltr'>quasi</span> <span class='ocrx_word' id='word_1_42' title='bbox 1227 552 1375 586; x_wconf 87' lang='lat' dir='ltr'>contra</span> <span class='ocrx_word' id='word_1_43' title='bbox 1396 543 1605 584; x_wconf 90' lang='lat' dir='ltr'>bonorem</span> <span class='ocrx_word' id='word_1_44' title='bbox 1635 548 1720 582; x_wconf 86' lang='lat' dir='ltr'>sta-</span> 
     </span>
     <span class='ocr_line' id='line_1_7' title="bbox 260 599 1720 662; baseline -0.006 -15"><span class='ocrx_word' id='word_1_45' title='bbox 260 613 356 648; x_wconf 88' lang='lat' dir='ltr'>tuae</span> <span class='ocrx_word' id='word_1_46' title='bbox 387 606 472 648; x_wconf 67' lang='lat' dir='ltr'>&#39;eius</span> <span class='ocrx_word' id='word_1_47' title='bbox 501 611 679 662; x_wconf 83' lang='lat' dir='ltr'><strong>gereret.</strong></span> <span class='ocrx_word' id='word_1_48' title='bbox 739 621 838 661; x_wconf 78' lang='lat' dir='ltr'>ergo</span> <span class='ocrx_word' id='word_1_49' title='bbox 868 611 1015 646; x_wconf 90' lang='lat' dir='ltr'>contra</span> <span class='ocrx_word' id='word_1_50' title='bbox 1038 606 1234 644; x_wconf 88' lang='lat' dir='ltr'>Ioannem</span> <span class='ocrx_word' id='word_1_51' title='bbox 1257 602 1409 642; x_wconf 84' lang='lat' dir='ltr'>iterum</span> <span class='ocrx_word' id='word_1_52' title='bbox 1440 600 1601 651; x_wconf 82' lang='lat' dir='ltr'>odium,</span> <span class='ocrx_word' id='word_1_53' title='bbox 1636 599 1720 639; x_wconf 89' lang='lat' dir='ltr'>ite-</span> 
     </span>
     <span class='ocr_line' id='line_1_8' title="bbox 261 656 1720 717; baseline -0.006 -13"><span class='ocrx_word' id='word_1_54' title='bbox 261 680 357 704; x_wconf 87' lang='lat' dir='ltr'>rum</span> <span class='ocrx_word' id='word_1_55' title='bbox 389 664 465 704; x_wconf 87' lang='lat' dir='ltr'>ira.</span> <span class='ocrx_word' id='word_1_56' title='bbox 536 663 621 717; x_wconf 88' lang='lat' dir='ltr'>ipse</span> <span class='ocrx_word' id='word_1_57' title='bbox 659 669 796 703; x_wconf 88' lang='lat' dir='ltr'>autem</span> <span class='ocrx_word' id='word_1_58' title='bbox 835 675 1069 702; x_wconf 87' lang='lat' dir='ltr'>sermonem</span> <span class='ocrx_word' id='word_1_59' title='bbox 1114 659 1266 709; x_wconf 81' lang='lat' dir='ltr'><strong>edidit,</strong></span> <span class='ocrx_word' id='word_1_60' title='bbox 1315 657 1431 698; x_wconf 87' lang='lat' dir='ltr'>cuius</span> <span class='ocrx_word' id='word_1_61' title='bbox 1464 656 1627 697; x_wconf 89' lang='lat' dir='ltr'>initium</span> <span class='ocrx_word' id='word_1_62' title='bbox 1658 662 1720 696; x_wconf 89' lang='lat' dir='ltr'>est</span> 
     </span>
     <span class='ocr_line' id='line_1_9' title="bbox 260 713 1721 761; baseline -0.005 -2"><span class='ocrx_word' id='word_1_63' title='bbox 260 721 444 761; x_wconf 80' lang='lat' dir='ltr'>“iterum</span> <span class='ocrx_word' id='word_1_64' title='bbox 470 718 671 760; x_wconf 88' lang='lat' dir='ltr'>Herodias</span> <span class='ocrx_word' id='word_1_65' title='bbox 710 718 872 759; x_wconf 85' lang='lat' dir='ltr'>saevit.’&#39;</span> <span class='ocrx_word' id='word_1_66' title='bbox 944 723 1045 756; x_wconf 92' lang='lat' dir='ltr'>tunc</span> <span class='ocrx_word' id='word_1_67' title='bbox 1082 715 1297 756; x_wconf 75' lang='lat' dir='ltr'>inimicitia</span> <span class='ocrx_word' id='word_1_68' title='bbox 1327 719 1610 754; x_wconf 89' lang='lat' dir='ltr'>consummata</span> <span class='ocrx_word' id='word_1_69' title='bbox 1641 713 1721 752; x_wconf 87' lang='lat' dir='ltr'>im.-</span> 
     </span>
     <span class='ocr_line' id='line_1_10' title="bbox 260 769 1723 831; baseline -0.005 -15"><span class='ocrx_word' id='word_1_70' title='bbox 260 775 476 831; x_wconf 85' lang='lat' dir='ltr'>peratricis</span> <span class='ocrx_word' id='word_1_71' title='bbox 505 774 697 815; x_wconf 88' lang='lat' dir='ltr'>adversus</span> <span class='ocrx_word' id='word_1_72' title='bbox 727 790 820 814; x_wconf 84' lang='lat' dir='ltr'>cum</span> <span class='ocrx_word' id='word_1_73' title='bbox 852 779 1059 815; x_wconf 88' lang='lat' dir='ltr'>commota</span> <span class='ocrx_word' id='word_1_74' title='bbox 1090 778 1160 823; x_wconf 80' lang='lat' dir='ltr'>est,</span> <span class='ocrx_word' id='word_1_75' title='bbox 1190 778 1232 812; x_wconf 89' lang='lat' dir='ltr'>et</span> <span class='ocrx_word' id='word_1_76' title='bbox 1258 773 1411 811; x_wconf 89' lang='lat' dir='ltr'>iterum</span> <span class='ocrx_word' id='word_1_77' title='bbox 1438 769 1644 823; x_wconf 79' lang='lat' dir='ltr'>depositio</span> <span class='ocrx_word' id='word_1_78' title='bbox 1679 774 1723 809; x_wconf 88' lang='lat' dir='ltr'>et</span> 
     </span>
     <span class='ocr_line' id='line_1_11' title="bbox 262 826 1720 885; baseline -0.005 -13"><span class='ocrx_word' id='word_1_79' title='bbox 262 833 440 873; x_wconf 83' lang='lat' dir='ltr'>exilium.</span> <span class='ocrx_word' id='word_1_80' title='bbox 507 832 685 885; x_wconf 90' lang='lat' dir='ltr'>populus</span> <span class='ocrx_word' id='word_1_81' title='bbox 728 838 865 871; x_wconf 88' lang='lat' dir='ltr'>autem</span> <span class='ocrx_word' id='word_1_82' title='bbox 904 830 1113 870; x_wconf 89' lang='lat' dir='ltr'>ecclesiam</span> <span class='ocrx_word' id='word_1_83' title='bbox 1154 827 1361 878; x_wconf 82' lang='lat' dir='ltr'>incendit,</span> <span class='ocrx_word' id='word_1_84' title='bbox 1404 826 1609 881; x_wconf 82' lang='lat' dir='ltr'>multique</span> <span class='ocrx_word' id='word_1_85' title='bbox 1637 839 1720 879; x_wconf 87' lang='lat' dir='ltr'>pro</span> 
     </span>
     <span class='ocr_line' id='line_1_12' title="bbox 264 881 1720 942; baseline -0.005 -14"><span class='ocrx_word' id='word_1_86' title='bbox 264 890 414 929; x_wconf 82' lang='lat' dir='ltr'><strong>Ioanne</strong></span> <span class='ocrx_word' id='word_1_87' title='bbox 442 887 664 942; x_wconf 88' lang='lat' dir='ltr'>periclitati</span> <span class='ocrx_word' id='word_1_88' title='bbox 689 894 808 935; x_wconf 84' lang='lat' dir='ltr'>sunt;</span> <span class='ocrx_word' id='word_1_89' title='bbox 841 887 912 942; x_wconf 88' lang='lat' dir='ltr'>qui</span> <span class='ocrx_word' id='word_1_90' title='bbox 941 887 1079 941; x_wconf 87' lang='lat' dir='ltr'>pulsus</span> <span class='ocrx_word' id='word_1_91' title='bbox 1110 886 1160 925; x_wconf 84' lang='lat' dir='ltr'>ab</span> <span class='ocrx_word' id='word_1_92' title='bbox 1185 885 1290 925; x_wconf 87' lang='lat' dir='ltr'>urbe</span> <span class='ocrx_word' id='word_1_93' title='bbox 1321 884 1362 923; x_wconf 90' lang='lat' dir='ltr'>in</span> <span class='ocrx_word' id='word_1_94' title='bbox 1393 882 1559 923; x_wconf 85' lang='lat' dir='ltr'>exilium</span> <span class='ocrx_word' id='word_1_95' title='bbox 1580 881 1720 930; x_wconf 85' lang='lat' dir='ltr'>missus</span> 
     </span>
     <span class='ocr_line' id='line_1_13' title="bbox 130 939 1722 998; baseline -0.003 -16"><span class='ocrx_word' id='word_1_96' title='bbox 130 948 250 996; x_wconf 74' lang='lat' dir='ltr'>p.124</span> <span class='ocrx_word' id='word_1_97' title='bbox 263 952 334 996; x_wconf 84' lang='lat' dir='ltr'>est,</span> <span class='ocrx_word' id='word_1_98' title='bbox 366 944 436 985; x_wconf 90' lang='lat' dir='ltr'>ubi</span> <span class='ocrx_word' id='word_1_99' title='bbox 467 951 509 985; x_wconf 93' lang='lat' dir='ltr'>et</span> <span class='ocrx_word' id='word_1_100' title='bbox 541 943 581 983; x_wconf 89' lang='lat' dir='ltr'>in</span> <span class='ocrx_word' id='word_1_101' title='bbox 613 943 781 984; x_wconf 86' lang='lat' dir='ltr'>domino</span> <span class='ocrx_word' id='word_1_102' title='bbox 811 943 926 984; x_wconf 89' lang='lat' dir='ltr'>obiit.</span> <span class='ocrx_word' id='word_1_103' title='bbox 987 943 1057 998; x_wconf 89' lang='lat' dir='ltr'>qui</span> <span class='ocrx_word' id='word_1_104' title='bbox 1088 956 1182 982; x_wconf 88' lang='lat' dir='ltr'>cum</span> <span class='ocrx_word' id='word_1_105' title='bbox 1212 948 1314 982; x_wconf 85' lang='lat' dir='ltr'>esset</span> <span class='ocrx_word' id='word_1_106' title='bbox 1343 940 1382 980; x_wconf 91' lang='lat' dir='ltr'>in</span> <span class='ocrx_word' id='word_1_107' title='bbox 1411 939 1546 988; x_wconf 86' lang='lat' dir='ltr'>exilio,</span> <span class='ocrx_word' id='word_1_108' title='bbox 1576 953 1722 979; x_wconf 88' lang='lat' dir='ltr'>conse-</span> 
     </span>
     <span class='ocr_line' id='line_1_14' title="bbox 263 995 1723 1053; baseline -0.005 -12"><span class='ocrx_word' id='word_1_109' title='bbox 263 1007 400 1041; x_wconf 86' lang='lat' dir='ltr'>cratus</span> <span class='ocrx_word' id='word_1_110' title='bbox 433 1006 492 1040; x_wconf 88' lang='lat' dir='ltr'>est</span> <span class='ocrx_word' id='word_1_111' title='bbox 520 1000 707 1040; x_wconf 89' lang='lat' dir='ltr'>Arsacius</span> <span class='ocrx_word' id='word_1_112' title='bbox 747 1000 878 1040; x_wconf 84' lang='lat' dir='ltr'>frater</span> <span class='ocrx_word' id='word_1_113' title='bbox 906 999 1112 1049; x_wconf 84' lang='lat' dir='ltr'>Nectarii,</span> <span class='ocrx_word' id='word_1_114' title='bbox 1149 998 1219 1053; x_wconf 88' lang='lat' dir='ltr'>qui</span> <span class='ocrx_word' id='word_1_115' title='bbox 1248 1004 1343 1038; x_wconf 87' lang='lat' dir='ltr'>ante</span> <span class='ocrx_word' id='word_1_116' title='bbox 1378 995 1723 1051; x_wconf 84' lang='lat' dir='ltr'>Chrysostomum</span> 
     </span>
     <span class='ocr_line' id='line_1_15' title="bbox 263 1053 1722 1112; baseline -0.005 -14"><span class='ocrx_word' id='word_1_117' title='bbox 263 1057 478 1112; x_wconf 88' lang='lat' dir='ltr'>episcopus</span> <span class='ocrx_word' id='word_1_118' title='bbox 509 1056 623 1097; x_wconf 88' lang='lat' dir='ltr'>urbis</span> <span class='ocrx_word' id='word_1_119' title='bbox 652 1056 788 1111; x_wconf 82' lang='lat' dir='ltr'>regiae</span> <span class='ocrx_word' id='word_1_120' title='bbox 814 1057 962 1096; x_wconf 89' lang='lat' dir='ltr'>fuerat.</span> <span class='ocrx_word' id='word_1_121' title='bbox 1033 1054 1295 1095; x_wconf 85' lang='lat' dir='ltr'>Innocentius</span> <span class='ocrx_word' id='word_1_122' title='bbox 1344 1059 1483 1093; x_wconf 87' lang='lat' dir='ltr'>autem</span> <span class='ocrx_word' id='word_1_123' title='bbox 1511 1053 1722 1093; x_wconf 88' lang='lat' dir='ltr'>Romanus</span> 
     </span>
     <span class='ocr_line' id='line_1_16' title="bbox 263 1109 1723 1164; baseline -0.004 -11"><span class='ocrx_word' id='word_1_124' title='bbox 263 1128 347 1154; x_wconf 92' lang='lat' dir='ltr'>non</span> <span class='ocrx_word' id='word_1_125' title='bbox 381 1112 702 1153; x_wconf 86' lang='lat' dir='ltr'>communicavit</span> <span class='ocrx_word' id='word_1_126' title='bbox 732 1112 925 1153; x_wconf 87' lang='lat' dir='ltr'>eiectioni</span> <span class='ocrx_word' id='word_1_127' title='bbox 959 1110 1134 1162; x_wconf 86' lang='lat' dir='ltr'>loannis,</span> <span class='ocrx_word' id='word_1_128' title='bbox 1165 1110 1236 1151; x_wconf 89' lang='lat' dir='ltr'>sed</span> <span class='ocrx_word' id='word_1_129' title='bbox 1267 1125 1345 1164; x_wconf 86' lang='lat' dir='ltr'>per</span> <span class='ocrx_word' id='word_1_130' title='bbox 1373 1109 1531 1149; x_wconf 78' lang='lat' dir='ltr'>litteras</span> <span class='ocrx_word' id='word_1_131' title='bbox 1561 1109 1723 1154; x_wconf 83' lang='lat' dir='ltr'>clerum</span> 
     </span>
     <span class='ocr_line' id='line_1_17' title="bbox 263 1164 1723 1222; baseline -0.004 -12"><span class='ocrx_word' id='word_1_132' title='bbox 263 1169 494 1210; x_wconf 82' lang='lat' dir='ltr'>consolatus</span> <span class='ocrx_word' id='word_1_133' title='bbox 532 1174 591 1209; x_wconf 91' lang='lat' dir='ltr'>est</span> <span class='ocrx_word' id='word_1_134' title='bbox 631 1168 828 1220; x_wconf 88' lang='lat' dir='ltr'>civitatis,</span> <span class='ocrx_word' id='word_1_135' title='bbox 870 1174 913 1208; x_wconf 90' lang='lat' dir='ltr'>et</span> <span class='ocrx_word' id='word_1_136' title='bbox 958 1182 1086 1222; x_wconf 91' lang='lat' dir='ltr'>super</span> <span class='ocrx_word' id='word_1_137' title='bbox 1126 1165 1432 1208; x_wconf 83' lang='lat' dir='ltr'>temeritatibus</span> <span class='ocrx_word' id='word_1_138' title='bbox 1472 1164 1723 1220; x_wconf 83' lang='lat' dir='ltr'>indignaba-</span> 
     </span>
     <span class='ocr_line' id='line_1_18' title="bbox 263 1221 1724 1279; baseline -0.003 -14"><span class='ocrx_word' id='word_1_139' title='bbox 263 1232 347 1266; x_wconf 86' lang='lat' dir='ltr'>tur.</span> <span class='ocrx_word' id='word_1_140' title='bbox 418 1224 672 1279; x_wconf 86' lang='lat' dir='ltr'>Epiphanius</span> <span class='ocrx_word' id='word_1_141' title='bbox 702 1238 803 1266; x_wconf 88' lang='lat' dir='ltr'>vero</span> <span class='ocrx_word' id='word_1_142' title='bbox 846 1224 899 1264; x_wconf 89' lang='lat' dir='ltr'>ad</span> <span class='ocrx_word' id='word_1_143' title='bbox 929 1224 1114 1279; x_wconf 86' lang='lat' dir='ltr'>Cyprum</span> <span class='ocrx_word' id='word_1_144' title='bbox 1155 1224 1378 1278; x_wconf 82' lang='lat' dir='ltr'>navigavit,</span> <span class='ocrx_word' id='word_1_145' title='bbox 1410 1221 1490 1265; x_wconf 87' lang='lat' dir='ltr'>deo</span> <span class='ocrx_word' id='word_1_146' title='bbox 1521 1221 1724 1262; x_wconf 88' lang='lat' dir='ltr'>nimirum</span> 
     </span>
     <span class='ocr_line' id='line_1_19' title="bbox 263 1278 1724 1336; baseline -0.003 -15"><span class='ocrx_word' id='word_1_147' title='bbox 263 1281 551 1336; x_wconf 81' lang='lat' dir='ltr'>migrationem</span> <span class='ocrx_word' id='word_1_148' title='bbox 573 1281 675 1322; x_wconf 66' lang='lat' dir='ltr'>,eius</span> <span class='ocrx_word' id='word_1_149' title='bbox 716 1280 1048 1334; x_wconf 85' lang='lat' dir='ltr'>praenuntiante.</span> <span class='ocrx_word' id='word_1_150' title='bbox 1123 1279 1242 1319; x_wconf 90' lang='lat' dir='ltr'>aiunt</span> <span class='ocrx_word' id='word_1_151' title='bbox 1267 1285 1408 1319; x_wconf 89' lang='lat' dir='ltr'>autem</span> <span class='ocrx_word' id='word_1_152' title='bbox 1437 1278 1554 1333; x_wconf 88' lang='lat' dir='ltr'>quod</span> <span class='ocrx_word' id='word_1_153' title='bbox 1583 1283 1625 1318; x_wconf 86' lang='lat' dir='ltr'>et</span> <span class='ocrx_word' id='word_1_154' title='bbox 1653 1279 1724 1318; x_wconf 86' lang='lat' dir='ltr'>lo-</span> 
     </span>
     <span class='ocr_line' id='line_1_20' title="bbox 263 1333 1726 1390; baseline -0.003 -12"><span class='ocrx_word' id='word_1_155' title='bbox 263 1338 359 1378; x_wconf 83' lang='lat' dir='ltr'>anni</span> <span class='ocrx_word' id='word_1_156' title='bbox 389 1338 510 1377; x_wconf 80' lang='lat' dir='ltr'>finem</span> <span class='ocrx_word' id='word_1_157' title='bbox 539 1337 580 1377; x_wconf 90' lang='lat' dir='ltr'>in</span> <span class='ocrx_word' id='word_1_158' title='bbox 611 1336 731 1377; x_wconf 88' lang='lat' dir='ltr'>exilio</span> <span class='ocrx_word' id='word_1_159' title='bbox 777 1335 1139 1390; x_wconf 84' lang='lat' dir='ltr'>praenuntiaverit</span> <span class='ocrx_word' id='word_1_160' title='bbox 1175 1337 1431 1385; x_wconf 84' lang='lat' dir='ltr'>affuturum,</span> <span class='ocrx_word' id='word_1_161' title='bbox 1465 1333 1655 1375; x_wconf 87' lang='lat' dir='ltr'>similiter</span> <span class='ocrx_word' id='word_1_162' title='bbox 1683 1339 1726 1374; x_wconf 84' lang='lat' dir='ltr'>et</span> 
     </span>
     <span class='ocr_line' id='line_1_21' title="bbox 264 1391 1725 1447; baseline -0.003 -13"><span class='ocrx_word' id='word_1_163' title='bbox 264 1395 430 1434; x_wconf 86' lang='lat' dir='ltr'>loannes</span> <span class='ocrx_word' id='word_1_164' title='bbox 458 1392 692 1447; x_wconf 87' lang='lat' dir='ltr'>Epiphanio</span> <span class='ocrx_word' id='word_1_165' title='bbox 731 1392 984 1447; x_wconf 84' lang='lat' dir='ltr'>praedixerit</span> <span class='ocrx_word' id='word_1_166' title='bbox 1027 1407 1151 1447; x_wconf 86' lang='lat' dir='ltr'>quam</span> <span class='ocrx_word' id='word_1_167' title='bbox 1183 1392 1223 1432; x_wconf 91' lang='lat' dir='ltr'>in</span> <span class='ocrx_word' id='word_1_168' title='bbox 1257 1392 1351 1432; x_wconf 91' lang='lat' dir='ltr'>navi</span> <span class='ocrx_word' id='word_1_169' title='bbox 1384 1391 1562 1446; x_wconf 89' lang='lat' dir='ltr'>pertulit</span> <span class='ocrx_word' id='word_1_170' title='bbox 1603 1405 1725 1430; x_wconf 88' lang='lat' dir='ltr'>mor-</span> 
     </span>
    </p>

    <p class='ocr_par' dir='ltr' id='par_1_3' title="bbox 135 1447 1753 2463">
     <span class='ocr_line' id='line_1_22' title="bbox 135 1447 1726 1503; baseline -0.002 -14"><span class='ocrx_word' id='word_1_171' title='bbox 135 1468 169 1503; x_wconf 87' lang='lat' dir='ltr'>p.</span> <span class='ocrx_word' id='word_1_172' title='bbox 185 1455 250 1490; x_wconf 81' lang='lat'>125</span> <span class='ocrx_word' id='word_1_173' title='bbox 264 1456 358 1491; x_wconf 84' lang='lat' dir='ltr'>tem.</span> <span class='ocrx_word' id='word_1_174' title='bbox 414 1448 560 1490; x_wconf 87' lang='lat' dir='ltr'>eodem</span> <span class='ocrx_word' id='word_1_175' title='bbox 592 1464 702 1489; x_wconf 91' lang='lat' dir='ltr'>anno</span> <span class='ocrx_word' id='word_1_176' title='bbox 733 1456 900 1490; x_wconf 90' lang='lat' dir='ltr'>mortua</span> <span class='ocrx_word' id='word_1_177' title='bbox 930 1454 990 1489; x_wconf 88' lang='lat' dir='ltr'>est</span> <span class='ocrx_word' id='word_1_178' title='bbox 1021 1455 1063 1489; x_wconf 91' lang='lat' dir='ltr'>et</span> <span class='ocrx_word' id='word_1_179' title='bbox 1094 1448 1296 1489; x_wconf 86' lang='lat' dir='ltr'>Eudoxia.</span> <span class='ocrx_word' id='word_1_180' title='bbox 1354 1447 1555 1488; x_wconf 83' lang='lat' dir='ltr'>Arcadius</span> <span class='ocrx_word' id='word_1_181' title='bbox 1586 1452 1726 1488; x_wconf 88' lang='lat' dir='ltr'>autem</span> 
     </span>
     <span class='ocr_line' id='line_1_23' title="bbox 262 1503 1727 1560; baseline -0.003 -13"><span class='ocrx_word' id='word_1_182' title='bbox 262 1521 355 1547; x_wconf 89' lang='lat' dir='ltr'>cum</span> <span class='ocrx_word' id='word_1_183' title='bbox 383 1519 425 1546; x_wconf 91' lang='lat' dir='ltr'>se</span> <span class='ocrx_word' id='word_1_184' title='bbox 454 1506 663 1559; x_wconf 89' lang='lat' dir='ltr'>completo</span> <span class='ocrx_word' id='word_1_185' title='bbox 693 1505 853 1545; x_wconf 89' lang='lat' dir='ltr'>decimo</span> <span class='ocrx_word' id='word_1_186' title='bbox 884 1510 1036 1560; x_wconf 85' lang='lat' dir='ltr'>quarto</span> <span class='ocrx_word' id='word_1_187' title='bbox 1059 1504 1226 1560; x_wconf 89' lang='lat' dir='ltr'>imperii</span> <span class='ocrx_word' id='word_1_188' title='bbox 1256 1503 1320 1546; x_wconf 87' lang='lat' dir='ltr'>sui</span> <span class='ocrx_word' id='word_1_189' title='bbox 1349 1518 1459 1544; x_wconf 88' lang='lat' dir='ltr'>anno</span> <span class='ocrx_word' id='word_1_190' title='bbox 1489 1503 1600 1544; x_wconf 90' lang='lat' dir='ltr'>mori</span> <span class='ocrx_word' id='word_1_191' title='bbox 1629 1518 1727 1544; x_wconf 84' lang='lat' dir='ltr'>cer·-</span> 
     </span>
     <span class='ocr_line' id='line_1_24' title="bbox 263 1559 1726 1615; baseline -0.003 -14"><span class='ocrx_word' id='word_1_192' title='bbox 263 1568 394 1612; x_wconf 87' lang='lat' dir='ltr'>neret,</span> <span class='ocrx_word' id='word_1_193' title='bbox 425 1561 565 1602; x_wconf 90' lang='lat' dir='ltr'>videns</span> <span class='ocrx_word' id='word_1_194' title='bbox 592 1561 872 1602; x_wconf 89' lang='lat' dir='ltr'>Theodosium</span> <span class='ocrx_word' id='word_1_195' title='bbox 902 1561 1110 1602; x_wconf 88' lang='lat' dir='ltr'>iuniorem</span> <span class='ocrx_word' id='word_1_196' title='bbox 1134 1561 1358 1615; x_wconf 89' lang='lat' dir='ltr'>parvulum</span> <span class='ocrx_word' id='word_1_197' title='bbox 1387 1573 1483 1611; x_wconf 88' lang='lat' dir='ltr'>esse,</span> <span class='ocrx_word' id='word_1_198' title='bbox 1514 1566 1557 1600; x_wconf 89' lang='lat' dir='ltr'>et</span> <span class='ocrx_word' id='word_1_199' title='bbox 1586 1559 1726 1600; x_wconf 86' lang='lat' dir='ltr'>consi-</span> 
     </span>
     <span class='ocr_line' id='line_1_25' title="bbox 265 1616 1728 1674; baseline -0.002 -16"><span class='ocrx_word' id='word_1_200' title='bbox 265 1619 410 1659; x_wconf 80' lang='lat' dir='ltr'>derans</span> <span class='ocrx_word' id='word_1_201' title='bbox 436 1632 487 1658; x_wconf 92' lang='lat' dir='ltr'>ne</span> <span class='ocrx_word' id='word_1_202' title='bbox 510 1633 533 1658; x_wconf 87' lang='lat' dir='ltr'>a</span> <span class='ocrx_word' id='word_1_203' title='bbox 550 1631 759 1674; x_wconf 87' lang='lat' dir='ltr'>quoquam</span> <span class='ocrx_word' id='word_1_204' title='bbox 777 1618 930 1659; x_wconf 85' lang='lat' dir='ltr'>insidiis</span> <span class='ocrx_word' id='word_1_205' title='bbox 957 1625 1253 1673; x_wconf 86' lang='lat' dir='ltr'>appeteretur,</span> <span class='ocrx_word' id='word_1_206' title='bbox 1283 1617 1396 1658; x_wconf 89' lang='lat' dir='ltr'>hunc</span> <span class='ocrx_word' id='word_1_207' title='bbox 1424 1616 1728 1671; x_wconf 87' lang='lat' dir='ltr'>imperatorem</span> 
     </span>
     <span class='ocr_line' id='line_1_26' title="bbox 265 1672 1729 1729; baseline -0.001 -14"><span class='ocrx_word' id='word_1_208' title='bbox 265 1673 498 1728; x_wconf 87' lang='lat' dir='ltr'>appellavit,</span> <span class='ocrx_word' id='word_1_209' title='bbox 525 1680 567 1715; x_wconf 85' lang='lat' dir='ltr'>et</span> <span class='ocrx_word' id='word_1_210' title='bbox 596 1673 634 1714; x_wconf 90' lang='lat' dir='ltr'>ei</span> <span class='ocrx_word' id='word_1_211' title='bbox 664 1680 903 1716; x_wconf 86' lang='lat' dir='ltr'>curatorem</span> <span class='ocrx_word' id='word_1_212' title='bbox 934 1688 1012 1729; x_wconf 88' lang='lat' dir='ltr'>per</span> <span class='ocrx_word' id='word_1_213' title='bbox 1031 1680 1325 1715; x_wconf 86' lang='lat' dir='ltr'>testamentum</span> <span class='ocrx_word' id='word_1_214' title='bbox 1353 1673 1447 1714; x_wconf 86' lang='lat' dir='ltr'>fore</span> <span class='ocrx_word' id='word_1_215' title='bbox 1467 1673 1614 1713; x_wconf 79' lang='lat' dir='ltr'>statuit</span> <span class='ocrx_word' id='word_1_216' title='bbox 1632 1672 1729 1714; x_wconf 90' lang='lat' dir='ltr'>His-</span> 
     </span>
     <span class='ocr_line' id='line_1_27' title="bbox 268 1729 1729 1786; baseline -0.001 -16"><span class='ocrx_word' id='word_1_217' title='bbox 268 1730 479 1785; x_wconf 81' lang='lat' dir='ltr'>digerdem</span> <span class='ocrx_word' id='word_1_218' title='bbox 505 1731 727 1770; x_wconf 84' lang='lat' dir='ltr'>Persarum</span> <span class='ocrx_word' id='word_1_219' title='bbox 769 1746 919 1786; x_wconf 85' lang='lat' dir='ltr'>regem.</span> <span class='ocrx_word' id='word_1_220' title='bbox 987 1730 1249 1786; x_wconf 83' lang='lat' dir='ltr'>Hisdigerdes</span> <span class='ocrx_word' id='word_1_221' title='bbox 1291 1735 1430 1772; x_wconf 85' lang='lat' dir='ltr'>autem</span> <span class='ocrx_word' id='word_1_222' title='bbox 1462 1729 1632 1770; x_wconf 83' lang='lat' dir='ltr'>Arcadii</span> <span class='ocrx_word' id='word_1_223' title='bbox 1662 1735 1729 1770; x_wconf 88' lang='lat' dir='ltr'>te-</span> 
     </span>
     <span class='ocr_line' id='line_1_28' title="bbox 267 1787 1727 1844; baseline -0.001 -18"><span class='ocrx_word' id='word_1_224' title='bbox 267 1793 472 1826; x_wconf 85' lang='lat' dir='ltr'>stamento</span> <span class='ocrx_word' id='word_1_225' title='bbox 500 1792 701 1840; x_wconf 88' lang='lat' dir='ltr'>suscepto,</span> <span class='ocrx_word' id='word_1_226' title='bbox 730 1801 916 1844; x_wconf 87' lang='lat' dir='ltr'>paceque</span> <span class='ocrx_word' id='word_1_227' title='bbox 945 1788 1031 1829; x_wconf 89' lang='lat' dir='ltr'>sine</span> <span class='ocrx_word' id='word_1_228' title='bbox 1064 1787 1218 1828; x_wconf 83' lang='lat' dir='ltr'>invidia</span> <span class='ocrx_word' id='word_1_229' title='bbox 1248 1803 1346 1842; x_wconf 80' lang='lat' dir='ltr'>erga</span> <span class='ocrx_word' id='word_1_230' title='bbox 1376 1788 1586 1828; x_wconf 88' lang='lat' dir='ltr'>Romanos</span> <span class='ocrx_word' id='word_1_231' title='bbox 1619 1800 1727 1837; x_wconf 88' lang='lat' dir='ltr'>usus,</span> 
     </span>
     <span class='ocr_line' id='line_1_29' title="bbox 267 1841 1731 1899; baseline 0 -17"><span class='ocrx_word' id='word_1_232' title='bbox 267 1841 505 1883; x_wconf 86' lang='lat' dir='ltr'>Theodosio</span> <span class='ocrx_word' id='word_1_233' title='bbox 537 1842 754 1897; x_wconf 89' lang='lat' dir='ltr'>imperium</span> <span class='ocrx_word' id='word_1_234' title='bbox 776 1845 1047 1896; x_wconf 86' lang='lat' dir='ltr'>conservavit,</span> <span class='ocrx_word' id='word_1_235' title='bbox 1078 1852 1120 1886; x_wconf 89' lang='lat' dir='ltr'>et</span> <span class='ocrx_word' id='word_1_236' title='bbox 1138 1845 1391 1886; x_wconf 85' lang='lat' dir='ltr'>Antiochum</span> <span class='ocrx_word' id='word_1_237' title='bbox 1414 1842 1622 1899; x_wconf 85' lang='lat' dir='ltr'>quendam</span> <span class='ocrx_word' id='word_1_238' title='bbox 1652 1843 1731 1882; x_wconf 87' lang='lat' dir='ltr'>mi-</span> 
     </span>
     <span class='ocr_line' id='line_1_30' title="bbox 270 1899 1732 1954; baseline 0 -15"><span class='ocrx_word' id='word_1_239' title='bbox 270 1899 446 1939; x_wconf 85' lang='lat' dir='ltr'>rabilem</span> <span class='ocrx_word' id='word_1_240' title='bbox 474 1904 598 1954; x_wconf 88' lang='lat' dir='ltr'>atque</span> <span class='ocrx_word' id='word_1_241' title='bbox 620 1900 909 1941; x_wconf 85' lang='lat' dir='ltr'>rationabilem</span> <span class='ocrx_word' id='word_1_242' title='bbox 935 1902 1072 1942; x_wconf 85' lang='lat' dir='ltr'>virum</span> <span class='ocrx_word' id='word_1_243' title='bbox 1099 1901 1136 1942; x_wconf 90' lang='lat' dir='ltr'>ei</span> <span class='ocrx_word' id='word_1_244' title='bbox 1165 1907 1351 1942; x_wconf 88' lang='lat' dir='ltr'>tutorem</span> <span class='ocrx_word' id='word_1_245' title='bbox 1371 1906 1413 1942; x_wconf 85' lang='lat' dir='ltr'>et</span> <span class='ocrx_word' id='word_1_246' title='bbox 1441 1899 1732 1954; x_wconf 82' lang='lat' dir='ltr'>paedagogum</span> 
     </span>
     <span class='ocr_line' id='line_1_31' title="bbox 270 1953 1732 2006; baseline 0.001 -11"><span class='ocrx_word' id='word_1_247' title='bbox 270 1954 456 2006; x_wconf 86' lang='lat' dir='ltr'>mittens,</span> <span class='ocrx_word' id='word_1_248' title='bbox 488 1953 589 1996; x_wconf 88' lang='lat' dir='ltr'>haec</span> <span class='ocrx_word' id='word_1_249' title='bbox 615 1955 801 1996; x_wconf 88' lang='lat' dir='ltr'>Romano</span> <span class='ocrx_word' id='word_1_250' title='bbox 847 1958 1004 1998; x_wconf 88' lang='lat' dir='ltr'>senatui</span> <span class='ocrx_word' id='word_1_251' title='bbox 1040 1957 1202 2001; x_wconf 65' lang='lat' dir='ltr'>scribit.</span> <span class='ocrx_word' id='word_1_252' title='bbox 1260 1955 1468 1998; x_wconf 86' lang='lat' dir='ltr'>“Arcadio</span> <span class='ocrx_word' id='word_1_253' title='bbox 1493 1956 1732 1997; x_wconf 85' lang='lat' dir='ltr'>dormiente</span> 
     </span>
     <span class='ocr_line' id='line_1_32' title="bbox 271 2012 1732 2070; baseline 0.001 -19"><span class='ocrx_word' id='word_1_254' title='bbox 271 2025 419 2066; x_wconf 88' lang='lat' dir='ltr'>meque</span> <span class='ocrx_word' id='word_1_255' title='bbox 447 2018 684 2052; x_wconf 87' lang='lat' dir='ltr'>curatorem</span> <span class='ocrx_word' id='word_1_256' title='bbox 713 2013 785 2052; x_wconf 82' lang='lat' dir='ltr'>filii</span> <span class='ocrx_word' id='word_1_257' title='bbox 816 2013 900 2054; x_wconf 86' lang='lat' dir='ltr'>eius</span> <span class='ocrx_word' id='word_1_258' title='bbox 931 2015 1234 2066; x_wconf 82' lang='lat' dir='ltr'>constituente,</span> <span class='ocrx_word' id='word_1_259' title='bbox 1267 2016 1338 2070; x_wconf 89' lang='lat' dir='ltr'>qui</span> <span class='ocrx_word' id='word_1_260' title='bbox 1369 2012 1561 2067; x_wconf 89' lang='lat' dir='ltr'>suppleat</span> <span class='ocrx_word' id='word_1_261' title='bbox 1590 2012 1732 2052; x_wconf 85' lang='lat' dir='ltr'>locum</span> 
     </span>
     <span class='ocr_line' id='line_1_33' title="bbox 270 2066 1731 2125; baseline 0 -17"><span class='ocrx_word' id='word_1_262' title='bbox 270 2083 408 2108; x_wconf 90' lang='lat' dir='ltr'>meum</span> <span class='ocrx_word' id='word_1_263' title='bbox 438 2066 577 2108; x_wconf 88' lang='lat' dir='ltr'>direxi.</span> <span class='ocrx_word' id='word_1_264' title='bbox 635 2083 686 2109; x_wconf 93' lang='lat' dir='ltr'>ne</span> <span class='ocrx_word' id='word_1_265' title='bbox 716 2068 806 2124; x_wconf 90' lang='lat' dir='ltr'>quis</span> <span class='ocrx_word' id='word_1_266' title='bbox 827 2084 927 2123; x_wconf 76' lang='lat' dir='ltr'>ergo</span> <span class='ocrx_word' id='word_1_267' title='bbox 950 2069 1112 2111; x_wconf 85' lang='lat' dir='ltr'>insidias</span> <span class='ocrx_word' id='word_1_268' title='bbox 1141 2085 1277 2125; x_wconf 89' lang='lat' dir='ltr'>puero</span> <span class='ocrx_word' id='word_1_269' title='bbox 1295 2077 1487 2121; x_wconf 89' lang='lat' dir='ltr'>conetur,</span> <span class='ocrx_word' id='word_1_270' title='bbox 1521 2084 1572 2111; x_wconf 91' lang='lat' dir='ltr'>ne</span> <span class='ocrx_word' id='word_1_271' title='bbox 1602 2082 1731 2123; x_wconf 87' lang='lat' dir='ltr'>prae—</span> 
     </span>
     <span class='ocr_line' id='line_1_34' title="bbox 271 2123 1732 2169; baseline 0.001 -5"><span class='ocrx_word' id='word_1_272' title='bbox 271 2124 372 2164; x_wconf 89' lang='lat' dir='ltr'>lium</span> <span class='ocrx_word' id='word_1_273' title='bbox 406 2123 664 2164; x_wconf 88' lang='lat' dir='ltr'>intolerabile</span> <span class='ocrx_word' id='word_1_274' title='bbox 695 2132 841 2166; x_wconf 85' lang='lat' dir='ltr'>contra</span> <span class='ocrx_word' id='word_1_275' title='bbox 878 2127 1085 2167; x_wconf 87' lang='lat' dir='ltr'>Romanos</span> <span class='ocrx_word' id='word_1_276' title='bbox 1127 2129 1432 2169; x_wconf 83' lang='lat' dir='ltr'>commoveat.’&#39;</span> <span class='ocrx_word' id='word_1_277' title='bbox 1500 2125 1732 2166; x_wconf 84' lang='lat' dir='ltr'>Antiochus</span> 
     </span>
     <span class='ocr_line' id='line_1_35' title="bbox 271 2178 1731 2237; baseline 0 -16"><span class='ocrx_word' id='word_1_278' title='bbox 271 2194 373 2233; x_wconf 81' lang='lat' dir='ltr'>vero</span> <span class='ocrx_word' id='word_1_279' title='bbox 407 2194 501 2219; x_wconf 89' lang='lat' dir='ltr'>cum</span> <span class='ocrx_word' id='word_1_280' title='bbox 544 2178 799 2233; x_wconf 86' lang='lat' dir='ltr'>imperatore</span> <span class='ocrx_word' id='word_1_281' title='bbox 842 2190 1023 2223; x_wconf 86' lang='lat' dir='ltr'>venerat.</span> <span class='ocrx_word' id='word_1_282' title='bbox 1094 2183 1144 2224; x_wconf 87' lang='lat' dir='ltr'>ab</span> <span class='ocrx_word' id='word_1_283' title='bbox 1179 2185 1371 2225; x_wconf 88' lang='lat' dir='ltr'>Honorio</span> <span class='ocrx_word' id='word_1_284' title='bbox 1408 2190 1548 2224; x_wconf 83' lang='lat' dir='ltr'>autem</span> <span class='ocrx_word' id='word_1_285' title='bbox 1575 2187 1731 2237; x_wconf 88' lang='lat' dir='ltr'>patruo</span> 
     </span>
     <span class='ocr_line' id='line_1_36' title="bbox 271 2235 1753 2295; baseline 0.001 -19"><span class='ocrx_word' id='word_1_286' title='bbox 271 2251 347 2276; x_wconf 89' lang='lat' dir='ltr'>suo</span> <span class='ocrx_word' id='word_1_287' title='bbox 377 2242 417 2276; x_wconf 90' lang='lat' dir='ltr'>et</span> <span class='ocrx_word' id='word_1_288' title='bbox 444 2235 663 2276; x_wconf 85' lang='lat' dir='ltr'>Pulcheria</span> <span class='ocrx_word' id='word_1_289' title='bbox 702 2252 847 2278; x_wconf 90' lang='lat' dir='ltr'>sorore</span> <span class='ocrx_word' id='word_1_290' title='bbox 887 2254 958 2278; x_wconf 91' lang='lat' dir='ltr'>sua</span> <span class='ocrx_word' id='word_1_291' title='bbox 988 2239 1245 2281; x_wconf 89' lang='lat' dir='ltr'>Theodosius</span> <span class='ocrx_word' id='word_1_292' title='bbox 1288 2241 1426 2295; x_wconf 90' lang='lat' dir='ltr'>perite</span> <span class='ocrx_word' id='word_1_293' title='bbox 1458 2240 1499 2279; x_wconf 90' lang='lat' dir='ltr'>in</span> <span class='ocrx_word' id='word_1_294' title='bbox 1534 2238 1593 2278; x_wconf 84' lang='lat' dir='ltr'>his</span> <span class='ocrx_word' id='word_1_295' title='bbox 1625 2252 1753 2294; x_wconf 70' lang='lat' dir='ltr'>quaer</span> 
     </span>
     <span class='ocr_line' id='line_1_37' title="bbox 274 2291 1732 2349; baseline -0.001 -16"><span class='ocrx_word' id='word_1_296' title='bbox 274 2291 605 2333; x_wconf 88' lang='lat' dir='ltr'>Christianorum</span> <span class='ocrx_word' id='word_1_297' title='bbox 634 2299 729 2332; x_wconf 89' lang='lat' dir='ltr'>sunt</span> <span class='ocrx_word' id='word_1_298' title='bbox 755 2293 1037 2346; x_wconf 86' lang='lat' dir='ltr'>erudiebatur,</span> <span class='ocrx_word' id='word_1_299' title='bbox 1072 2303 1113 2336; x_wconf 91' lang='lat' dir='ltr'>et</span> <span class='ocrx_word' id='word_1_300' title='bbox 1143 2303 1235 2337; x_wconf 85' lang='lat' dir='ltr'>erat</span> <span class='ocrx_word' id='word_1_301' title='bbox 1272 2313 1351 2349; x_wconf 86' lang='lat' dir='ltr'>pax</span> <span class='ocrx_word' id='word_1_302' title='bbox 1381 2297 1492 2338; x_wconf 88' lang='lat' dir='ltr'>inter</span> <span class='ocrx_word' id='word_1_303' title='bbox 1523 2297 1732 2336; x_wconf 88' lang='lat' dir='ltr'>Romanos</span> 
     </span>
     <span class='ocr_line' id='line_1_38' title="bbox 275 2348 1731 2405; baseline 0.001 -17"><span class='ocrx_word' id='word_1_304' title='bbox 275 2354 317 2389; x_wconf 91' lang='lat' dir='ltr'>et</span> <span class='ocrx_word' id='word_1_305' title='bbox 344 2349 502 2398; x_wconf 85' lang='lat' dir='ltr'>Persas,</span> <span class='ocrx_word' id='word_1_306' title='bbox 531 2348 736 2389; x_wconf 81' lang='lat' dir='ltr'>Antiocho</span> <span class='ocrx_word' id='word_1_307' title='bbox 768 2351 940 2391; x_wconf 85' lang='lat' dir='ltr'>maxime</span> <span class='ocrx_word' id='word_1_308' title='bbox 963 2366 1041 2405; x_wconf 89' lang='lat' dir='ltr'>pro</span> <span class='ocrx_word' id='word_1_309' title='bbox 1073 2353 1312 2394; x_wconf 85' lang='lat' dir='ltr'>Christianis</span> <span class='ocrx_word' id='word_1_310' title='bbox 1341 2354 1470 2394; x_wconf 88' lang='lat' dir='ltr'>multa</span> <span class='ocrx_word' id='word_1_311' title='bbox 1497 2351 1731 2401; x_wconf 80' lang='lat' dir='ltr'>scribente3</span> 
     </span>
     <span class='ocr_line' id='line_1_39' title="bbox 277 2404 1732 2463; baseline 0.002 -20"><span class='ocrx_word' id='word_1_312' title='bbox 277 2404 417 2459; x_wconf 91' lang='lat' dir='ltr'>sicque</span> <span class='ocrx_word' id='word_1_313' title='bbox 438 2404 607 2445; x_wconf 86' lang='lat' dir='ltr'>dilatata</span> <span class='ocrx_word' id='word_1_314' title='bbox 622 2411 680 2445; x_wconf 85' lang='lat' dir='ltr'>est</span> <span class='ocrx_word' id='word_1_315' title='bbox 699 2405 740 2444; x_wconf 92' lang='lat' dir='ltr'>in</span> <span class='ocrx_word' id='word_1_316' title='bbox 761 2406 930 2448; x_wconf 89' lang='lat' dir='ltr'>Perside</span> <span class='ocrx_word' id='word_1_317' title='bbox 955 2407 1230 2451; x_wconf 82' lang='lat' dir='ltr'>christianitas</span> <span class='ocrx_word' id='word_1_318' title='bbox 1252 2416 1299 2463; x_wconf 57' lang='grc' dir='ltr'>ἢ,</span> <span class='ocrx_word' id='word_1_319' title='bbox 1312 2409 1510 2452; x_wconf 89' lang='lat' dir='ltr'>Marutha</span> <span class='ocrx_word' id='word_1_320' title='bbox 1533 2407 1732 2462; x_wconf 89' lang='lat' dir='ltr'>episcopo</span> 
     </span>
    </p>

    <p class='ocr_par' dir='ltr' id='par_1_4' title="bbox 278 2460 847 2515">
     <span class='ocr_line' id='line_1_40' title="bbox 278 2460 847 2515; baseline 0.004 -14"><span class='ocrx_word' id='word_1_321' title='bbox 278 2460 600 2515; x_wconf 86' lang='lat' dir='ltr'>Mesopotamiae</span> <span class='ocrx_word' id='word_1_322' title='bbox 625 2460 847 2503; x_wconf 84' lang='lat' dir='ltr'>mediante.</span> 
     </span>
    </p>

    <p class='ocr_par' dir='ltr' id='par_1_5' title="bbox 246 2533 1735 2648">
     <span class='ocr_line' id='line_1_41' title="bbox 246 2533 1735 2597; baseline 0.004 -27"><span class='ocrx_word' id='word_1_323' title='bbox 246 2534 267 2569; x_wconf 88' lang='grc'><strong>6</strong></span> <span class='ocrx_word' id='word_1_324' title='bbox 357 2588 366 2597; x_wconf 90' lang='lat'><strong>.</strong></span> <span class='ocrx_word' id='word_1_325' title='bbox 388 2533 533 2573; x_wconf 87' lang='lat' dir='ltr'>Mundi</span> <span class='ocrx_word' id='word_1_326' title='bbox 561 2548 671 2574; x_wconf 89' lang='lat' dir='ltr'>anno</span> <span class='ocrx_word' id='word_1_327' title='bbox 687 2533 810 2585; x_wconf 82' lang='lat'>5901,</span> <span class='ocrx_word' id='word_1_328' title='bbox 839 2535 1001 2578; x_wconf 88' lang='lat' dir='ltr'>divinae</span> <span class='ocrx_word' id='word_1_329' title='bbox 1020 2537 1316 2579; x_wconf 87' lang='lat' dir='ltr'>incarnationis</span> <span class='ocrx_word' id='word_1_330' title='bbox 1334 2553 1443 2580; x_wconf 86' lang='lat' dir='ltr'>anno</span> <span class='ocrx_word' id='word_1_331' title='bbox 1461 2536 1560 2589; x_wconf 80' lang='grc'><strong>401,</strong></span> <span class='ocrx_word' id='word_1_332' title='bbox 1588 2536 1735 2577; x_wconf 82' lang='lat' dir='ltr'>Theo-</span> 
     </span>
     <span class='ocr_line' id='line_1_42' title="bbox 247 2587 1735 2648; baseline 0.001 -19"><span class='ocrx_word' id='word_1_333' title='bbox 247 2587 415 2630; x_wconf 82' lang='lat' dir='ltr'>7dosms</span> <span class='ocrx_word' id='word_1_334' title='bbox 445 2589 587 2630; x_wconf 86' lang='lat' dir='ltr'>iunior</span> <span class='ocrx_word' id='word_1_335' title='bbox 626 2590 823 2645; x_wconf 86' lang='lat' dir='ltr'>imperat;</span> <span class='ocrx_word' id='word_1_336' title='bbox 865 2591 979 2633; x_wconf 88' lang='lat' dir='ltr'>cuius</span> <span class='ocrx_word' id='word_1_337' title='bbox 1027 2593 1191 2648; x_wconf 84' lang='lat' dir='ltr'>imperii</span> <span class='ocrx_word' id='word_1_338' title='bbox 1222 2610 1331 2636; x_wconf 80' lang='lat' dir='ltr'>anno</span> <span class='ocrx_word' id='word_1_339' title='bbox 1364 2594 1546 2637; x_wconf 81' lang='lat' dir='ltr'>secundo</span> <span class='ocrx_word' id='word_1_340' title='bbox 1574 2593 1735 2634; x_wconf 85' lang='lat' dir='ltr'>Atticus</span> 
     </span>
    </p>
   </div>
   <div class='ocr_carea' id='block_1_3' title="bbox 330 2720 1736 2856">
    <p class='ocr_par' dir='ltr' id='par_1_6' title="bbox 330 2720 1736 2856">
     <span class='ocr_line' id='line_1_43' title="bbox 330 2720 1735 2776; baseline 0.005 -23"><span class='ocrx_word' id='word_1_341' title='bbox 330 2721 362 2768; x_wconf 71' lang='lat'>*)</span> <span class='ocrx_word' id='word_1_342' title='bbox 387 2720 637 2776; x_wconf 69' lang='lat' dir='ltr'>christianitas]</span> <span class='ocrx_word' id='word_1_343' title='bbox 673 2723 786 2756; x_wconf 82' lang='lat' dir='ltr'>Vetus</span> <span class='ocrx_word' id='word_1_344' title='bbox 822 2724 998 2770; x_wconf 84' lang='lat' dir='ltr'>interpres</span> <span class='ocrx_word' id='word_1_345' title='bbox 1027 2727 1129 2770; x_wconf 86' lang='lat' dir='ltr'>epist.</span> <span class='ocrx_word' id='word_1_346' title='bbox 1165 2727 1208 2760; x_wconf 79' lang='lat' dir='ltr'>ad</span> <span class='ocrx_word' id='word_1_347' title='bbox 1241 2728 1396 2773; x_wconf 76' lang='lat' dir='ltr'>Magnes.</span> <span class='ocrx_word' id='word_1_348' title='bbox 1446 2737 1540 2773; x_wconf 86' lang='lat' dir='ltr'>quae</span> <span class='ocrx_word' id='word_1_349' title='bbox 1566 2726 1601 2759; x_wconf 85' lang='lat' dir='ltr'>S.</span> <span class='ocrx_word' id='word_1_350' title='bbox 1628 2726 1735 2769; x_wconf 78' lang='lat' dir='ltr'>lgna·</span> 
     </span>
     <span class='ocr_line' id='line_1_44' title="bbox 377 2770 1736 2813; baseline 0.003 -12"><span class='ocrx_word' id='word_1_351' title='bbox 377 2773 430 2802; x_wconf 83' lang='lat' dir='ltr'>tio</span> <span class='ocrx_word' id='word_1_352' title='bbox 455 2770 687 2803; x_wconf 84' lang='lat' dir='ltr'>adscribitur:</span> <span class='ocrx_word' id='word_1_353' title='bbox 722 2771 805 2804; x_wconf 86' lang='lat' dir='ltr'>Non</span> <span class='ocrx_word' id='word_1_354' title='bbox 839 2772 934 2805; x_wconf 90' lang='lat' dir='ltr'>enim</span> <span class='ocrx_word' id='word_1_355' title='bbox 971 2772 1220 2808; x_wconf 72' lang='lat' dir='ltr'>Christianitus</span> <span class='ocrx_word' id='word_1_356' title='bbox 1245 2777 1282 2810; x_wconf 89' lang='lat' dir='ltr'>in</span> <span class='ocrx_word' id='word_1_357' title='bbox 1311 2775 1534 2810; x_wconf 77' lang='lat' dir='ltr'>Iudaismum</span> <span class='ocrx_word' id='word_1_358' title='bbox 1567 2772 1736 2813; x_wconf 77' lang='lat' dir='ltr'>credidit,</span> 
     </span>
     <span class='ocr_line' id='line_1_45' title="bbox 380 2815 1229 2856; baseline 0.008 -7"><span class='ocrx_word' id='word_1_359' title='bbox 380 2815 443 2850; x_wconf 81' lang='lat' dir='ltr'>sed</span> <span class='ocrx_word' id='word_1_360' title='bbox 467 2817 662 2852; x_wconf 73' lang='lat' dir='ltr'>Iudaismus</span> <span class='ocrx_word' id='word_1_361' title='bbox 689 2819 726 2854; x_wconf 83' lang='lat' dir='ltr'>in</span> <span class='ocrx_word' id='word_1_362' title='bbox 759 2818 1075 2854; x_wconf 75' lang='lat' dir='ltr'>Christianitatem.</span> <span class='ocrx_word' id='word_1_363' title='bbox 1126 2822 1229 2856; x_wconf 61' lang='lat' dir='ltr'>Fun.</span> 
     </span>
    </p>
   </div>
  </div>
 </body>
</html>
