1728 3242
199 191 296 238 236
416 193 698 237 ANAS'rAsu
739 189 1002 236 'Hls'rofflA
1035 185 1447 236 ECCLEssAsTch

199 310 389 350 iecerunt
419 310 676 363 venerabiles
706 309 812 351 illius
842 308 1036 364 reliquias
1068 307 1110 347 in
1131 303 1481 345 Biothanatorum
1513 299 1660 351 lacum,

199 379 249 405 eo
281 365 396 420 quod
439 366 590 407 multos
639 366 851 407 monuerit
897 371 938 405 et
966 362 1185 404 adduxerit
1217 359 1268 400 ad
1298 357 1567 399 monasticam
1597 357 1662 395 vi-

199 427 296 474 tam,
326 428 452 477 atque
470 429 747 464 'contemnere
778 422 906 476 regias
936 419 1153 474 dignitates
1182 421 1308 470 atque
1333 414 1530 470 pecunias
1560 427 1662 467 per-

199 478 392 519 suaserit:
426 478 679 520 reverendus
725 478 883 533 quippe
908 476 973 516 vir
1011 473 1202 515 omnibus
1232 477 1324 512 erat
1349 485 1432 526 pro
1466 483 1515 511 eo
1550 467 1665 524 quod

197 535 288 575 fere
319 536 526 590 sexaginta
564 535 710 577 fecerit
748 547 875 574 annos
908 532 948 571 in
991 529 1177 571 claustris
1209 534 1251 569 et
1276 526 1500 568 virtutibus
1526 525 1665 565 multis

199 590 410 631 effulserit.
464 591 616 632 multos
647 596 786 630 autem
811 587 1018 643 principes
1041 600 1088 626 ac
1116 584 1266 625 milites
1295 589 1518 632 accusatos,
1549 581 1666 637 quod

66 647 394 701 P·675i¹nagi¹1es
423 647 669 698 adorarent,
700 645 868 686 diversis
897 643 1040 698 poenis
1071 647 1112 682 et
1134 640 1391 680 amarissimis
1420 637 1668 679 verberibus

199 703 402 754 tradidit3
434 703 722 744 iusiurandum
755 702 878 742 etiam
908 697 1100 754 generale
1132 698 1182 737 ab
1209 697 1399 737 omnibus
1425 695 1502 735 sub
1534 694 1667 748 impe-

199 759 264 799 rio
309 773 384 799 suo
420 759 660 814 degentibus
707 757 863 811 exegit,
887 770 939 795 ne
988 754 1207 810 quisquam
1252 752 1452 793 adoraret
1490 752 1667 791 iconam.

198 830 294 855 cum
323 815 471 869 quibus
495 821 537 855 et
554 814 871 856 Constantinum
901 811 989 851 falsi
1020 810 1198 850 nominis
1229 808 1515 864 patriarcham
1541 820 1669 860 super

200 871 418 911 ambonem
450 870 669 912 ascendere
692 876 733 910 et
764 870 943 910 exaltare
964 867 1149 922 pretiosa
1174 867 1281 921 ligna
1305 871 1348 906 et
1380 866 1522 905 iurare
1550 863 1667 911 fecit,

202 927 317 982 quod
346 942 430 967 non
461 933 562 968 esset
592 941 638 967 ex
668 927 721 967 eis
744 926 816 980 qui
835 923 1030 978 imagines
1060 923 1315 971 adorarent;
1345 921 1415 962 cui
1445 934 1541 961 mox
1570 933 1671 975 per-

201 984 326 1023 suasit
357 989 402 1023 ut
429 997 476 1024 ex
503 982 710 1023 monacho
734 982 993 1035 Stephanites
1023 979 1272 1030 efficeretur,
1305 986 1347 1019 et
1374 977 1567 1018 carnibus
1596 990 1671 1016 ve-

202 1045 403 1090 sceretur,
434 1046 560 1095 atque
586 1038 850 1079 citharoedos
880 1037 933 1078 ad
962 1051 1144 1077 mensam
1171 1035 1334 1076 admitti
1364 1034 1522 1089 regiam
1546 1039 1672 1087 pate-

205 1102 335 1136 retur.
398 1095 470 1136 sed
515 1110 598 1135 non
640 1095 683 1134 in
728 1094 898 1149 longum
928 1093 1033 1134 ultio
1075 1091 1328 1133 homicidam
1354 1090 1468 1131 hunc
1496 1088 1673 1130 tradidit

203 1152 365 1206 poeniS.
424 1151 602 1206 denique
634 1150 880 1192 duodecimo
902 1149 1096 1191 kalendas
1116 1148 1367 1190 Februarias
1398 1153 1575 1203 quartae
1604 1145 1671 1184 in-

205 1207 397 1248 dictionis
426 1214 562 1248 motus
603 1215 663 1248 est
693 1213 843 1247 contra
885 1206 1115 1262 Vulgares,
1159 1211 1202 1246 et
1232 1204 1383 1246 direxit
1410 1203 1461 1244 ad
1488 1201 1673 1243 Achelon

205 1262 312 1304 9600
340 1263 553 1304 chelandia
583 1271 840 1313 construens,
871 1278 918 1304 ea
948 1270 990 1304 et
1027 1277 1190 1303 armans
1221 1277 1267 1303 ex
1286 1260 1445 1302 cunctis
1474 1257 1674 1300 themati-

203 1320 306 1368 bus;
338 1335 445 1375 quae
477 1335 571 1360 cum
603 1321 642 1361 in
677 1320 780 1361 toris
804 1323 838 1371 *)
878 1320 1104 1360 stationem
1144 1318 1351 1365 fixissent,
1394 1316 1522 1358 flante
1551 1314 1676 1370 aqui-

205 1378 300 1416 lone
328 1376 510 1416 contrita
542 1383 637 1416 sunt
665 1390 773 1431 pene
805 1376 947 1417 omnia
978 1382 1020 1416 et
1066 1381 1234 1417 necatus
1264 1381 1325 1416 est
1353 1372 1536 1428 populus
1565 1371 1676 1410 mul..

204 1439 280 1483 tus,
311 1432 366 1472 ita
395 1439 442 1473 ut
474 1433 708 1487 imperator
730 1433 951 1474 extendere
979 1432 1089 1473 retia
1117 1438 1159 1473 et
1188 1432 1246 1472 sic
1275 1436 1467 1471 mortuos
1499 1427 1677 1469 educere

205 1503 254 1528 ae
282 1489 455 1543 sepelire
486 1490 763 1543 praeceperit.
794 1503 930 1544 porro
962 1489 1242 1530 decimosexto
1263 1486 1460 1528 kalendas
1488 1486 1680 1539 Septem-

206 1545 317 1585 brias
347 1544 529 1586 eiusdem
557 1553 732 1601 quartae
751 1545 987 1586 indictionis
1014 1545 1183 1600 publice
1214 1544 1443 1585 diffamavit
1471 1556 1520 1582 ac
1550 1540 1680 1581 deho-

211 1602 384 1642 nestavit
410 1601 599 1643 habitum
637 1603 942 1644 monachorum
982 1602 1025 1642 in
1059 1601 1385 1656 Hippodromio,
1415 1597 1678 1654 praecipiens

211 1673 550 1714 unumquemque
587 1659 837 1700 monachum
874 1674 1000 1699 manu
1030 1664 1175 1700 tenere
1204 1658 1438 1708 mulierem,
1469 1661 1511 1696 et
1539 1653 1683 1695 taliter

78 1720 281 1768 p.676eos
312 1715 490 1755 transire
533 1730 612 1769 per
649 1715 1021 1771 Hippodromium,
1058 1715 1190 1769 sputis
1222 1721 1263 1755 et
1290 1713 1453 1754 iniuriis
1481 1711 1532 1751 ab
1567 1709 1683 1750 omni

212 1771 371 1826 populo
403 1772 644 1812 cumulatos.
698 1773 888 1813 similiter
918 1779 960 1813 et
989 1778 1139 1812 octavo
1179 1770 1373 1811 kalendas
1402 1766 1684 1823 Septembrias

215 1827 328 1868 ducti
363 1833 459 1867 sunt
500 1828 552 1868 ad
582 1828 701 1869 ludos
744 1830 955 1869 Circenses
999 1828 1173 1883 insignes
1212 1827 1423 1882 principes
1466 1825 1610 1865 decem
1643 1828 1686 1862 et

216 1898 380 1933 novem,
411 1890 452 1924 et
472 1886 661 1939 pompati
682 1893 779 1926 sunt
809 1885 925 1941 quasi
952 1886 1060 1925 mala
1079 1890 1228 1925 contra
1246 1884 1548 1938 imperatorem
1577 1893 1686 1920 con-

214 1939 336 1980 siliati
366 1940 535 1992 fuerint,
566 1956 649 1981 non
683 1942 892 1984 veraciter
921 1941 1127 1992 accusati,
1157 1940 1227 1981 sed
1258 1941 1356 1996 quia
1385 1937 1598 1979 invidebat
1630 1935 1685 1976 eis

215 2009 267 2036 eo
297 1996 411 2050 quod
445 2003 574 2037 essent
605 1998 776 2038 formosi
797 2004 923 2054 atque
956 1998 1118 2038 robusti
1149 2003 1190 2037 et
1219 1997 1270 2036 ab
1301 1995 1493 2036 omnibus
1523 1994 1686 2033 collau-

216 2053 329 2100 dati;
365 2053 609 2106 quibusdam
655 2068 757 2095 vero
803 2070 850 2095 ex
882 2056 936 2096 eis
966 2061 1008 2096 et
1036 2054 1090 2094 ob
1121 2053 1381 2108 religionem,
1410 2065 1459 2091 eo
1486 2050 1602 2106 quod
1634 2048 1687 2088 ad

217 2108 479 2163 praedictum
511 2110 736 2150 inclausum
766 2112 887 2152 issent
914 2118 955 2152 et
982 2111 1188 2165 passiones
1233 2110 1319 2150 eius
1347 2107 1518 2164 publice
1548 2105 1688 2146 divul-

219 2170 391 2219 garent3
422 2181 525 2220 quos
557 2173 597 2207 et
623 2166 844 2208 interfecit.
904 2183 1092 2223 quorum
1112 2166 1329 2221 praecipui
1361 2171 1457 2206 sunt
1486 2165 1689 2204 Constan-

220 2221 330 2261 tinus
362 2223 560 2275 patrjcius
591 2229 632 2263 et
653 2222 809 2264 dudum
836 2224 1051 2279 logotheta
1079 2238 1235 2274 cursus,
1268 2221 1336 2262 cui
1365 2235 1516 2261 nomen
1549 2220 1689 2273 impo-

221 2277 304 2317 suit
333 2277 683 2334 Podopagurum,
726 2286 768 2320 et
805 2281 922 2320 huius
966 2282 1098 2321 frater
1135 2279 1343 2334 Stategius
1384 2277 1616 2332 spatharius
1649 2279 1692 2314 et

223 2333 471 2375 domesticus
501 2336 803 2388 excubitorum,
823 2338 1050 2377 Antiochus
1079 2336 1293 2392 logotheta
1324 2330 1460 2376 dromi
1491 2334 1621 2372 factus
1650 2336 1692 2370 et

222 2396 398 2444 praetor
427 2391 606 2445 Siciliae,
639 2393 774 2432 David
806 2394 1037 2448 spatharius
1070 2401 1110 2434 et
1140 2407 1275 2433 comes
1302 2390 1518 2445 Obsequii,
1547 2388 1692 2427 Theo-

226 2446 436 2501 phylactus
470 2448 834 2503 protospatharius
863 2456 905 2490 et
936 2456 1111 2504 praetor
1139 2445 1692 2500 Thracae,Christophorus

223 2503 484 2557 spathariuS,
524 2505 815 2544 Constantinus
854 2508 1086 2560 spatharius
1133 2514 1174 2546 et
1207 2507 1368 2560 primus
1413 2501 1694 2557 imperialium

223 2565 466 2614 stratorum,
496 2560 600 2601 filius
633 2561 796 2614 patricii
824 2558 1038 2615 Bardanis,
1070 2562 1409 2618 Theophylactus
1437 2557 1694 2605 candidatus,

91 2633 128 2671 p·
144 2622 212 2659 677
227 2621 269 2655 et
297 2616 378 2655 alii.
438 2631 541 2672 quos
580 2632 676 2657 cum
719 2617 759 2657 in
804 2618 1103 2672 Hippodromii
1146 2619 1263 2660 ludos
1293 2617 1429 2673 palam
1459 2613 1626 2656 traduci
1654 2619 1697 2652 et

229 2673 281 2713 ab
311 2673 424 2712 omni
453 2675 613 2728 populo
646 2674 821 2729 conspui
851 2681 893 2716 et
921 2676 1111 2718 maledici
1141 2676 1316 2725 fecisset,
1347 2671 1595 2716 sententiam
1626 2668 1697 2709 de-

276 2800 311 2849 *)
335 2802 376 2836 in
399 2804 487 2838 oris.
539 2803 642 2838 Fun.
