1768 3268
252 221 318 271 48
458 224 737 269 ANASTASn
781 221 1041 265 HlsTOmA
1082 217 1497 263 ECCLESIASTICA

253 347 463 383 senectute
489 355 571 397 pro
589 340 741 381 Christi
759 340 1018 381 confessione
1055 336 1266 393 suppliciis
1297 335 1401 387 obit,
1423 347 1518 374 cum
1537 332 1618 372 iam
1645 331 1722 373 107

255 414 460 440 annorum
489 404 603 439 essct.

362 465 505 507 Mundi
524 481 633 506 rinno
648 464 770 516 5817,
789 464 954 506 divinae
971 460 1269 503 incarnationis
1287 458 1382 510 317,
1402 457 1543 499 Iudaei
1561 463 1602 497 et
1615 456 1723 496 Per..

251 538 318 564 sae
346 523 528 563 videntes
554 522 903 563 christianismum
930 521 972 560 in
986 519 1156 559 Perside
1176 517 1302 571 magis
1333 531 1380 556 ac
1402 516 1528 569 magis
1545 513 1723 568 pollere,

253 579 478 620 detrahunt
504 579 686 620 Simeoni
730 577 1046 632 archiepiscopo
1079 573 1348 628 Ctisiphontis
1379 571 1491 626 apud
1519 571 1725 610 Saborem

251 631 474 677 Persarum
504 650 664 690 regem,
695 635 811 690 quasi
842 634 973 674 amico
1012 632 1277 686 imperatoris
1306 629 1483 670 Romani
1514 633 1557 668 et
1584 627 1727 668 Persi-

251 708 400 733 corum
430 692 609 732 delatori
633 692 916 748 negotiorum.
950 689 1224 746 quamobrem
1253 685 1546 742 persecutione
1575 698 1724 739 magna

251 751 292 790 in
323 747 491 789 Perside
521 755 634 788 mota
664 748 783 789 multi
812 762 893 802 pro
922 747 1090 786 Christo
1118 744 1324 800 martyrio
1368 749 1465 783 sunt
1502 741 1725 789 adornati3

251 807 364 846 inter
398 820 501 860 quos
531 805 803 845 Heustazades
833 803 1096 859 paedagogus
1112 801 1283 842 Saboris
1311 806 1353 840 et
1381 801 1550 840 Simeon
1583 804 1625 838 et
1653 812 1724 837 su-

250 877 330 917 per
359 861 457 902 alios
488 861 637 902 multos
682 867 847 902 centum
889 860 1029 900 clerici
1068 865 1109 899 et
1138 857 1323 912 episcopi
1354 872 1436 897 una
1469 855 1535 896 die
1563 860 1724 909 marty-

252 918 374 959 rizati
404 925 526 970 sunt,
569 924 611 958 et
655 917 964 959 innumerabilis
1005 915 1085 955 alia
1123 913 1378 965 multitudor,
1420 927 1467 954 ex
1497 912 1650 969 quihus
1682 912 1725 950 in

251 976 412 1030 signum
443 974 587 1014 decem
619 981 660 1015 et
690 981 787 1014 octo
808 974 921 1013 milia
939 978 1176 1027 martyrum
1205 977 1495 1019 numerarunt,
1527 977 1723 1010 tormen-

147 1039 237 1083 p.37
252 1032 301 1071 tis
322 1031 647 1071 horribilibuset
668 1047 690 1071 a
720 1036 868 1070 natura
900 1029 1105 1070 extraneis
1141 1044 1164 1068 a
1194 1028 1355 1067 Sabore
1374 1031 1611 1082 perempta.
1645 1039 1725 1079 per

133 1107 166 1142 p.
181 1095 226 1131 40
252 1088 361 1128 idem
381 1095 542 1141 tempus
570 1095 611 1127 et
627 1089 671 1128 B.
690 1088 846 1127 Helena
873 1085 1077 1126 dormivit
1093 1086 1133 1124 in
1155 1083 1325 1124 domino
1343 1098 1552 1124 annorum
1575 1090 1727 1122 octua-

251 1145 378 1199 ginta,
410 1146 538 1184 multa
568 1145 653 1184 filio
684 1143 879 1184 mandans
898 1157 979 1196 pro
1007 1141 1165 1195 pietate
1195 1156 1302 1195 quae
1330 1140 1499 1180 Christo
1529 1140 1725 1180 debetur.

249 1202 411 1255 sepulta
451 1207 588 1240 autem
620 1205 678 1240 est
706 1201 746 1240 in
779 1201 936 1252 templo
967 1199 1038 1238 SS.
1062 1199 1354 1252 apostolorum
1390 1196 1501 1251 apud
1517 1197 1725 1236 Constan-

250 1256 482 1311 tinopolim,
518 1256 633 1311 quod
666 1256 902 1296 aedificavit
933 1254 1039 1294 filius
1078 1255 1165 1295 eius
1196 1254 1490 1294 Constantinus
1522 1253 1575 1293 ad
1604 1267 1724 1307 sepe·-

250 1313 432 1354 liendum
462 1319 651 1353 mortuos
671 1312 925 1352 Christianos
941 1311 1233 1366 imperatores,
1293 1310 1432 1365 prima
1461 1324 1564 1350 vero
1597 1309 1640 1350 in
1674 1323 1724 1349 co

249 1370 296 1409 B.
329 1369 483 1410 Helena
513 1376 573 1409 est
610 1370 800 1423 sepulta,
829 1369 1111 1408 monumentis
1142 1367 1263 1407 claris
1309 1373 1351 1408 et
1394 1367 1542 1422 vigiliis
1582 1365 1723 1407 hono-

249 1433 351 1467 rata.
423 1440 558 1480 porro
603 1441 745 1466 sacrae
794 1425 1000 1480 virgineS‚
1054 1439 1237 1479 quarum
1277 1425 1426 1465 mensis
1472 1429 1606 1463 astans
1645 1437 1727 1478 per

250 1487 378 1523 semet
407 1483 537 1537 ipsam
580 1483 692 1538 quasi
730 1481 881 1522 famula
910 1481 1195 1531 ministrabat,
1241 1481 1389 1521 divinis
1435 1480 1542 1521 hanc
1571 1494 1727 1520 monu-

251 1539 399 1580 mentis
430 1538 728 1594 praedicabant
755 1539 842 1580 sine
869 1539 1097 1579 cessatione
1125 1538 1304 1578 beatam.

363 1606 507 1646 Mundi
541 1621 648 1646 anno
679 1606 814 1658 5818,
848 1605 1012 1646 divinae
1045 1606 1348 1646 incarnationis
1389 1603 1484 1656 318,
1520 1605 1726 1646 Constan-

259 1662 342 1703 tius
385 1677 479 1703 cum
514 1663 566 1703 22
596 1663 759 1718 imperii
789 1670 956 1717 gereret
985 1677 1153 1713 annum,
1183 1677 1263 1717 per
1289 1663 1491 1703 virtutem
1519 1663 1559 1703 S.
1593 1663 1728 1702 crucis

257 1722 488 1760 Germanos
530 1720 738 1760 Sarmatas
779 1727 820 1760 et
860 1719 1021 1760 Gothos
1064 1725 1273 1760 extremae
1316 1719 1510 1760 servituti
1551 1719 1727 1774 subegit.

58 1783 62 1793 ¹
101 1782 356 1831 p,413tunc
399 1776 595 1816 Eusebius
633 1775 841 1830 Pamphili
881 1777 1116 1832 symbolum
1156 1775 1252 1816 fidei
1296 1791 1319 1816 a
1358 1777 1507 1816 sanctis
1535 1777 1728 1830 patribus

254 1833 366 1886 apud
397 1833 584 1872 Nicaeam
630 1832 836 1886 expositae
881 1848 1047 1873 omnem
1084 1832 1379 1874 orthodoxiam
1409 1832 1567 1873 habere
1598 1839 1726 1873 testa..

254 1894 338 1939 tur,
366 1889 547 1928 scribens
578 1889 658 1929 suis
685 1889 925 1930 concivibus
956 1897 999 1931 et
1028 1891 1310 1944 interpretans
1352 1890 1464 1930 dicta
1495 1890 1725 1930 secundum

255 1960 431 1985 sensum.
492 1945 731 1986 Athanasius
760 1953 898 1987 autem
927 1946 968 1986 in
1008 1947 1182 2001 epistola
1214 1947 1266 1986 ad
1300 1948 1421 1987 Afros
1455 1948 1575 1986 missa
1606 1948 1725 1986 testi-

255 2002 442 2041 monium
480 2002 673 2055 perhibet
716 2002 918 2053 Eusebio,
947 2004 1062 2058 quod
1095 2004 1322 2058 susceperit
1365 2018 1512 2044 vocem
1540 2005 1725 2044 consub-

254 2057 527 2098 stantialitatis
556 2061 604 2110 Ἴ.
674 2065 716 2098 at
746 2074 846 2099 vero
876 2055 1161 2100 Theodoritus
1190 2061 1293 2100 dicit
1327 2060 1439 2100 hunc
1469 2061 1728 2101 concordem

254 2115 523 2165 Arianorum,
549 2115 716 2156 Eusebii
744 2116 900 2156 scilieet
924 2116 1242 2158 Nicomediensis
1277 2123 1320 2158 et
1349 2131 1500 2158 corum
1529 2118 1603 2173 qui
1632 2132 1730 2158 cum

256 2172 346 2224 ipso
368 2171 620 2222 sentiebant,
652 2171 785 2213 fuisse.
844 2172 955 2213 unde
988 2180 1029 2214 et
1058 2174 1312 2228 depositioni
1342 2175 1605 2215 sacratissimi
1639 2174 1729 2214 Eu-

257 2227 396 2266 stathii
425 2227 675 2268 Antiochcni
704 2231 931 2277 consensit3
963 2244 1059 2271 cum
1092 2231 1243 2286 quibus
1274 2238 1316 2272 et
1346 2231 1597 2285 imperatori
1627 2245 1729 2286 pcr-

257 2283 569 2378 spadensdmnc
594 2285 697 2325 iuste
735 2283 970 2340 depositum
998 2287 1083 2342 egit
1119 2293 1167 2328 ut
1199 2287 1312 2343 apud
1345 2287 1537 2344 Illyrium
1565 2288 1609 2328 in
1640 2287 1728 2329 exi-

276 2355 361 2380 lum
391 2346 644 2381 mitteretur.

371 2407 631 2447 Constantini
672 2408 862 2463 vigesimo
913 2412 1039 2451 tertio
1086 2426 1196 2452 anno
1238 2413 1279 2452 in
1330 2412 1512 2467 imperio
1550 2426 1731 2466 percur-

259 2468 390 2514 rente,
422 2464 532 2518 apud
563 2465 828 2504 Antiochiam
867 2474 1120 2521 octogonum
1161 2470 1364 2524 ternplum
1398 2473 1451 2522 **)
1488 2469 1633 2523 coepit
1663 2484 1733 2509 ae-

259 2517 447 2570 dificare3
479 2520 552 2576 qui
577 2535 672 2562 cum
705 2521 943 2576 vigesimum
972 2532 1168 2578 quartum
1196 2526 1362 2582 imperii
1389 2532 1533 2582 ageret
1561 2541 1730 2578 annum,

305 2642 336 2688 *)
362 2642 760 2724 corzspbstmssialitatis]
791 2645 904 2679 utitur
934 2658 975 2680 ea
989 2646 1148 2683 dictione
1172 2649 1363 2685 Facundus
1389 2656 1427 2685 et
1451 2651 1632 2697 interpres
1644 2650 1727 2684 Tri-

350 2700 415 2735 par
434 2701 443 2723 ι
464 2701 518 2727 ae.
581 2700 671 2725 mna.

306 2753 357 2801 Η)
387 2753 573 2802 templum]
603 2757 793 2800 κυριακὸν,
819 2756 1049 2792 dominicum.
1100 2761 1247 2796 Rufinus
1276 2763 1399 2809 Aquil.
1438 2764 1617 2808 interpres
1642 2762 1726 2796 bist.

352 2802 439 2835 eccl.
470 2802 616 2836 Eusebii
643 2802 666 2837 9
693 2803 737 2837 9:
779 2805 982 2839 orationum
1020 2806 1144 2842 domos
1176 2811 1201 2842 i.
1229 2822 1261 2844 e.
1297 2811 1477 2845 dominica
1506 2823 1581 2844 sua.
1632 2810 1727 2844 Vide

353 2860 446 2895 quae
474 2850 625 2886 diximus
650 2851 696 2885 ad
723 2852 747 2890 Ι.
777 2852 811 2886 3.
840 2863 870 2886 c.
902 2852 1044 2889 Theod.
1072 2855 1116 2890 de
1138 2868 1264 2904 pagan.
1291 2870 1360 2893 sac.
1392 2864 1430 2893 et
1459 2865 1570 2906 temp.
1597 2859 1701 2894 Fun.
