1794 3250
265 164 363 224 240
482 173 763 228 ANASTAsu
804 180 1067 228 ‚ms'ronm
1107 175 1523 223 Ecetiz‘sms'ricA

262 301 406 342 diebus
438 300 480 342 in
515 299 633 342 Milio
662 301 968 356 suspenderunt
999 301 1051 342 ad
1081 300 1406 342 ostentationem
1438 298 1597 354 plebis.
1628 311 1729 341 cor-

258 372 336 413 pus
370 372 470 398 vero
500 358 584 398 eius
616 358 724 413 pede
754 359 853 399 resti
887 359 1014 413 ligato
1037 364 1255 399 traxerunt
1283 372 1361 422 per
1390 356 1570 411 plateam
1598 369 1731 412 usque

258 414 311 454 ad
342 415 435 455 loca
466 414 636 470 Pelagii,
669 422 710 455 et
736 414 978 455 sociandum
1007 414 1261 455 biothanatis
1295 414 1583 464 iactaverunt3
1615 413 1732 454 simi...

257 471 356 512 liter
381 478 423 512 et
450 478 578 526 caput
609 471 694 512 eius
723 477 820 526 post
855 479 939 512 tres
971 471 1055 512 dies
1085 472 1182 511 illuc
1227 471 1410 511 delatum
1440 469 1729 524 proiecerunt.

257 542 283 567 o
309 527 723 568 irrationabilitatem
763 536 804 569 et
844 528 1134 569 crudelitatem
1176 533 1303 583 atque
1331 525 1723 567 immisericordiam

257 583 551 625 immitissimae
594 585 774 629 hestiae!
844 596 928 624 non
963 589 1023 625 est
1051 585 1208 625 veritus
1238 584 1363 624 miser
1391 588 1580 623 sanctum
1613 582 1730 622 lava..

255 655 401 682 crum:
437 640 539 682 duos
570 642 677 682 enim
706 642 812 682 filios
839 641 923 682 eius
941 655 988 682 ex
1018 641 1143 682 tertia
1174 641 1352 695 coniuge
1383 639 1508 694 ipsius
1541 640 1582 680 in
1613 639 1729 679 ulnas

253 712 344 738 suas
373 704 625 752 susceperat,
653 698 858 753 siquidem
888 712 1053 752 semper
1095 698 1231 739 feralis
1262 697 1451 737 moribus
1479 701 1522 737 et
1551 695 1729 736 imman-

253 761 393 795 suetus
423 769 508 795 esse
548 755 771 809 probatur.
839 755 891 794 ab
924 754 1007 794 hoc
1036 761 1177 795 autem
1206 768 1315 794 anno
1347 752 1543 807 ampliori
1573 751 1731 792 insania

253 825 349 852 usus
378 817 462 852 est:
493 811 660 852 mittens
692 811 850 866 quippe
866 810 1059 865 deposuit
1075 812 1250 852 Petrum
1280 809 1464 851 nobilem
1504 809 1685 864 stylitem
1703 824 1729 850 a

121 886 158 922 p
172 875 394 922 684petra‚
425 883 551 923 quem
576 868 743 918 vivum,
775 882 870 907 cum
915 868 1176 922 dogmatibus
1212 868 1296 908 eius
1330 865 1479 907 cedere
1510 865 1727 917 renuisset,

252 924 385 980 ligatis
408 924 584 979 pedibus
611 924 696 965 eius
714 925 756 964 in
776 924 1041 978 praedictum
1055 924 1211 979 Pelagii
1231 924 1385 975 locum,
1414 928 1456 963 et
1481 922 1593 962 hunc
1617 936 1730 978 quo-

251 996 333 1037 que
359 995 438 1035 per
465 981 647 1035 plateam
676 986 860 1020 tractum
889 980 1044 1035 ploiici
1086 981 1212 1022 iussit.
1243 980 1345 1021 alios
1377 980 1502 1020 etiam
1530 979 1574 1018 in
1604 979 1730 1018 saccis

252 1038 431 1078 vinciens
465 1044 506 1078 et
536 1038 743 1092 lapidibus
775 1048 1002 1092 aggravans
1035 1037 1074 1077 in
1105 1037 1274 1092 pelagus
1306 1036 1454 1077 iactari
1486 1035 1730 1090 praecipie-

249 1094 343 1146 bat,
376 1093 519 1134 oculos
549 1108 728 1144 eruen5‚
758 1108 878 1134 nares
908 1093 1173 1145 abscindens,
1216 1093 1383 1148 flagellis
1427 1092 1658 1143 excorians,
1688 1098 1730 1132 et

250 1165 416 1191 omnem
445 1151 622 1191 tomenti
647 1150 830 1204 speciem
859 1149 1053 1191 adversus
1083 1164 1153 1191 eos
1194 1150 1266 1205 qui
1296 1151 1365 1204 pie
1394 1149 1573 1204 agebant
1603 1163 1729 1189 exco-

249 1208 395 1261 gitans.
454 1212 495 1247 et
527 1207 567 1247 in
598 1207 747 1247 urbem
791 1206 960 1262 quidem
1004 1221 1085 1261 per
1111 1221 1153 1247 se
1182 1207 1318 1261 ipsum
1347 1206 1447 1246 haec
1479 1211 1522 1246 et
1550 1219 1727 1245 consen..

251 1270 393 1303 tmeos
423 1277 531 1313 suos,
560 1263 792 1308 Antonium
823 1264 889 1303 aio
921 1263 1151 1318 patricium
1181 1270 1224 1303 et
1253 1262 1491 1303 scholarum
1525 1259 1729 1302 domesti-

250 1335 359 1370 cum,
392 1334 438 1359 ac
463 1320 640 1360 Petrum
667 1321 926 1374 magistrum,
957 1327 1084 1375 atque
1119 1335 1198 1375 per
1227 1319 1435 1374 populum
1465 1319 1727 1384 singuioium

249 1376 459 1426 ordinum,
499 1377 572 1432 qui
603 1393 626 1417 a
652 1391 693 1417 se
723 1377 865 1417 fuerat
894 1377 946 1416 ad
975 1377 1072 1417 talia
1092 1375 1295 1427 eruditus,
1326 1376 1486 1431 agebat.
1544 1376 1586 1415 in
1614 1382 1726 1415 exte-

250 1434 306 1474 ris
336 1447 437 1474 vero
469 1433 720 1474 thematibus
749 1447 829 1487 per
859 1433 938 1473 iam
969 1433 1103 1474 dictos
1135 1440 1369 1488 praetores.
1426 1432 1513 1487 ipse
1543 1446 1725 1486 namque

248 1489 435 1530 citharae
462 1490 604 1530 sonitu
631 1490 919 1530 delectabatur
950 1497 1075 1545 atque
1101 1490 1314 1541 conviviis,
1343 1489 1540 1544 turpibus
1566 1503 1727 1529 sermo-

251 1547 370 1587 nibus
399 1553 440 1586 ct
481 1546 769 1587 saltationibus
811 1560 880 1586 eos
927 1546 999 1601 qui
1031 1546 1108 1587 sibi
1153 1546 1438 1586 adhaerebant
1475 1548 1729 1586 incessanter

249 1603 471 1654 erudiens,
509 1608 550 1643 et
591 1603 723 1643 sicubi
768 1603 987 1658 quisquam
1034 1617 1236 1643 corruens
1279 1602 1344 1643 vel
1387 1602 1531 1643 dolens
1559 1602 1726 1642 solitam

250 1659 493 1700 Christianis
534 1673 680 1699 vocem
724 1660 936 1699 emitteret
977 1659 1116 1700 dicens
1144 1659 1241 1700 “dei
1283 1659 1459 1716 genitrix
1488 1658 1620 1709 iuva‚'’
1651 1664 1725 1699 aut

248 1716 406 1770 vigilias
434 1729 555 1770 agens
585 1715 975 1770 deprehenderetur
1004 1722 1076 1755 aut
1105 1715 1284 1756 ecclesiis
1315 1722 1495 1756 assuetus
1527 1720 1602 1755 aut
1629 1729 1726 1755 cum

247 1745 482 1827 religionen
484 1772 624 1812 vivens
651 1777 722 1812 aut
769 1786 852 1812 nou
881 1773 1031 1826 passim
1073 1772 1314 1813 imamentis
1342 1773 1532 1823 abutens,
1564 1778 1612 1812 ut
1642 1771 1726 1811 ini..

246 1829 377 1869 micus
408 1829 675 1882 imperatoris
713 1828 989 1869 damnabatur
1029 1834 1070 1869 et
1099 1828 1437 1869 immemorabilis
1472 1827 1724 1870 nominaba-

246 1891 330 1926 tur.
389 1886 640 1925 monasteria
688 1899 790 1925 vero
811 1915 823 1937 ,
857 1899 965 1940 quae
995 1886 1036 1926 in
1075 1886 1254 1939 gloriam
1284 1886 1348 1925 dei
1380 1891 1421 1925 et
1452 1884 1612 1939 refugia
1640 1885 1725 1924 sal·-

246 1941 481 1982 vandorum
511 1941 655 1982 effecta
684 1949 793 1992 sunt,
826 1941 972 1982 domos
1001 1942 1094 1982 fore
1114 1957 1353 1982 communes
1376 1941 1610 1982 fautoribus
1639 1941 1721 1992 suis

246 1998 445 2039 militibus
476 1998 672 2038 faciebat.
733 1997 914 2053 denique
942 1999 1196 2039 coenobium
1217 1999 1427 2050 Dalmatii,
1461 1997 1578 2054 quod
1609 1997 1724 2038 inter

113 2070 148 2104 p.
162 2060 233 2095 685
246 2056 406 2109 optima
433 2055 618 2110 Byzantii
653 2061 743 2095 erat
779 2055 997 2105 coenobia,
1029 2055 1228 2095 militibus
1259 2055 1300 2094 in
1324 2054 1611 2095 habitaculum
1639 2055 1722 2095 tri..

243 2112 356 2160 buit;
387 2126 434 2152 ea
470 2126 578 2166 quae
609 2111 810 2151 dicuntur
829 2111 1053 2151 Callistrati
1086 2118 1128 2152 et
1155 2111 1222 2152 Dii
1253 2126 1300 2151 ac
1329 2111 1542 2152 Maximini
1571 2111 1723 2151 mona..

242 2168 392 2219 stelia,
426 2183 502 2208 nec
522 2182 606 2207 non
635 2175 677 2207 et
708 2167 804 2207 alias
832 2181 965 2208 sacras
986 2168 1291 2208 monacharum
1322 2183 1369 2208 ac
1401 2168 1608 2233 virginum
1640 2168 1724 2208 do-

243 2239 347 2275 mos,
377 2241 399 2264 a
429 2224 705 2264 fundamentis
737 2223 951 2264 destruxit.
983 2239 1052 2265 eos
1080 2239 1183 2265 vero
1214 2225 1286 2281 qui
1316 2225 1589 2267 monasticam
1620 2224 1723 2265 sub-

245 2281 311 2323 ire
352 2282 482 2321 vitam
525 2295 572 2321 ex
601 2280 826 2335 insignibus
851 2281 1049 2329 militibus
1080 2283 1143 2322 vel
1163 2283 1426 2322 senatoribus
1454 2280 1718 2330 studuerant,

242 2344 285 2379 et
315 2337 490 2378 maxime
528 2337 618 2378 illos
659 2338 730 2392 qui
768 2337 846 2377 sibi
891 2337 1164 2378 adhaeserant
1203 2345 1244 2379 et
1285 2338 1508 2392 complices
1536 2336 1720 2378 libidinis

241 2409 340 2435 suae
370 2410 418 2434 ac
447 2394 726 2435 nefandorum
761 2401 930 2434 actuum
962 2394 1142 2446 fuerant,
1173 2397 1302 2435 morti
1330 2394 1546 2445 subdebat,
1575 2409 1718 2448 suspe-

243 2452 329 2491 ctui
360 2452 512 2492 habens
544 2451 844 2501 confusionem,
877 2466 984 2506 quae
1013 2452 1088 2491 sibi
1118 2467 1163 2492 ex
1194 2451 1613 2506 pronuntiationibus
1640 2452 1716 2490 fie-

243 2514 310 2549 ret
339 2508 653 2563 propalantium
681 2521 734 2547 se.
811 2508 923 2547 unde
969 2513 1011 2548 et
1044 2509 1300 2562 Strategium
1330 2507 1602 2562 Podopaguri
1632 2508 1718 2546 fra-

242 2571 366 2616 trem,
395 2580 490 2605 cum
523 2570 626 2604 esset
647 2565 830 2603 urbanus
860 2565 1011 2617 specie,
1042 2567 1285 2620 assumpsit:
1319 2565 1483 2606 amabat
1504 2565 1615 2604 enim
1648 2568 1715 2602 ta-

241 2620 348 2661 libus
378 2621 607 2662 adhaerere
637 2626 820 2674 propter
852 2621 1031 2660 luxurias
1076 2637 1178 2664 suas.
1239 2638 1334 2663 cum
1365 2629 1504 2662 autem
1532 2620 1717 2661 sensisset

241 2691 338 2717 eum
367 2678 540 2720 moleste
569 2677 709 2718 tulisse
735 2676 920 2716 infandas
954 2677 994 2717 in
1036 2679 1148 2719 viros
1179 2680 1354 2720 insanias
1387 2693 1490 2728 suas,
1519 2685 1561 2717 et
1589 2677 1715 2717 beato

242 2734 455 2788 Stephano
489 2734 675 2775 inclauso
715 2734 757 2776 S.
789 2733 980 2774 Auxentii
1008 2733 1079 2775 bas
1119 2736 1351 2777 manifestas
1383 2734 1619 2785 reddidisse,
1648 2747 1718 2772 sa-

241 2789 421 2847 lutisque
468 2791 652 2833 remedia
690 2791 935 2846 suscepisse,
966 2789 1077 2832 hunc
1121 2794 1237 2848 quasi
1282 2793 1570 2834 insidiatorem
1599 2803 1718 2830 suum
