1768 3268
562 165 629 232 Εἰ(
670 189 1018 237 'rm-:orama
1453 185 1511 230 51

57 303 321 344 Constantius
366 317 464 344 cum
503 306 699 344 octavum
741 303 906 359 imperii
945 303 1007 344 sui
1033 316 1186 343 annum
1213 306 1393 356 gereret,
1421 302 1521 344 Ale-

54 359 246 400 xandrini
264 360 530 414 Gregorium‚
562 360 635 415 qui
659 375 778 402 more
806 361 978 401 latronis
1007 373 1135 413 super
1162 358 1470 399 Athanasium
1459 374 1521 399 in-

54 416 155 456 siliit
181 422 226 456 et
251 415 390 457 sedem
421 431 500 471 per
527 431 593 457 sex
623 432 751 457 annos
794 417 990 466 obtinuit,
1018 415 1277 456 occiderunt.
1334 416 1523 471 sequenti

57 486 162 512 vero
192 487 301 513 anno
330 473 611 529 Dyirachium
635 473 864 515 Dalmatiae
899 489 922 513 a
954 479 1093 513 terrae
1121 479 1241 512 motu
1273 479 1524 528 corruptum

57 536 140 579 est,
172 536 214 570 et
227 529 360 569 Roma
388 544 468 584 per
500 535 582 570 tres
612 529 696 570 dies
724 537 934 570 commota
955 527 1168 584 dispendia
1193 529 1383 583 pertulit.
1413 543 1524 570 cnca
1540 531 1630 578 1³57
1662 531 1682 564 5

58 585 163 626 haee
191 591 330 626 autem
357 592 550 641 tempora
579 585 768 626 Liberius
796 587 987 626 Romano
1017 586 1174 626 tluono
1206 585 1428 639 praesedit.
1450 600 1525 626 ve-

55 656 152 682 rum
179 641 422 683 Athanasius
450 648 491 683 et
520 643 684 693 Paulus,
718 648 760 683 et
790 649 1005 698 quotquot
1039 655 1120 697 pro
1154 641 1407 683 rectitudine
1434 657 1525 682 ser..

56 697 190 739 monis
208 699 329 740 eiecti
357 699 538 751 fuerant,
559 699 736 739 Romam
755 698 807 739 ad
834 699 987 740 lulium
1014 699 1307 754 confugerunt,
1337 704 1380 739 et
1400 713 1524 738 unus-

55 755 231 810 quisque
261 754 312 796 de
340 770 382 797 se
409 755 559 796 Iulium
599 755 766 804 docuit3
814 771 918 812 quos
948 755 1016 795 ille
1042 770 1138 795 cum
1143 729 1316 795 t>litteris
1345 754 1524 795 ecclesiis

55 812 136 852 suis
167 811 365 854 restituit.
434 812 678 852 Athanasius
717 787 856 852 alitem
903 819 945 852 et
987 811 1138 852 Paulus
1175 816 1216 851 et
1255 810 1298 851 hi
1327 811 1399 867 qui
1429 826 1524 851 cum

58 867 154 922 ipsis
181 875 315 919 erant,
347 869 494 910 litteris
515 869 605 909 lulii
625 883 758 923 papae
774 868 950 908 Romani
981 868 1092 921 freti,
1118 867 1295 908 thronos
1323 869 1524 922 proprios

57 932 325 980 receperunt.
383 925 542 966 interea
585 931 724 966 terrae
766 931 887 965 motu
917 940 1069 979 magno
1111 926 1152 964 in
1183 924 1352 965 civitate
1375 925 1522 980 Biryto
1536 932 1628 979 p.58
1649 931 1672 967 8

54 981 276 1023 Phoenicis
305 982 415 1023 facto
449 981 631 1036 plurima
659 996 757 1036 pars
787 982 871 1022 eius
900 982 1078 1030 corruit,
1108 981 1166 1021 ita
1197 986 1245 1020 ut
1273 981 1391 1021 multi
1422 995 1525 1036 gen-

60 1037 148 1079 tiles
179 1039 501 1094 ingrederentur
529 1038 758 1090 ecclesiam,
794 1053 837 1078 se
866 1038 995 1079 ritum
1024 1037 1307 1078 Christianum
1336 1043 1524 1078 servatu-

55 1108 127 1135 ros
149 1110 270 1136 more
299 1102 443 1136 nostro
484 1094 747 1149 spondentes.
804 1094 904 1135 hinc
942 1095 1201 1149 insurgentes
1233 1094 1402 1149 quidam
1432 1095 1524 1134 for-

54 1165 140 1191 mas
169 1151 365 1192 ecclesiae
380 1151 696 1216 quodammodo
721 1150 960 1192 fraudantes
979 1158 1288 1202 resecaverunt,
1316 1156 1358 1191 et
1387 1151 1525 1191 locum

54 1207 257 1248 orationis
301 1208 642 1263 cognominantes
684 1207 725 1248 in
770 1207 859 1262 ipso
899 1207 1211 1248 multitudinem
1253 1215 1522 1261 receperunt,

55 1271 206 1304 cuncta
237 1278 343 1319 quae
356 1239 472 1304 nsunt
506 1264 700 1305 ecclesiae
730 1264 959 1315 imitantes,
988 1263 1180 1304 similiter
1212 1264 1324 1318 apud
1352 1278 1426 1304 nos
1460 1265 1523 1304 ef-

54 1321 151 1364 fecti
183 1326 230 1361 ut
261 1320 604 1362 Samaritensium
633 1320 814 1361 haeresis
847 1321 1059 1375 gentiliter
1094 1334 1219 1375 penes
1254 1319 1423 1361 ludaeos
1458 1321 1522 1360 vi-

55 1377 256 1418 ventium.
330 1382 519 1417 ceterum
562 1377 829 1417 Constantius
865 1377 1036 1418 Liberio
1077 1377 1278 1418 scribenti
1320 1376 1397 1416 sibi
1439 1390 1568 1432 prop.
1583 1386 1626 1421 61
1657 1385 1680 1420 9

52 1432 273 1474 homousio
300 1437 344 1473 et
369 1432 643 1474 sacratissimo
666 1433 890 1473 Athanasio
913 1433 1042 1473 iratus
1061 1433 1203 1484 mittit,
1234 1439 1276 1473 et
1304 1432 1416 1473 hunc
1436 1433 1524 1473 exi-

51 1488 107 1529 lio
140 1489 314 1544 relegari
331 1490 549 1544 praecepit
577 1489 692 1544 apud
712 1490 947 1530 Bretaniam
965 1490 1166 1530 Thracae.
1224 1495 1409 1544 tuncque
1437 1504 1519 1544 pro

53 1546 124 1587 illo
155 1546 338 1587 Felicem
377 1552 753 1597 consecraverunt,
795 1546 871 1601 qui
922 1546 1119 1587 diaconus
1147 1545 1228 1586 fuit
1255 1545 1449 1586 ecclesiae
1479 1554 1522 1587 et

51 1603 277 1644 Nicaenum
307 1603 642 1658 amplectebatur
671 1602 907 1643 concilium.
965 1617 1101 1657 porro
1133 1602 1311 1643 iussione
1339 1603 1523 1656 impera-

51 1660 161 1700 toria
189 1658 367 1716 synodus
408 1666 661 1714 congregata
688 1665 750 1701 est
789 1659 902 1714 apud
930 1658 1232 1708 Mediolanum,
1265 1659 1520 1699 Occidenta-

52 1716 155 1756 lium
203 1715 373 1771 quidem
411 1722 700 1758 trecentorum
739 1716 1062 1770 episcoporum,
1102 1715 1383 1756 Orientalium
1416 1729 1518 1756 vero

51 1773 174 1814 valde
201 1786 448 1828 paucorum
521 1786 655 1828 porro
687 1773 822 1813 soluta
862 1779 923 1814 est
949 1773 1147 1824 inefficax,
1180 1772 1518 1813 Occidentalibus

54 1843 138 1869 non
196 1829 495 1884 recipientibus
545 1829 761 1870 molimina
812 1843 920 1886 quae
963 1829 1159 1870 adversus
1199 1829 1563 1884 sacratissimump
1579 1839 1626 1873 6)

50 1885 317 1927 Athanasium
347 1887 485 1927 denuo
527 1887 801 1941 parabantur.
859 1900 954 1926 sane
986 1886 1181 1927 Romanis
1209 1885 1515 1940 postulantibus

50 1949 220 1983 coactus
250 1949 424 1984 revocat
443 1943 659 1984 Liberium
688 1950 732 1984 et
759 1942 846 1984 sedi
873 1942 1070 1983 restituit.
1101 1942 1216 1983 Felix
1241 1956 1341 1982 vero
1372 1956 1512 1997 egres-

48 2013 113 2040 sus
145 1999 292 2039 urbem
323 1990 498 2043 ulterius,
528 1999 698 2041 minime
715 1999 864 2047 rediit;
895 1999 963 2038 cui
994 1999 1179 2040 succedit
1205 1999 1417 2039 Damasus.
1445 1999 1512 2038 in-

50 2061 166 2096 terea
194 2055 456 2096 Constantius
497 2054 658 2097 decimo
701 2062 850 2096 octavo
900 2055 1067 2109 imperii
1097 2055 1160 2095 sui
1193 2070 1302 2095 anno
1332 2055 1512 2106 Gallum,

51 2127 176 2167 quem
205 2112 421 2153 Caesarem
461 2113 619 2154 factum
651 2112 938 2154 Constantium
981 2111 1305 2166 cognominavit,
1334 2112 1511 2152 interfici

52 2169 209 2219 iube-ns,
243 2168 448 2209 Iulianum
471 2168 593 2210 huius
622 2170 798 2210 fratrem
828 2169 868 2208 in
899 2169 1088 2209 custodia
1105 2167 1323 2209 retinebat.
1380 2169 1511 2209 Euse-

47 2225 115 2264 bia
147 2239 247 2266 vero
281 2225 431 2266 coniux
459 2227 690 2267 Constantii
726 2225 838 2266 hunc
865 2225 1119 2279 postulatum
1161 2225 1339 2266 Athenas
1371 2231 1510 2265 trans..

46 2281 182 2330 misit;
213 2295 298 2336 quo
325 2284 359 2334 *)
394 2297 490 2322 cum
525 2283 792 2337 pervenisset,
825 2281 958 2322 studia
999 2282 1298 2322 instituebatur
1325 2281 1509 2336 gentilia,

45 2337 166 2378 bonis
197 2337 472 2379 fundamentis
511 2339 930 2394 superaedificaturus
961 2339 1182 2390 malitiam,
1213 2343 1255 2379 et
1288 2351 1371 2378 non
1401 2337 1510 2378 sicut

50 2395 277 2450 oportebat
307 2395 382 2436 ista
410 2401 590 2436 secutus.

161 2461 307 2502 Mundi
341 2476 450 2502 anno
479 2458 602 2512 5847,
635 2461 800 2503 divinae
830 2461 1125 2503 incarnationis
1157 2475 1266 2501 anno
1296 2458 1392 2511 347,
1419 2460 1508 2499 Ma-

48 2517 200 2558 ximum
229 2519 651 2574 Hierosolymitanum
692 2519 975 2573 deposuerunt
1021 2518 1191 2558 Aeacius
1240 2516 1507 2558 Caesariensis

45 2580 88 2614 et
115 2575 379 2630 Patrophilus
410 2575 788 2631 scythopolitanus,
811 2590 906 2616 cum
934 2581 1066 2616 essent
1095 2575 1250 2626 Ariani,
1282 2580 1325 2614 et
1351 2574 1507 2615 subro-

45 2637 251 2684 gaverunt
277 2647 358 2686 pro
388 2647 438 2673 eo
469 2632 682 2697 Cyrillum,
705 2639 904 2698 ‘putantes
933 2647 1027 2672 eum
1058 2631 1211 2672 habere
1240 2630 1505 2671 concordem.

44 2691 144 2728 tunc
178 2688 338 2743 signum
371 2690 506 2729 cineis
538 2689 735 2743 apparuit
774 2689 816 2729 in
856 2688 970 2730 caelo
1015 2689 1081 2729 die
1110 2692 1387 2742 pentecostes»,
1414 2701 1551 2742 spe-p.
1567 2694 1614 2730 63

91 2814 124 2861 ⁴¹)
150 2826 223 2862 qno
250 2837 294 2843 —-
318 2818 475 2865 secutus}
504 2817 592 2851 haec
612 2817 658 2852 de
683 2829 747 2852 suo
773 2816 915 2852 addidit
942 2816 1155 2852 Anastasius.
1207 2814 1311 2848 Fun.
