1728 3184
681 202 885 253 nour..
1405 189 1502 245 441

147 320 248 374 324,
277 317 321 362 ὅ.
374 320 555 374 Βέστητ]
584 317 696 361 idem
726 319 903 358 Bastem.

70 416 125 503 ζ’·
152 393 250 446 327,
283 393 348 434 15.
406 392 668 446 Κουτζύνας]
698 391 768 433 ille
797 390 981 431 Cuzinas,
1011 389 1082 430 alii
1110 391 1231 431 codd.
1260 405 1338 433 mss
1369 390 1517 432 Kome-

41 467 64 493 ‘1
94 465 200 500 ινας.

94 579 121 619 d
155 521 266 574 330,
318 520 383 563 19.
437 516 677 570 Ῥεπεᾰτου]
722 517 961 574 Procopius
1001 515 1295 573 Ῥεπαράτου,
1337 520 1394 560 ita
1428 520 1515 560 Pal.

41 594 92 620 co
124 610 135 620 .

119 654 121 657 ’
151 649 249 703 334,
280 649 349 692 16.
393 647 667 704 Καλλίνικον]
697 649 935 703 Procopius
974 645 1027 688 ad
1052 648 1166 688 lib.2
1185 648 1351 689 calcem.
1382 663 1520 689 omnes

40 708 271 749 Iusu'm‘am‘
296 716 435 762 partes
459 716 696 747 assumentes
729 705 975 746 Callinicum
1012 708 1124 757 (nam
1150 706 1208 746 sic
1235 705 1279 745 in
1308 706 1412 746 bello
1438 720 1518 747 vo·

38 765 221 815 cabatur)
251 763 502 804 clamabant.

152 836 251 889 335,
279 835 319 877 3.
377 832 609 889 Περιέκτα]
639 833 750 875 idem
766 834 976 877 Prinecta.
1037 833 1115 874 alia
1148 833 1273 875 lectio
1300 833 1485 875 Preicta.

151 909 260 954 ibid.
296 906 365 950 13.
422 903 463 948 οἶ
492 903 752 963 Λευάσθαι]
782 908 1019 948 Leucathae
1050 907 1264 948 Maurusii.

154 979 254 1033 336,
282 980 324 1022 6.
382 976 404 1020 ὅ
434 980 517 1021 τῶν
539 973 717 1031 Ἰβήρων
742 976 960 1034 βασιλεύς]
993 980 1159 1030 Iberos,
1192 978 1371 1019 Colchos
1397 985 1523 1019 vocat

42 1039 282 1093 Procopius
324 1038 395 1078 lib.
426 1041 451 1080 2
490 1037 543 1078 de
570 1037 681 1078 bello
719 1037 916 1087 Persico,
947 1042 990 1077 et
1019 1051 1115 1076 cum
1145 1037 1343 1077 Romanis
1377 1036 1524 1076 foedus

42 1095 99 1137 eis
133 1096 282 1135 initum
312 1098 536 1135 memorat.

157 1167 254 1222 337,
285 1168 326 1207 4.
399 1163 667 1219 ὅμοιογενῆς]
714 1166 858 1207 missae
886 1166 1094 1206 sacrificio
1145 1167 1317 1207 ineunte
1357 1180 1380 1206 a
1422 1165 1525 1206 cleri

45 1231 174 1266 coetu
203 1224 380 1293 hymnus
412 1223 488 1263 iste
520 1224 747 1263 etiamnum
780 1222 906 1264 hodie
941 1223 984 1262 in
1015 1222 1184 1264 ecclesia
1213 1222 1420 1263 Orientali
1450 1236 1525 1261 ca-

43 1283 176 1322 nitur.
208 1278 230 1320 ὅ
259 1276 488 1333 μονογενὴς
520 1275 623 1332 υἱός,
654 1278 727 1318 καί
750 1275 893 1346 loyce
896 1279 972 1320 τοῦ
999 1279 1108 1319 θεοῦ
1136 1276 1350 1326 ἅθιέιατος
1379 1274 1526 1329 incip-

41 1352 147 1390 χων,
174 1337 250 1377 καί
276 1335 611 1387 καταδεξάμενος
645 1332 716 1375 διὰ
745 1331 824 1402 τήν
866 1331 1078 1388 ἡμετέραν
1108 1334 1325 1387 σωτηρίαν
1354 1349 1526 1383 σαρκω-

42 1394 175 1447 &ryme
201 1394 248 1433 ἐκ
275 1393 347 1444 ’τῆς
376 1389 500 1457 ἁγίας
513 1390 718 1431 θεοτόκου
749 1387 823 1432 καί
866 1391 1154 1457 αειπαρθὲιου
1173 1391 1370 1455 Μαρίας,
1400 1389 1526 1441 α’τρέ-

42 1464 155 1498 uum,-
183 1444 530 1516 ἑνανθρωπήσας,
559 1445 632 1487 καί
647 1446 917 1498 σταυρωθεις
945 1444 1046 1495 θεὸς
1074 1443 1208 1500 ἡμῶν,
1236 1442 1422 1486 θάνατον
1442 1447 1526 1487 θα-

43 1502 158 1575 volup
183 1501 393 1572 πατήσας,
422 1497 481 1550 εἷς
513 1504 590 1554 τῆς
619 1499 741 1556 αγίας
768 1502 952 1556 τριάδος,
982 1500 1338 1553 συνδοξαζόμενος
1352 1502 1418 1571 τῷ
1440 1518 1527 1541 πα-

43 1561 129 1613 τρῖ,
162 1558 237 1602 καὶ
262 1560 320 1616 τῷ
348 1557 453 1614 αγίῳ
469 1556 694 1610 πνεύματι,
725 1560 803 1599 νῦν
829 1559 903 1599 καί
933 1559 1013 1610 οέϊ,
1045 1559 1120 1599 καί
1150 1557 1211 1606 εἰς
1238 1555 1340 1606 τούς
1369 1543 1529 1606 αἰῶνας

44 1632 129 1658 των
159 1613 340 1660 amdam.
396 1618 619 1669 unigenitus
648 1617 776 1671 filnes,
815 1625 856 1655 et
884 1617 1050 1656 verbum
1078 1616 1149 1655 dei
1176 1616 1407 1655 immortale
1435 1616 1528 1655 exi..

44 1683 162 1724 stem,
191 1675 266 1729 qui
292 1688 349 1712 ex
375 1682 518 1712 sancta
562 1673 762 1727 deipara,
791 1681 830 1711 et
859 1687 1017 1727 semper·
1042 1673 1201 1725 virgum
1235 1671 1402 1721 Marta,
1423 1685 1527 1726 pro-

38 1739 135 1784 pter
159 1731 330 1769 salutem
360 1738 539 1768 nostram
560 1729 772 1768 imm-nari
800 1729 902 1778 tulit,
932 1731 1048 1768 homo
1076 1729 1192 1767 nulla
1220 1728 1285 1767 sui
1305 1729 1527 1768 mutatzone

43 1786 259 1827 accedente
278 1786 451 1837 sactus,
474 1794 513 1825 et
548 1785 645 1825 deus
685 1794 819 1824 noster
858 1787 973 1826 cruci
1001 1782 1172 1837 affixus,
1202 1794 1327 1824 morte
1357 1791 1530 1824 mortem

43 1842 300 1892 conculcans,
330 1857 429 1881 unus
457 1856 516 1882 ecc
539 1851 703 1882 sanctae
732 1842 925 1881 tri'nnatis
953 1842 1145 1895 personis,
1172 1842 1244 1896 qui
1272 1855 1365 1881 cum
1390 1848 1528 1896 patre,

44 1907 87 1937 et
126 1899 276 1953 spiritu
309 1906 448 1938 sancto
477 1898 764 1953 glorgficatur‚
802 1912 905 1937 nunc
934 1907 975 1937 et
1002 1911 1185 1953 semper,
1225 1906 1264 1937 et
1292 1899 1338 1937 in
1366 1896 1530 1938 saecula

47 1955 314 1996 saeculorum.
381 1953 531 1994 edendi
569 1955 686 1995 istius
728 1954 872 2010 hymni
903 1968 1092 2003 causam,
1122 1953 1309 2008 editique
1338 1967 1530 1992 commu-

47 2024 146 2050 nem
176 2010 218 2048 in
249 2009 420 2050 ecclesia
459 2011 793 2065 acceptationem
834 2017 1001 2051 erarrat
1041 2009 1246 2050 Batonius
1293 2008 1346 2049 ad
1375 2023 1531 2049 annum

44 2065 205 2107 Christi
234 2065 317 2106 520
349 2080 462 2106 num.
493 2066 562 2118 37,
604 2074 647 2108 et
678 2065 730 2107 ad
760 2082 917 2107 annum
947 2062 1031 2107 534
1059 2081 1172 2106 num.
1207 2065 1260 2106 22
1291 2072 1334 2107 et
1358 2080 1474 2120 seqq.

162 2150 272 2192 Ibid.
299 2149 339 2190 5.
409 2146 457 2191 τὸ
495 2145 726 2203 ωρολόγιον
756 2150 835 2191 τοῦ
863 2150 1046 2200 Μιλίου]
1092 2150 1134 2190 in
1167 2152 1401 2204 Augustaeo
1431 2149 1529 2188 foro

48 2205 101 2246 ad
127 2205 170 2246 S.
201 2205 384 2260 Sophiae
413 2205 517 2247 latus
550 2207 739 2257 Milium,
781 2207 866 2248 sive
895 2207 1137 2247 Milliarium
1167 2206 1330 2247 extitit:
1364 2205 1415 2245 de
1442 2219 1528 2259 quo

46 2262 222 2374 {ppgpisge
250 2263 412 2359 {ulit-las,
436 2269 479 2304 et
492 2263 644 2304 Petrus
663 2263 822 2319 Gyllius
842 2264 921 2305 (ΞΡ.
951 2270 1177 2319 topograp.
1197 2263 1268 2303 lib.
1298 2262 1322 2302 2
1352 2275 1443 2316 cap.
1462 2260 1530 2311 23,

165 2397 276 2440 lbid.
308 2397 348 2437 7.
400 2395 653 2451 Ἐπιφανίου
682 2394 915 2438 ἐπισκόπου
931 2395 1283 2451 τελευτήσαντος]
1319 2410 1428 2435 anno
1457 2397 1530 2435 Iu.-

46 2453 216 2494 stiniani
263 2468 377 2494 nono
408 2453 695 2507 Epiphaniam
736 2454 817 2497 CP.
849 2454 1094 2510 episcopum
1123 2453 1236 2493 letho
1267 2451 1531 2491 succubuisse

44 2509 253 2551 Bal-onius
298 2510 349 2550 ad
383 2525 539 2549 annum
577 2511 622 2550 C.
647 2509 731 2551 535
770 2526 884 2551 num.
915 2511 969 2552 59
1009 2524 1189 2551 asserens
1227 2524 1271 2548 ex
1302 2522 1352 2547 eo
1383 2507 1529 2562 argui-

47 2572 150 2607 tur.
181 2566 299 2622 quod
332 2569 505 2607 Ioannes
536 2567 778 2621 Cappadox,
807 2567 880 2622 qui
909 2583 956 2608 ex
985 2565 1211 2620 Nicephori
1238 2564 1456 2614 chronico,
1487 2569 1531 2603 et

45 2622 172 2687 ipsius
200 2623 371 2663 Baronii
403 2637 589 2673 assensu,
635 2638 766 2664 annos
797 2624 901 2663 duos
931 2624 1147 2672 thronum,
1178 2635 1300 2674 quem
1332 2634 1429 2659 cum
1460 2621 1530 2659 lu-

47 2680 160 2719 stiuo
192 2680 426 2734 auspicatus
457 2685 532 2728 est,
566 2654 727 2719 t'enuit:
758 2695 971 2720 successor
1000 2687 1139 2719 autem
1164 2676 1423 2731 Epiphanius
1452 2691 1531 2714 an-

46 2749 122 2775 nos
159 2733 212 2775 16
241 2742 283 2776 et
312 2735 514 2776 menscsS
540 2736 662 2791 gessit
708 2737 1020 2791 pontificatum.
1053 2734 1230 2774 Iustinus
1264 2746 1399 2786 porro
1433 2747 1530 2772 cum

48 2805 180 2834 annos
208 2790 235 2834 9
266 2793 524 2848 regnaverit,
555 2792 765 2851 reliquum
805 2792 1022 2835 iustiniani
1052 2791 1215 2833 decimo
1244 2788 1530 2845 Epiphanium
