1728 3184
217 194 314 239 500
721 198 774 238 ΙΝ
815 195 1186 237 THEOPIIANEM

214 323 341 365 supra
374 310 533 351 laudati
563 311 714 352 verbis.
773 312 874 352 obiit
902 322 1049 361 autem,
1078 318 1156 352 etc.
1189 325 1322 350 mense
1349 309 1600 366 Septembrio
1627 309 1692 351 die

215 365 492 408 sextadecima
508 398 520 418 ,
564 373 643 410 etc.
703 367 920 408 indiccione
963 367 1289 422 quartadecima.
1353 366 1512 408 scelesti
1556 381 1692 421 porro

213 423 370 478 Pyrrhi
403 424 575 474 lethum,
608 424 650 464 in
683 424 725 465 id
752 430 927 478 tempus,
962 438 1047 478 quo
1079 424 1315 464 Constantis
1343 438 1454 463 anno
1487 422 1691 463 duodeci-

214 495 299 531 mo,
330 485 372 519 et
415 479 645 522 indictione
686 481 781 535 pari
818 480 1031 521 Diomedis
1070 480 1279 535 ergastulo
1312 486 1475 519 sanctus
1504 480 1694 532 pontifex

216 537 456 588 tenebatur,
484 544 635 578 auctor
663 537 771 577 idem
792 537 975 586 coniicit,
1003 536 1043 576 in
1068 551 1153 590 qno
1174 536 1231 576 illi
1251 544 1292 577 et
1311 535 1558 590 Theophani
1579 550 1691 575 -con-

217 593 344 633 venit.
377 592 478 634 haec
510 595 706 635 attentius
734 593 1020 633 animadversa
1053 593 1180 647 plura
1210 594 1321 633 circa
1347 598 1591 646 temporum
1621 607 1692 632 ra-

217 650 377 690 tionem
411 649 524 706 apud
550 651 778 690 Baronium
808 650 1044 690 emendant.

327 722 504 774 531,17.
562 722 624 770 εἷς
652 720 697 764 τὸ
733 722 919 776 Σαπφίν]
948 723 1030 762 loci
1053 737 1200 763 nomen
1231 737 1273 761 m
1294 720 1416 775 Asza,
1447 719 1584 776 inquit
1605 722 1693 761 Or..

219 778 367 820 telius·
399 780 721 845 Mesopotamiae
750 780 875 819 iuxta
911 779 1068 832 Tigrzm
1116 779 1252 820 urbem
1284 793 1332 818 ex
1365 778 1514 818 eodem
1546 793 1584 818 v.
1616 778 1695 819 Sa-

218 835 378 891 phe,
345 836 476 891 Σαφῆ
507 837 673 890 mallem
703 835 992 889 interpretari.

331 907 429 957 532,
460 904 499 949 4.
557 904 631 957 τὰς
664 903 787 963 ῥόγας
816 903 1057 962 α’νήνεγκεν]
1105 923 1188 948 non
1234 907 1491 950 omittendae
1519 907 1590 949 hic
1619 923 1696 949 va-

217 965 304 1006 riae
335 965 554 1006 lectiones„

328 1039 441 1082 Ibid.
471 1038 510 1079 6.
569 1034 815 1078 καταλιπών
844 1035 867 1079 ὅ
900 1034 1106 1090 βασιλεὺς
1129 1038 1254 1092 ΚΠ]
1286 1037 1511 1078 Theodosii
1555 1039 1693 1078 fratris

218 1095 343 1138 occisi
373 1110 511 1136 manes
558 1094 783 1135 vindictam
826 1095 1124 1136 comminantes
1164 1095 1357 1136 discessus
1394 1110 1558 1136 causam
1589 1095 1695 1137 exti-

217 1154 313 1194 tisse
342 1159 517 1193 narrant
548 1151 762 1193 Cedrenus
793 1159 834 1192 et
863 1153 1058 1192 Zonaras.

327 1221 696 1282 Ilgid.1‘2.xa102
730 1225 804 1278 τῆς
839 1223 1098 1279 Ῥωμαικῶς]
1132 1226 1321 1265 Romano
1339 1225 1459 1290 -i1np.
1492 1225 1694 1267 ditionem

217 1282 447 1323 subiectam
476 1283 704 1322 Romaniae
747 1297 896 1322 nomen
945 1283 1022 1322 iam
1072 1283 1171 1321 olim
1206 1282 1412 1336 accepisse
1443 1284 1698 1323 confinnant

214 1338 317 1379 haec
344 1337 571 1393 Ep1ph1nn
608 1339 762 1379 haeres.
782 1338 850 1379 69.
909 1335 1131 1391 ἐπιστολὴν
1158 1339 1292 1390 myri)
1283 1353 1346 1391 ην
1377 1336 1592 1391 ἐγκύκλιον
1618 1335 1694 1395 ὅλῃ

212 1397 262 1449 τῇ
284 1390 502 1450 Ῥωμανιά
532 1395 745 1449 γέγραφε·
803 1397 1018 1451 epistolam
1048 1396 1144 1435 bene
1174 1396 1357 1449 longam,
1382 1405 1421 1436 et
1449 1397 1695 1448 encyclicam

213 1452 272 1491 ad
297 1466 452 1491 omnem
486 1453 739 1491 Romaniam
768 1453 942 1515 scr-ipset.
999 1452 1204 1492 Baronius
1235 1452 1286 1491 ad
1317 1467 1352 1490 a.
1375 1450 1401 1492 3
1435 1452 1475 1492 in
1519 1469 1635 1493 num.
1668 1451 1694 1492 6

214 1508 427 1548 ecclesiam
460 1508 710 1548 catholicam
754 1508 977 1562 significari
1012 1509 1186 1560 censuit,
1217 1509 1287 1549 sed
1318 1508 1453 1562 aptius
1486 1509 1697 1564 interpres

214 1564 409 1604 Petavius
450 1579 588 1605 omnes
620 1565 740 1604 Rom.
779 1566 953 1619 imperio
992 1564 1174 1605 subditos
1222 1564 1418 1605 reddidit.
1477 1565 1695 1606 lornandis

218 1621 268 1661 de
301 1622 393 1661 Get.
422 1622 527 1676 orig.
556 1620 775 1662 Anthemio
798 1623 984 1677 principe
1010 1623 1094 1661 iam
1123 1622 1329 1672 defimeto,
1361 1623 1436 1678 qui
1462 1637 1552 1663 cum
1583 1624 1697 1662 Reci-

217 1691 325 1717 mere
353 1692 500 1731 genero
539 1693 610 1717 suo
648 1679 828 1718 i'ntestmo
871 1679 975 1719 bello
1007 1679 1200 1729 saeviens,
1233 1679 1476 1718 Romaniam
1509 1681 1695 1730 trivisset,

218 1740 296 1774 etc.
356 1734 535 1774 Cedreni
581 1735 620 1773 in
652 1734 925 1774 Constantino
968 1749 1138 1789 magno.
1197 1749 1265 1774 και
1299 1734 1426 1774 πάλιν
1456 1731 1495 1775 οἱ
1521 1734 1698 1787 Πέρσαι

223 1786 332 1829 κατὰ
358 1786 598 1840 ‘'Pwuamag
629 1787 930 1843 παρετάξαντο.
987 1792 1132 1830 lterum
1161 1792 1204 1830 in
1232 1791 1437 1831 Romanas
1459 1793 1698 1846 provi‘ncms

226 1845 380 1886 Persae
412 1860 540 1886 arma
569 1857 746 1887 movent.
776 1847 1004 1887 Theoriani
1038 1847 1078 1887 in
1113 1846 1233 1902 legat.
1265 1850 1431 1887 Ar.men
1461 1848 1700 1900 παρακαλω

219 1902 550 1955 μεταγραφῆναι
588 1901 664 1955 τήν
708 1901 962 1969 ‹rvyy9arptjy
1001 1900 1163 1956 ταύτην
1202 1900 1275 1943 καί
1302 1903 1485 1957 δοθῆναι
1511 1918 1600 1955 μοι,
1628 1905 1698 1945 ἵνα

220 1959 585 2012 ἑξελληνισθεῖσαν
615 1958 660 1999 ἐν
684 1955 898 2014 Ῥωμαικιά
931 1955 1103 2012 ἔχοιμεν
1131 1958 1274 2012 av'trjv.
1333 1961 1562 2014 opusculum
1594 1961 1703 2001 istud

218 2015 409 2112 des-crim&
441 2016 618 2071 milleque
658 2015 755 2055 dari
781 2030 946 2072 precor,
981 2025 1025 2056 ut
1055 2016 1214 2058 Graece
1242 2016 1447 2058 redditum
1470 2017 1515 2058 in
1541 2018 1699 2058 Roma-

219 2076 291 2111 nia
320 2073 376 2112 Ιια
408 2085 532 2112 emus.

333 2144 442 2187 Ibid.
477 2144 542 2186 17.
602 2144 763 2198 ἐγένετο
802 2142 941 2200 πὶάνη
982 2145 1064 2187 τῶν
1093 2146 1314 2201 νηστειῶν]
1348 2163 1395 2189 ex
1424 2148 1629 2204 paschatis
1660 2150 1702 2188 in

221 2207 386 2242 centum
418 2201 527 2242 diem
560 2202 713 2256 figendi
746 2203 836 2243 inc‹
845 2210 904 2243 ita
946 2204 1112 2244 ratione
1141 2206 1432 2246 contentiones
1463 2211 1504 2246 et
1534 2205 1701 2260 opinio-

223 2275 322 2299 num
353 2257 516 2298 dissidia
548 2266 707 2299 veteres
741 2259 852 2314 apud
887 2260 1141 2301 Clnistianos
1175 2260 1476 2303 Alexandrinos
1504 2263 1698 2314 maxime,

221 2322 263 2356 et
292 2314 580 2357 Occidentales
614 2322 707 2355 orta
728 2316 900 2370 copioso
931 2317 1151 2357 doctrinae
1183 2324 1382 2370 tnactatu,
1414 2326 1455 2359 et
1485 2334 1567 2358 non
1598 2334 1703 2373 par-

221 2388 269 2413 ca
299 2373 586 2427 exemplorum
626 2373 732 2412 serie
784 2372 1044 2414 demonstrat
1083 2374 1275 2414 Petavius
1318 2375 1388 2417 lib.
1438 2376 1462 2416 2
1507 2376 1557 2416 de
1588 2376 1701 2417 doct.

220 2436 349 2484 temp.
379 2443 471 2485 cap.
501 2427 557 2469 64
588 2435 628 2468 et
660 2429 728 2472 lib.
760 2425 788 2468 4
817 2444 894 2484 cap
900 2430 1001 2470 ..24
1063 2445 1192 2471 unum
1221 2431 1459 2472 huiusmodi
1492 2432 1704 2486 praesenti

222 2500 332 2526 anno
362 2485 583 2540 contigisse
627 2485 813 2526 indicant
858 2487 961 2528 haec
997 2488 1151 2527 verba:
1193 2483 1342 2553 ⁷17va·
1375 2489 1459 2529 τῶν
1486 2488 1701 2542 νηστειῶν.

223 2557 373 2584 eirore
407 2557 590 2598 namque
620 2542 661 2582 in
685 2541 1056 2598 quadragesimales
1083 2542 1166 2584 dies
1199 2544 1271 2599 qui
1293 2545 1446 2585 ieiunio
1475 2546 1647 2596 sacri,a
1627 2545 1702 2585 ad-

221 2599 359 2651 misso,
390 2598 502 2639 haud
532 2599 659 2639 dubie
696 2599 795 2655 quia
825 2600 902 2641 CP.
936 2599 1108 2642 ecclesia
1135 2600 1368 2655 paschalem
1399 2602 1705 2643 solemnitatem

222 2662 417 2716 erranter
441 2655 682 2697 celebravit.

332 2711 429 2786 533,
455 2733 495 2775 8.
566 2731 619 2775 τὰ
663 2733 773 2788 μέρη
794 2732 1068 2791 Ἑξαπόλεως]
1116 2737 1354 2778 Armeniam
1397 2753 1420 2778 a
1465 2737 1694 2778 Iustiniano

222 2789 326 2845 imp.
359 2790 397 2830 in
434 2796 639 2846 quattuor
669 2797 807 2845 pantes
841 2791 1012 2834 divisam
1041 2794 1188 2836 scribit
1207 2793 1460 2836 Eustathius.
1517 2795 1700 2849 plimam
