<?xml version="1.0" encoding="UTF-8"?>
<!DOCTYPE html PUBLIC "-//W3C//DTD XHTML 1.0 Transitional//EN"
    "http://www.w3.org/TR/xhtml1/DTD/xhtml1-transitional.dtd">
<html xmlns="http://www.w3.org/1999/xhtml" xml:lang="en" lang="en">
 <head>
  <title>
</title>
<meta http-equiv="Content-Type" content="text/html;charset=utf-8" />
  <meta name='ocr-system' content='tesseract 3.04.00' />
  <meta name='ocr-capabilities' content='ocr_page ocr_carea ocr_par ocr_line ocrx_word'/>
</head>
<body>
  <div class='ocr_page' id='page_1' title='image "./corpusscriptorum47niebuoft_0282.png"; bbox 0 0 1794 3250; ppageno 0'>
   <div class='ocr_carea' id='block_1_1' title="bbox 281 179 1547 233">
    <p class='ocr_par' dir='ltr' id='par_1_1' title="bbox 281 179 1547 233">
     <span class='ocr_line' id='line_1_1' title="bbox 281 179 1547 233; baseline 0.004 -5"><span class='ocrx_word' id='word_1_1' title='bbox 281 184 379 228; x_wconf 76' lang='lat'><strong>272</strong></span> <span class='ocrx_word' id='word_1_2' title='bbox 499 187 781 231; x_wconf 73' lang='lat' dir='ltr'><strong>ANASTAsn</strong></span> <span class='ocrx_word' id='word_1_3' title='bbox 824 189 1086 232; x_wconf 75' lang='lat' dir='ltr'><strong>nis&#39;roaiA</strong></span> <span class='ocrx_word' id='word_1_4' title='bbox 1129 179 1547 233; x_wconf 33' lang='lat' dir='ltr'><strong>EccliasmsricA</strong></span> 
     </span>
    </p>
   </div>
   <div class='ocr_carea' id='block_1_2' title="bbox 132 292 1755 1252">
    <p class='ocr_par' dir='ltr' id='par_1_2' title="bbox 132 292 1755 1252">
     <span class='ocr_line' id='line_1_2' title="bbox 280 292 1755 349; baseline 0.001 -20"><span class='ocrx_word' id='word_1_5' title='bbox 280 296 442 330; x_wconf 83' lang='lat' dir='ltr'><strong>ostensa</strong></span> <span class='ocrx_word' id='word_1_6' title='bbox 470 297 568 332; x_wconf 82' lang='lat' dir='ltr'><strong>sunt</strong></span> <span class='ocrx_word' id='word_1_7' title='bbox 594 292 722 344; x_wconf 83' lang='lat' dir='ltr'><strong>mala,</strong></span> <span class='ocrx_word' id='word_1_8' title='bbox 750 299 964 348; x_wconf 85' lang='lat' dir='ltr'><strong>nequeunt</strong></span> <span class='ocrx_word' id='word_1_9' title='bbox 995 293 1135 346; x_wconf 83' lang='lat' dir='ltr'><strong>scribi,</strong></span> <span class='ocrx_word' id='word_1_10' title='bbox 1168 293 1269 334; x_wconf 88' lang='lat' dir='ltr'><strong>alios</strong></span> <span class='ocrx_word' id='word_1_11' title='bbox 1298 294 1466 349; x_wconf 88' lang='lat' dir='ltr'><strong>quidem</strong></span> <span class='ocrx_word' id='word_1_12' title='bbox 1501 308 1551 335; x_wconf 90' lang='lat' dir='ltr'><strong>eo</strong></span> <span class='ocrx_word' id='word_1_13' title='bbox 1586 294 1755 335; x_wconf 79' lang='lat' dir='ltr'><strong>investi..</strong></span> 
     </span>
     <span class='ocr_line' id='line_1_3' title="bbox 278 348 1752 406; baseline 0.005 -21"><span class='ocrx_word' id='word_1_14' title='bbox 278 353 403 401; x_wconf 81' lang='lat' dir='ltr'><strong>gante</strong></span> <span class='ocrx_word' id='word_1_15' title='bbox 434 348 615 402; x_wconf 83' lang='lat' dir='ltr'><strong>qualiter</strong></span> <span class='ocrx_word' id='word_1_16' title='bbox 656 349 771 391; x_wconf 86' lang='lat' dir='ltr'><strong>domi</strong></span> <span class='ocrx_word' id='word_1_17' title='bbox 798 350 1011 401; x_wconf 86' lang='lat' dir='ltr'><strong>viverent,</strong></span> <span class='ocrx_word' id='word_1_18' title='bbox 1050 365 1098 390; x_wconf 88' lang='lat' dir='ltr'><strong>ac</strong></span> <span class='ocrx_word' id='word_1_19' title='bbox 1144 350 1428 391; x_wconf 83' lang='lat' dir='ltr'><strong>summittente</strong></span> <span class='ocrx_word' id='word_1_20' title='bbox 1471 353 1752 406; x_wconf 81' lang='lat' dir='ltr'><strong>malignorum</strong></span> 
     </span>
     <span class='ocr_line' id='line_1_4' title="bbox 281 402 1753 464; baseline 0.005 -23"><span class='ocrx_word' id='word_1_21' title='bbox 281 402 480 456; x_wconf 81' lang='lat' dir='ltr'><strong>quosdam</strong></span> <span class='ocrx_word' id='word_1_22' title='bbox 510 419 727 446; x_wconf 88' lang='lat' dir='ltr'><strong>servorum</strong></span> <span class='ocrx_word' id='word_1_23' title='bbox 752 406 984 461; x_wconf 78' lang='lat' dir='ltr'><strong>derogandi</strong></span> <span class='ocrx_word' id='word_1_24' title='bbox 1026 407 1217 458; x_wconf 86' lang='lat' dir='ltr'><strong>dominis,</strong></span> <span class='ocrx_word' id='word_1_25' title='bbox 1241 413 1282 447; x_wconf 85' lang='lat' dir='ltr'><strong>et</strong></span> <span class='ocrx_word' id='word_1_26' title='bbox 1303 408 1342 447; x_wconf 91' lang='lat' dir='ltr'><strong>in</strong></span> <span class='ocrx_word' id='word_1_27' title='bbox 1361 406 1607 462; x_wconf 84' lang='lat' dir='ltr'><strong>primordiis</strong></span> <span class='ocrx_word' id='word_1_28' title='bbox 1638 409 1753 464; x_wconf 81' lang='lat' dir='ltr'>quasi</span> 
     </span>
     <span class='ocr_line' id='line_1_5' title="bbox 278 459 1753 519; baseline 0.005 -21"><span class='ocrx_word' id='word_1_29' title='bbox 278 459 498 502; x_wconf 77' lang='lat' dir='ltr'>dubitante</span> <span class='ocrx_word' id='word_1_30' title='bbox 528 476 654 517; x_wconf 89' lang='lat' dir='ltr'><strong>super</strong></span> <span class='ocrx_word' id='word_1_31' title='bbox 681 463 741 502; x_wconf 88' lang='lat' dir='ltr'><strong>his</strong></span> <span class='ocrx_word' id='word_1_32' title='bbox 774 478 880 519; x_wconf 88' lang='lat' dir='ltr'><strong>quae</strong></span> <span class='ocrx_word' id='word_1_33' title='bbox 913 463 1175 514; x_wconf 79' lang='lat' dir='ltr'><strong>dicebantur,</strong></span> <span class='ocrx_word' id='word_1_34' title='bbox 1208 464 1358 504; x_wconf 87' lang='lat' dir='ltr'><strong>deinde</strong></span> <span class='ocrx_word' id='word_1_35' title='bbox 1387 478 1491 505; x_wconf 89' lang='lat' dir='ltr'><strong>vero</strong></span> <span class='ocrx_word' id='word_1_36' title='bbox 1523 465 1753 506; x_wconf 86' lang='lat' dir='ltr'><strong>affirmante</strong></span> 
     </span>
     <span class='ocr_line' id='line_1_6' title="bbox 277 516 1747 577; baseline 0.004 -21"><span class='ocrx_word' id='word_1_37' title='bbox 277 516 542 558; x_wconf 88' lang='lat' dir='ltr'><strong>calumniam.</strong></span> <span class='ocrx_word' id='word_1_38' title='bbox 601 519 643 558; x_wconf 84' lang='lat' dir='ltr'><strong>id</strong></span> <span class='ocrx_word' id='word_1_39' title='bbox 672 519 804 574; x_wconf 91' lang='lat' dir='ltr'><strong>ipsum</strong></span> <span class='ocrx_word' id='word_1_40' title='bbox 839 525 977 560; x_wconf 86' lang='lat' dir='ltr'><strong>autem</strong></span> <span class='ocrx_word' id='word_1_41' title='bbox 1006 526 1048 561; x_wconf 89' lang='lat' dir='ltr'><strong>et</strong></span> <span class='ocrx_word' id='word_1_42' title='bbox 1090 534 1217 574; x_wconf 91' lang='lat' dir='ltr'><strong>super</strong></span> <span class='ocrx_word' id='word_1_43' title='bbox 1256 520 1509 576; x_wconf 84' lang='lat' dir='ltr'>ignobilibus</span> <span class='ocrx_word' id='word_1_44' title='bbox 1555 522 1747 577; x_wconf 77' lang='lat' dir='ltr'>gerebat,</span> 
     </span>
     <span class='ocr_line' id='line_1_7' title="bbox 277 573 1751 631; baseline 0.003 -20"><span class='ocrx_word' id='word_1_45' title='bbox 277 573 421 627; x_wconf 78' lang='lat' dir='ltr'><strong>dignos</strong></span> <span class='ocrx_word' id='word_1_46' title='bbox 450 574 686 616; x_wconf 89' lang='lat' dir='ltr'><strong>bonoribus</strong></span> <span class='ocrx_word' id='word_1_47' title='bbox 716 577 900 617; x_wconf 90' lang='lat' dir='ltr'><strong>iudicans</strong></span> <span class='ocrx_word' id='word_1_48' title='bbox 928 576 1204 617; x_wconf 87' lang='lat' dir='ltr'><strong>detrahentes.</strong></span> <span class='ocrx_word' id='word_1_49' title='bbox 1272 582 1496 631; x_wconf 86' lang='lat' dir='ltr'><strong>praeterea</strong></span> <span class='ocrx_word' id='word_1_50' title='bbox 1525 577 1751 618; x_wconf 81' lang='lat' dir='ltr'><strong>domorum</strong></span> 
     </span>
     <span class='ocr_line' id='line_1_8' title="bbox 275 631 1750 688; baseline 0.004 -19"><span class='ocrx_word' id='word_1_51' title='bbox 275 631 425 670; x_wconf 89' lang='lat' dir='ltr'><strong>multos</strong></span> <span class='ocrx_word' id='word_1_52' title='bbox 457 631 745 673; x_wconf 81' lang='lat' dir='ltr'><strong>habitatorum</strong></span> <span class='ocrx_word' id='word_1_53' title='bbox 791 648 813 672; x_wconf 89' lang='lat' dir='ltr'><strong>a</strong></span> <span class='ocrx_word' id='word_1_54' title='bbox 860 633 997 686; x_wconf 88' lang='lat' dir='ltr'><strong>prima</strong></span> <span class='ocrx_word' id='word_1_55' title='bbox 1028 634 1070 673; x_wconf 91' lang='lat' dir='ltr'><strong>in</strong></span> <span class='ocrx_word' id='word_1_56' title='bbox 1103 633 1272 673; x_wconf 81' lang='lat' dir='ltr'><strong>tertiam</strong></span> <span class='ocrx_word' id='word_1_57' title='bbox 1303 635 1618 688; x_wconf 81' lang='lat' dir='ltr'><strong>generationem</strong></span> <span class='ocrx_word' id='word_1_58' title='bbox 1647 636 1750 675; x_wconf 88' lang='lat' dir='ltr'><strong>sub-</strong></span> 
     </span>
     <span class='ocr_line' id='line_1_9' title="bbox 132 688 1750 745; baseline 0.004 -20"><span class='ocrx_word' id='word_1_59' title='bbox 132 701 168 735; x_wconf 89' lang='lat' dir='ltr'><strong>p.</strong></span> <span class='ocrx_word' id='word_1_60' title='bbox 194 690 263 726; x_wconf 87' lang='grc'><strong>758</strong></span> <span class='ocrx_word' id='word_1_61' title='bbox 275 688 482 740; x_wconf 88' lang='lat' dir='ltr'><strong>vertebat,</strong></span> <span class='ocrx_word' id='word_1_62' title='bbox 517 703 589 743; x_wconf 88' lang='lat' dir='ltr'><strong>spe</strong></span> <span class='ocrx_word' id='word_1_63' title='bbox 619 690 748 729; x_wconf 86' lang='lat' dir='ltr'><strong>fretus</strong></span> <span class='ocrx_word' id='word_1_64' title='bbox 779 689 894 744; x_wconf 89' lang='lat' dir='ltr'><strong>quod</strong></span> <span class='ocrx_word' id='word_1_65' title='bbox 914 697 1073 745; x_wconf 83' lang='lat' dir='ltr'><strong>quanto</strong></span> <span class='ocrx_word' id='word_1_66' title='bbox 1105 690 1279 731; x_wconf 86' lang='lat' dir='ltr'><strong>celerius</strong></span> <span class='ocrx_word' id='word_1_67' title='bbox 1309 697 1495 742; x_wconf 87' lang='lat' dir='ltr'><strong>ruerent,</strong></span> <span class='ocrx_word' id='word_1_68' title='bbox 1527 697 1646 732; x_wconf 86' lang='lat' dir='ltr'><strong>tanto</strong></span> <span class='ocrx_word' id='word_1_69' title='bbox 1670 690 1750 731; x_wconf 73' lang='lat' dir='ltr'><strong>&#39;has</strong></span> 
     </span>
     <span class='ocr_line' id='line_1_10' title="bbox 275 744 1751 801; baseline 0.003 -18"><span class='ocrx_word' id='word_1_70' title='bbox 275 744 360 798; x_wconf 89' lang='lat' dir='ltr'><strong>ipse</strong></span> <span class='ocrx_word' id='word_1_71' title='bbox 390 744 503 788; x_wconf 84' lang='lat' dir='ltr'><strong>foret</strong></span> <span class='ocrx_word' id='word_1_72' title='bbox 531 745 761 786; x_wconf 83' lang='lat' dir='ltr'><strong>hereditate</strong></span> <span class='ocrx_word' id='word_1_73' title='bbox 811 746 930 785; x_wconf 89' lang='lat' dir='ltr'><strong>citius</strong></span> <span class='ocrx_word' id='word_1_74' title='bbox 971 761 1247 800; x_wconf 89' lang='lat' dir='ltr'><strong>possessurus.</strong></span> <span class='ocrx_word' id='word_1_75' title='bbox 1317 746 1488 801; x_wconf 82' lang='lat' dir='ltr'><strong>dignum</strong></span> <span class='ocrx_word' id='word_1_76' title='bbox 1521 755 1659 788; x_wconf 86' lang='lat' dir='ltr'><strong>autem</strong></span> <span class='ocrx_word' id='word_1_77' title='bbox 1691 755 1751 788; x_wconf 88' lang='lat' dir='ltr'><strong>est</strong></span> 
     </span>
     <span class='ocr_line' id='line_1_11' title="bbox 271 800 1750 858; baseline 0.001 -18"><span class='ocrx_word' id='word_1_78' title='bbox 271 806 319 840; x_wconf 88' lang='lat' dir='ltr'><strong>ut</strong></span> <span class='ocrx_word' id='word_1_79' title='bbox 346 806 388 841; x_wconf 85' lang='lat' dir='ltr'><strong>et</strong></span> <span class='ocrx_word' id='word_1_80' title='bbox 413 800 496 841; x_wconf 88' lang='lat' dir='ltr'><strong>hoc</strong></span> <span class='ocrx_word' id='word_1_81' title='bbox 525 816 646 842; x_wconf 87' lang='lat' dir='ltr'><strong>causa</strong></span> <span class='ocrx_word' id='word_1_82' title='bbox 675 803 902 856; x_wconf 86' lang='lat' dir='ltr'><strong>voluptatis</strong></span> <span class='ocrx_word' id='word_1_83' title='bbox 945 817 1015 848; x_wconf 85' lang='lat' dir='ltr'><strong>seu</strong></span> <span class='ocrx_word' id='word_1_84' title='bbox 1045 803 1342 858; x_wconf 81' lang='lat' dir='ltr'><strong>paradigmatis</strong></span> <span class='ocrx_word' id='word_1_85' title='bbox 1372 805 1602 845; x_wconf 81' lang='lat' dir='ltr'><strong>memoriae</strong></span> <span class='ocrx_word' id='word_1_86' title='bbox 1629 818 1750 843; x_wconf 87' lang='lat' dir='ltr'><strong>com..</strong></span> 
     </span>
     <span class='ocr_line' id='line_1_12' title="bbox 271 858 1748 914; baseline 0.002 -17"><span class='ocrx_word' id='word_1_87' title='bbox 271 858 525 898; x_wconf 89' lang='lat' dir='ltr'><strong>mendemus.</strong></span> <span class='ocrx_word' id='word_1_88' title='bbox 562 859 792 898; x_wconf 82' lang='lat' dir='ltr'><strong>cerularius</strong></span> <span class='ocrx_word' id='word_1_89' title='bbox 824 858 994 914; x_wconf 89' lang='lat' dir='ltr'><strong>quidam</strong></span> <span class='ocrx_word' id='word_1_90' title='bbox 1024 865 1115 899; x_wconf 88' lang='lat' dir='ltr'><strong>erat</strong></span> <span class='ocrx_word' id='word_1_91' title='bbox 1144 859 1184 899; x_wconf 89' lang='lat' dir='ltr'><strong>in</strong></span> <span class='ocrx_word' id='word_1_92' title='bbox 1216 861 1314 900; x_wconf 85' lang='lat' dir='ltr'><strong>foro</strong></span> <span class='ocrx_word' id='word_1_93' title='bbox 1346 874 1393 900; x_wconf 81' lang='lat' dir='ltr'><strong>ex</strong></span> <span class='ocrx_word' id='word_1_94' title='bbox 1422 861 1637 902; x_wconf 86' lang='lat' dir='ltr'><strong>laboribus</strong></span> <span class='ocrx_word' id='word_1_95' title='bbox 1666 861 1748 901; x_wconf 92' lang='lat' dir='ltr'><strong>suis</strong></span> 
     </span>
     <span class='ocr_line' id='line_1_13' title="bbox 270 913 1747 972; baseline 0.004 -20"><span class='ocrx_word' id='word_1_96' title='bbox 270 913 454 968; x_wconf 87' lang='lat' dir='ltr'><strong>locuples</strong></span> <span class='ocrx_word' id='word_1_97' title='bbox 486 920 528 955; x_wconf 83' lang='lat' dir='ltr'><strong>et</strong></span> <span class='ocrx_word' id='word_1_98' title='bbox 561 915 662 955; x_wconf 87' lang='lat' dir='ltr'><strong>nihil</strong></span> <span class='ocrx_word' id='word_1_99' title='bbox 693 929 826 970; x_wconf 78' lang='lat' dir='ltr'><strong>egens.</strong></span> <span class='ocrx_word' id='word_1_100' title='bbox 888 931 974 971; x_wconf 90' lang='lat' dir='ltr'><strong>quo</strong></span> <span class='ocrx_word' id='word_1_101' title='bbox 1005 916 1207 956; x_wconf 87' lang='lat' dir='ltr'><strong>accersito</strong></span> <span class='ocrx_word' id='word_1_102' title='bbox 1240 917 1427 957; x_wconf 89' lang='lat' dir='ltr'><strong>omnium</strong></span> <span class='ocrx_word' id='word_1_103' title='bbox 1457 932 1588 958; x_wconf 86' lang='lat' dir='ltr'><strong>vorax</strong></span> <span class='ocrx_word' id='word_1_104' title='bbox 1617 917 1747 972; x_wconf 87' lang='lat' dir='ltr'><strong>impe-</strong></span> 
     </span>
     <span class='ocr_line' id='line_1_14' title="bbox 270 971 1748 1029; baseline 0.001 -19"><span class='ocrx_word' id='word_1_105' title='bbox 270 977 390 1010; x_wconf 87' lang='lat' dir='ltr'><strong>rator</strong></span> <span class='ocrx_word' id='word_1_106' title='bbox 418 971 477 1011; x_wconf 86' lang='lat' dir='ltr'><strong>ait</strong></span> <span class='ocrx_word' id='word_1_107' title='bbox 505 974 644 1025; x_wconf 83' lang='lat' dir='ltr'><strong>“pone</strong></span> <span class='ocrx_word' id='word_1_108' title='bbox 677 986 845 1012; x_wconf 86' lang='lat' dir='ltr'><strong>manum</strong></span> <span class='ocrx_word' id='word_1_109' title='bbox 873 977 989 1012; x_wconf 88' lang='lat' dir='ltr'><strong>tuam</strong></span> <span class='ocrx_word' id='word_1_110' title='bbox 1021 973 1060 1012; x_wconf 89' lang='lat' dir='ltr'><strong>in</strong></span> <span class='ocrx_word' id='word_1_111' title='bbox 1082 973 1242 1013; x_wconf 87' lang='lat' dir='ltr'><strong>vertice</strong></span> <span class='ocrx_word' id='word_1_112' title='bbox 1269 987 1378 1025; x_wconf 87' lang='lat' dir='ltr'><strong>meO,</strong></span> <span class='ocrx_word' id='word_1_113' title='bbox 1410 981 1452 1014; x_wconf 91' lang='lat' dir='ltr'><strong>et</strong></span> <span class='ocrx_word' id='word_1_114' title='bbox 1485 975 1578 1015; x_wconf 89' lang='lat' dir='ltr'><strong>iura</strong></span> <span class='ocrx_word' id='word_1_115' title='bbox 1610 989 1748 1029; x_wconf 87' lang='lat' dir='ltr'><strong>quan..</strong></span> 
     </span>
     <span class='ocr_line' id='line_1_15' title="bbox 270 1028 1750 1086; baseline 0.003 -20"><span class='ocrx_word' id='word_1_116' title='bbox 270 1032 360 1067; x_wconf 87' lang='lat' dir='ltr'><strong>tum</strong></span> <span class='ocrx_word' id='word_1_117' title='bbox 393 1028 468 1068; x_wconf 83' lang='lat' dir='ltr'><strong>tibi</strong></span> <span class='ocrx_word' id='word_1_118' title='bbox 514 1030 565 1067; x_wconf 82' lang='lat' dir='ltr'><strong>sit</strong></span> <span class='ocrx_word' id='word_1_119' title='bbox 598 1032 785 1068; x_wconf 85' lang='lat' dir='ltr'><strong>aurum.&#39;’</strong></span> <span class='ocrx_word' id='word_1_120' title='bbox 855 1029 926 1083; x_wconf 90' lang='lat' dir='ltr'><strong>qui</strong></span> <span class='ocrx_word' id='word_1_121' title='bbox 969 1043 1122 1083; x_wconf 88' lang='lat' dir='ltr'><strong>parum</strong></span> <span class='ocrx_word' id='word_1_122' title='bbox 1165 1036 1367 1084; x_wconf 87' lang='lat' dir='ltr'><strong>tanquam</strong></span> <span class='ocrx_word' id='word_1_123' title='bbox 1399 1030 1593 1086; x_wconf 78' lang='lat' dir='ltr'><strong>indignus</strong></span> <span class='ocrx_word' id='word_1_124' title='bbox 1622 1046 1750 1071; x_wconf 89' lang='lat' dir='ltr'><strong>recu-</strong></span> 
     </span>
     <span class='ocr_line' id='line_1_16' title="bbox 267 1085 1746 1135; baseline 0.003 -12"><span class='ocrx_word' id='word_1_125' title='bbox 267 1098 371 1134; x_wconf 82' lang='lat' dir='ltr'><strong>sanS,</strong></span> <span class='ocrx_word' id='word_1_126' title='bbox 405 1091 572 1125; x_wconf 88' lang='lat' dir='ltr'><strong>coactus</strong></span> <span class='ocrx_word' id='word_1_127' title='bbox 598 1091 658 1125; x_wconf 89' lang='lat' dir='ltr'><strong>est</strong></span> <span class='ocrx_word' id='word_1_128' title='bbox 686 1085 737 1124; x_wconf 90' lang='lat' dir='ltr'><strong>ab</strong></span> <span class='ocrx_word' id='word_1_129' title='bbox 765 1099 814 1125; x_wconf 90' lang='lat' dir='ltr'><strong>eo</strong></span> <span class='ocrx_word' id='word_1_130' title='bbox 843 1086 983 1125; x_wconf 81' lang='lat' dir='ltr'><strong>facere</strong></span> <span class='ocrx_word' id='word_1_131' title='bbox 1015 1085 1112 1135; x_wconf 86' lang='lat' dir='ltr'><strong>hoc,</strong></span> <span class='ocrx_word' id='word_1_132' title='bbox 1146 1091 1187 1125; x_wconf 90' lang='lat' dir='ltr'><strong>et</strong></span> <span class='ocrx_word' id='word_1_133' title='bbox 1215 1093 1384 1126; x_wconf 88' lang='lat' dir='ltr'><strong>centum</strong></span> <span class='ocrx_word' id='word_1_134' title='bbox 1415 1086 1539 1128; x_wconf 87' lang='lat' dir='ltr'><strong>libras</strong></span> <span class='ocrx_word' id='word_1_135' title='bbox 1571 1101 1614 1127; x_wconf 90' lang='lat' dir='ltr'><strong>se</strong></span> <span class='ocrx_word' id='word_1_136' title='bbox 1643 1086 1746 1127; x_wconf 84' lang='lat' dir='ltr'><strong>dixit</strong></span> 
     </span>
     <span class='ocr_line' id='line_1_17' title="bbox 267 1139 1744 1199; baseline 0.001 -19"><span class='ocrx_word' id='word_1_137' title='bbox 267 1139 446 1189; x_wconf 80' lang='lat' dir='ltr'><strong>babere3</strong></span> <span class='ocrx_word' id='word_1_138' title='bbox 477 1155 577 1196; x_wconf 90' lang='lat' dir='ltr'><strong>quas</strong></span> <span class='ocrx_word' id='word_1_139' title='bbox 606 1140 750 1182; x_wconf 81' lang='lat' dir='ltr'><strong>eadem</strong></span> <span class='ocrx_word' id='word_1_140' title='bbox 778 1141 884 1181; x_wconf 90' lang='lat' dir='ltr'><strong>hora</strong></span> <span class='ocrx_word' id='word_1_141' title='bbox 915 1143 1136 1196; x_wconf 88' lang='lat' dir='ltr'><strong>praecepit</strong></span> <span class='ocrx_word' id='word_1_142' title='bbox 1176 1142 1331 1194; x_wconf 79' lang='lat' dir='ltr'><strong>afferri,</strong></span> <span class='ocrx_word' id='word_1_143' title='bbox 1363 1141 1502 1184; x_wconf 84' lang='lat' dir='ltr'><strong>dicens</strong></span> <span class='ocrx_word' id='word_1_144' title='bbox 1532 1146 1610 1184; x_wconf 89' lang='lat' dir='ltr'><strong>“tu</strong></span> <span class='ocrx_word' id='word_1_145' title='bbox 1643 1143 1744 1199; x_wconf 89' lang='lat' dir='ltr'><strong>quid</strong></span> 
     </span>
     <span class='ocr_line' id='line_1_18' title="bbox 267 1197 1747 1252; baseline 0.003 -16"><span class='ocrx_word' id='word_1_146' title='bbox 267 1211 371 1252; x_wconf 80' lang='lat' dir='ltr'><strong>opus</strong></span> <span class='ocrx_word' id='word_1_147' title='bbox 415 1197 540 1237; x_wconf 87' lang='lat' dir='ltr'><strong>habes</strong></span> <span class='ocrx_word' id='word_1_148' title='bbox 572 1198 816 1238; x_wconf 81' lang='lat' dir='ltr'><strong>sollicitari?</strong></span> <span class='ocrx_word' id='word_1_149' title='bbox 888 1198 1053 1252; x_wconf 84' lang='lat' dir='ltr'><strong>prande</strong></span> <span class='ocrx_word' id='word_1_150' title='bbox 1098 1213 1275 1251; x_wconf 87' lang='lat' dir='ltr'><strong>mecum,</strong></span> <span class='ocrx_word' id='word_1_151' title='bbox 1305 1204 1348 1240; x_wconf 87' lang='lat' dir='ltr'><strong>et</strong></span> <span class='ocrx_word' id='word_1_152' title='bbox 1377 1200 1480 1242; x_wconf 87' lang='lat' dir='ltr'><strong>tolle</strong></span> <span class='ocrx_word' id='word_1_153' title='bbox 1511 1199 1638 1241; x_wconf 89' lang='lat' dir='ltr'><strong>libras</strong></span> <span class='ocrx_word' id='word_1_154' title='bbox 1669 1199 1747 1241; x_wconf 85' lang='lat' dir='ltr'><strong>de-</strong></span> 
     </span>
    </p>
   </div>
   <div class='ocr_carea' id='block_1_3' title="bbox 263 1253 958 1305">
    <p class='ocr_par' dir='ltr' id='par_1_3' title="bbox 263 1253 958 1305">
     <span class='ocr_line' id='line_1_19' title="bbox 263 1253 958 1305; baseline -0.001 -11"><span class='ocrx_word' id='word_1_155' title='bbox 263 1268 368 1305; x_wconf 87' lang='lat' dir='ltr'><strong>cem,</strong></span> <span class='ocrx_word' id='word_1_156' title='bbox 399 1261 442 1295; x_wconf 87' lang='lat' dir='ltr'><strong>et</strong></span> <span class='ocrx_word' id='word_1_157' title='bbox 470 1253 532 1294; x_wconf 91' lang='lat' dir='ltr'><strong>his</strong></span> <span class='ocrx_word' id='word_1_158' title='bbox 562 1254 667 1295; x_wconf 85' lang='lat' dir='ltr'><strong>vade</strong></span> <span class='ocrx_word' id='word_1_159' title='bbox 699 1257 958 1295; x_wconf 86' lang='lat' dir='ltr'><strong>contentus.&#39;&#39;</strong></span> 
     </span>
    </p>
   </div>
   <div class='ocr_carea' id='block_1_4' title="bbox 124 1322 1743 2851">
    <p class='ocr_par' dir='ltr' id='par_1_4' title="bbox 258 1322 1743 1888">
     <span class='ocr_line' id='line_1_20' title="bbox 373 1322 1742 1377; baseline 0.003 -16"><span class='ocrx_word' id='word_1_160' title='bbox 373 1322 494 1362; x_wconf 90' lang='lat' dir='ltr'><strong>Anno</strong></span> <span class='ocrx_word' id='word_1_161' title='bbox 530 1322 697 1377; x_wconf 86' lang='lat' dir='ltr'><strong>imperii</strong></span> <span class='ocrx_word' id='word_1_162' title='bbox 741 1322 805 1362; x_wconf 87' lang='lat' dir='ltr'><strong>sui</strong></span> <span class='ocrx_word' id='word_1_163' title='bbox 850 1336 964 1362; x_wconf 89' lang='lat' dir='ltr'><strong>nono</strong></span> <span class='ocrx_word' id='word_1_164' title='bbox 996 1322 1256 1376; x_wconf 83' lang='lat' dir='ltr'><strong>Nicephorus</strong></span> <span class='ocrx_word' id='word_1_165' title='bbox 1301 1328 1451 1364; x_wconf 89' lang='lat' dir='ltr'><strong>contra</strong></span> <span class='ocrx_word' id='word_1_166' title='bbox 1484 1322 1742 1365; x_wconf 79' lang='lat' dir='ltr'><strong>Christianos</strong></span> 
     </span>
     <span class='ocr_line' id='line_1_21' title="bbox 263 1376 1743 1434; baseline 0.002 -17"><span class='ocrx_word' id='word_1_167' title='bbox 263 1376 576 1420; x_wconf 88' lang='lat' dir='ltr'><strong>adinventiones</strong></span> <span class='ocrx_word' id='word_1_168' title='bbox 606 1378 806 1430; x_wconf 88' lang='lat' dir='ltr'><strong>extendit,</strong></span> <span class='ocrx_word' id='word_1_169' title='bbox 835 1379 1115 1434; x_wconf 84' lang='lat' dir='ltr'><strong>inspectiones</strong></span> <span class='ocrx_word' id='word_1_170' title='bbox 1156 1379 1244 1420; x_wconf 89' lang='lat' dir='ltr'><strong>sine</strong></span> <span class='ocrx_word' id='word_1_171' title='bbox 1274 1379 1353 1420; x_wconf 84' lang='lat' dir='ltr'><strong>deo</strong></span> <span class='ocrx_word' id='word_1_172' title='bbox 1383 1380 1425 1420; x_wconf 87' lang='lat' dir='ltr'><strong>in</strong></span> <span class='ocrx_word' id='word_1_173' title='bbox 1459 1379 1743 1434; x_wconf 87' lang='lat' dir='ltr'><strong>emptionibus</strong></span> 
     </span>
     <span class='ocr_line' id='line_1_22' title="bbox 261 1435 1742 1492; baseline 0.001 -18"><span class='ocrx_word' id='word_1_174' title='bbox 261 1436 546 1487; x_wconf 88' lang='lat' dir='ltr'><strong>animantium,</strong></span> <span class='ocrx_word' id='word_1_175' title='bbox 578 1435 844 1476; x_wconf 88' lang='lat' dir='ltr'><strong>diversorum</strong></span> <span class='ocrx_word' id='word_1_176' title='bbox 870 1435 1126 1490; x_wconf 87' lang='lat' dir='ltr'><strong>pabulorum</strong></span> <span class='ocrx_word' id='word_1_177' title='bbox 1150 1451 1197 1476; x_wconf 85' lang='lat' dir='ltr'><strong>ac</strong></span> <span class='ocrx_word' id='word_1_178' title='bbox 1228 1437 1441 1477; x_wconf 82' lang='lat' dir='ltr'><strong>fructuum</strong></span> <span class='ocrx_word' id='word_1_179' title='bbox 1474 1437 1653 1492; x_wconf 83' lang='lat' dir='ltr'><strong>iniustas,</strong></span> <span class='ocrx_word' id='word_1_180' title='bbox 1686 1437 1742 1476; x_wconf 88' lang='lat' dir='ltr'><strong>ti-</strong></span> 
     </span>
     <span class='ocr_line' id='line_1_23' title="bbox 262 1492 1739 1549; baseline 0.001 -18"><span class='ocrx_word' id='word_1_181' title='bbox 262 1492 483 1533; x_wconf 86' lang='lat' dir='ltr'><strong>tulationes</strong></span> <span class='ocrx_word' id='word_1_182' title='bbox 513 1498 554 1533; x_wconf 85' lang='lat' dir='ltr'><strong>et</strong></span> <span class='ocrx_word' id='word_1_183' title='bbox 580 1493 760 1533; x_wconf 87' lang='lat' dir='ltr'><strong>iacturas</strong></span> <span class='ocrx_word' id='word_1_184' title='bbox 789 1493 1049 1547; x_wconf 87' lang='lat' dir='ltr'><strong>principum,</strong></span> <span class='ocrx_word' id='word_1_185' title='bbox 1080 1493 1358 1534; x_wconf 86' lang='lat' dir='ltr'><strong>fenerationes</strong></span> <span class='ocrx_word' id='word_1_186' title='bbox 1389 1493 1430 1533; x_wconf 88' lang='lat' dir='ltr'><strong>in</strong></span> <span class='ocrx_word' id='word_1_187' title='bbox 1450 1493 1637 1544; x_wconf 88' lang='lat' dir='ltr'><strong>navibus,</strong></span> <span class='ocrx_word' id='word_1_188' title='bbox 1666 1494 1739 1549; x_wconf 92' lang='lat' dir='ltr'><strong>qui</strong></span> 
     </span>
     <span class='ocr_line' id='line_1_24' title="bbox 261 1548 1738 1605; baseline 0.001 -19"><span class='ocrx_word' id='word_1_189' title='bbox 261 1549 453 1589; x_wconf 90' lang='lat' dir='ltr'><strong>omnibus</strong></span> <span class='ocrx_word' id='word_1_190' title='bbox 502 1549 634 1602; x_wconf 79' lang='lat' dir='ltr'><strong>legem</strong></span> <span class='ocrx_word' id='word_1_191' title='bbox 678 1550 868 1604; x_wconf 88' lang='lat' dir='ltr'><strong>ponebat</strong></span> <span class='ocrx_word' id='word_1_192' title='bbox 894 1563 946 1589; x_wconf 90' lang='lat' dir='ltr'><strong>ne</strong></span> <span class='ocrx_word' id='word_1_193' title='bbox 987 1548 1040 1589; x_wconf 91' lang='lat' dir='ltr'><strong>ad</strong></span> <span class='ocrx_word' id='word_1_194' title='bbox 1069 1564 1234 1589; x_wconf 85' lang='lat' dir='ltr'><strong>usuram</strong></span> <span class='ocrx_word' id='word_1_195' title='bbox 1265 1552 1489 1605; x_wconf 88' lang='lat' dir='ltr'><strong>quicquam</strong></span> <span class='ocrx_word' id='word_1_196' title='bbox 1524 1549 1738 1591; x_wconf 85' lang='lat' dir='ltr'><strong>tribuere..</strong></span> 
     </span>
     <span class='ocr_line' id='line_1_25' title="bbox 259 1605 1740 1661; baseline 0.001 -17"><span class='ocrx_word' id='word_1_197' title='bbox 259 1611 344 1658; x_wconf 89' lang='lat' dir='ltr'><strong>tur,</strong></span> <span class='ocrx_word' id='word_1_198' title='bbox 377 1613 418 1646; x_wconf 89' lang='lat' dir='ltr'><strong>et</strong></span> <span class='ocrx_word' id='word_1_199' title='bbox 448 1606 526 1645; x_wconf 88' lang='lat' dir='ltr'><strong>alia</strong></span> <span class='ocrx_word' id='word_1_200' title='bbox 557 1606 664 1646; x_wconf 87' lang='lat' dir='ltr'><strong>dena</strong></span> <span class='ocrx_word' id='word_1_201' title='bbox 693 1605 807 1646; x_wconf 84' lang='lat' dir='ltr'><strong>milia</strong></span> <span class='ocrx_word' id='word_1_202' title='bbox 827 1605 1037 1645; x_wconf 89' lang='lat' dir='ltr'><strong>malorum</strong></span> <span class='ocrx_word' id='word_1_203' title='bbox 1056 1611 1306 1658; x_wconf 85' lang='lat' dir='ltr'><strong>commenta,</strong></span> <span class='ocrx_word' id='word_1_204' title='bbox 1338 1621 1521 1661; x_wconf 86' lang='lat' dir='ltr'><strong>quorum</strong></span> <span class='ocrx_word' id='word_1_205' title='bbox 1544 1607 1740 1661; x_wconf 87' lang='lat' dir='ltr'><strong>particu-</strong></span> 
     </span>
     <span class='ocr_line' id='line_1_26' title="bbox 259 1661 1737 1717; baseline 0.002 -17"><span class='ocrx_word' id='word_1_206' title='bbox 259 1661 355 1703; x_wconf 87' lang='lat' dir='ltr'><strong>laris</strong></span> <span class='ocrx_word' id='word_1_207' title='bbox 385 1662 562 1702; x_wconf 83' lang='lat' dir='ltr'><strong>historia</strong></span> <span class='ocrx_word' id='word_1_208' title='bbox 604 1676 783 1703; x_wconf 90' lang='lat' dir='ltr'><strong>onerosa</strong></span> <span class='ocrx_word' id='word_1_209' title='bbox 823 1668 882 1702; x_wconf 87' lang='lat' dir='ltr'><strong>est</strong></span> <span class='ocrx_word' id='word_1_210' title='bbox 911 1661 972 1701; x_wconf 85' lang='lat' dir='ltr'><strong>his</strong></span> <span class='ocrx_word' id='word_1_211' title='bbox 1003 1662 1074 1717; x_wconf 91' lang='lat' dir='ltr'><strong>qui</strong></span> <span class='ocrx_word' id='word_1_212' title='bbox 1105 1663 1420 1717; x_wconf 86' lang='lat' dir='ltr'><strong>compendiosas</strong></span> <span class='ocrx_word' id='word_1_213' title='bbox 1444 1662 1603 1704; x_wconf 86' lang='lat' dir='ltr'><strong>discere</strong></span> <span class='ocrx_word' id='word_1_214' title='bbox 1635 1678 1737 1704; x_wconf 87' lang='lat' dir='ltr'><strong>cau-</strong></span> 
     </span>
     <span class='ocr_line' id='line_1_27' title="bbox 258 1718 1735 1775; baseline 0.002 -18"><span class='ocrx_word' id='word_1_215' title='bbox 258 1733 318 1758; x_wconf 86' lang='lat' dir='ltr'><strong>sas</strong></span> <span class='ocrx_word' id='word_1_216' title='bbox 349 1720 588 1774; x_wconf 83' lang='lat' dir='ltr'><strong>exquirunt.</strong></span> <span class='ocrx_word' id='word_1_217' title='bbox 621 1719 703 1762; x_wconf 84' lang='lat' dir='ltr'><strong>kal.</strong></span> <span class='ocrx_word' id='word_1_218' title='bbox 737 1725 878 1759; x_wconf 85' lang='lat' dir='ltr'><strong>autem</strong></span> <span class='ocrx_word' id='word_1_219' title='bbox 900 1718 1176 1771; x_wconf 84' lang='lat' dir='ltr'><strong>Octobribus,</strong></span> <span class='ocrx_word' id='word_1_220' title='bbox 1209 1720 1336 1760; x_wconf 85' lang='lat' dir='ltr'><strong>tertia</strong></span> <span class='ocrx_word' id='word_1_221' title='bbox 1362 1720 1484 1770; x_wconf 82' lang='lat' dir='ltr'><strong>feria,</strong></span> <span class='ocrx_word' id='word_1_222' title='bbox 1514 1720 1735 1775; x_wconf 79' lang='lat' dir='ltr'><strong>evaginato</strong></span> 
     </span>
     <span class='ocr_line' id='line_1_28' title="bbox 260 1775 1735 1830; baseline -0.001 -15"><span class='ocrx_word' id='word_1_223' title='bbox 260 1775 432 1830; x_wconf 88' lang='lat' dir='ltr'><strong>quidam</strong></span> <span class='ocrx_word' id='word_1_224' title='bbox 461 1776 677 1830; x_wconf 89' lang='lat' dir='ltr'><strong>dissipatus</strong></span> <span class='ocrx_word' id='word_1_225' title='bbox 723 1775 763 1815; x_wconf 93' lang='lat' dir='ltr'><strong>in</strong></span> <span class='ocrx_word' id='word_1_226' title='bbox 798 1775 945 1815; x_wconf 82' lang='lat' dir='ltr'><strong>habitu</strong></span> <span class='ocrx_word' id='word_1_227' title='bbox 973 1776 1170 1816; x_wconf 84' lang='lat' dir='ltr'><strong>monachi</strong></span> <span class='ocrx_word' id='word_1_228' title='bbox 1202 1775 1338 1830; x_wconf 80' lang='lat' dir='ltr'><strong>gladio</strong></span> <span class='ocrx_word' id='word_1_229' title='bbox 1380 1775 1591 1816; x_wconf 88' lang='lat' dir='ltr'><strong>cuiusdam</strong></span> <span class='ocrx_word' id='word_1_230' title='bbox 1622 1776 1735 1816; x_wconf 81' lang='lat' dir='ltr'><strong>mili-</strong></span> 
     </span>
     <span class='ocr_line' id='line_1_29' title="bbox 259 1832 1736 1888; baseline 0.001 -17"><span class='ocrx_word' id='word_1_231' title='bbox 259 1833 439 1872; x_wconf 84' lang='lat' dir='ltr'><strong>tantium</strong></span> <span class='ocrx_word' id='word_1_232' title='bbox 469 1832 660 1873; x_wconf 84' lang='lat' dir='ltr'><strong>cucurrit</strong></span> <span class='ocrx_word' id='word_1_233' title='bbox 693 1832 735 1871; x_wconf 91' lang='lat' dir='ltr'><strong>in</strong></span> <span class='ocrx_word' id='word_1_234' title='bbox 766 1832 980 1886; x_wconf 85' lang='lat' dir='ltr'><strong>palatium,</strong></span> <span class='ocrx_word' id='word_1_235' title='bbox 1011 1832 1298 1887; x_wconf 84' lang='lat' dir='ltr'><strong>Nicephorum</strong></span> <span class='ocrx_word' id='word_1_236' title='bbox 1328 1833 1568 1873; x_wconf 86' lang='lat' dir='ltr'><strong>interficere</strong></span> <span class='ocrx_word' id='word_1_237' title='bbox 1602 1848 1736 1888; x_wconf 88' lang='lat' dir='ltr'><strong>quae-</strong></span> 
     </span>
    </p>

    <p class='ocr_par' dir='ltr' id='par_1_5' title="bbox 124 1888 1735 2851">
     <span class='ocr_line' id='line_1_30' title="bbox 124 1888 1734 1944; baseline -0.001 -13"><span class='ocrx_word' id='word_1_238' title='bbox 124 1896 245 1944; x_wconf 80' lang='lat' dir='ltr'><strong>p.759</strong></span> <span class='ocrx_word' id='word_1_239' title='bbox 259 1904 365 1933; x_wconf 84' lang='lat' dir='ltr'><strong>rens.</strong></span> <span class='ocrx_word' id='word_1_240' title='bbox 426 1889 510 1930; x_wconf 90' lang='lat' dir='ltr'><strong>duo</strong></span> <span class='ocrx_word' id='word_1_241' title='bbox 540 1903 641 1929; x_wconf 88' lang='lat' dir='ltr'><strong>vero</strong></span> <span class='ocrx_word' id='word_1_242' title='bbox 673 1903 720 1928; x_wconf 88' lang='lat' dir='ltr'><strong>ex</strong></span> <span class='ocrx_word' id='word_1_243' title='bbox 747 1888 809 1928; x_wconf 88' lang='lat' dir='ltr'><strong>his</strong></span> <span class='ocrx_word' id='word_1_244' title='bbox 841 1888 912 1944; x_wconf 90' lang='lat' dir='ltr'><strong>qui</strong></span> <span class='ocrx_word' id='word_1_245' title='bbox 945 1889 1286 1939; x_wconf 85' lang='lat' dir='ltr'><strong>circumstabant,</strong></span> <span class='ocrx_word' id='word_1_246' title='bbox 1318 1889 1524 1930; x_wconf 89' lang='lat' dir='ltr'><strong>irruentes</strong></span> <span class='ocrx_word' id='word_1_247' title='bbox 1554 1889 1598 1928; x_wconf 89' lang='lat' dir='ltr'><strong>in</strong></span> <span class='ocrx_word' id='word_1_248' title='bbox 1627 1903 1734 1940; x_wconf 83' lang='lat' dir='ltr'><strong>eum,</strong></span> 
     </span>
     <span class='ocr_line' id='line_1_31' title="bbox 257 1945 1735 2000; baseline 0.001 -15"><span class='ocrx_word' id='word_1_249' title='bbox 257 1946 462 1986; x_wconf 84' lang='lat' dir='ltr'><strong>atrociter</strong></span> <span class='ocrx_word' id='word_1_250' title='bbox 508 1945 716 1986; x_wconf 85' lang='lat' dir='ltr'><strong>vulnerati</strong></span> <span class='ocrx_word' id='word_1_251' title='bbox 756 1951 852 1984; x_wconf 87' lang='lat' dir='ltr'><strong>sunt</strong></span> <span class='ocrx_word' id='word_1_252' title='bbox 886 1945 937 1985; x_wconf 88' lang='lat' dir='ltr'><strong>ab</strong></span> <span class='ocrx_word' id='word_1_253' title='bbox 980 1945 1066 1988; x_wconf 88' lang='lat' dir='ltr'><strong>illo.</strong></span> <span class='ocrx_word' id='word_1_254' title='bbox 1147 1946 1469 2000; x_wconf 82' lang='lat' dir='ltr'><strong>comprehensus</strong></span> <span class='ocrx_word' id='word_1_255' title='bbox 1509 1952 1648 1986; x_wconf 87' lang='lat' dir='ltr'><strong>autem</strong></span> <span class='ocrx_word' id='word_1_256' title='bbox 1693 1954 1735 1987; x_wconf 86' lang='lat' dir='ltr'><strong>et</strong></span> 
     </span>
     <span class='ocr_line' id='line_1_32' title="bbox 256 2002 1733 2057; baseline -0.002 -15"><span class='ocrx_word' id='word_1_257' title='bbox 256 2003 394 2043; x_wconf 90' lang='lat' dir='ltr'><strong>multis</strong></span> <span class='ocrx_word' id='word_1_258' title='bbox 420 2002 567 2057; x_wconf 91' lang='lat' dir='ltr'><strong>poenis</strong></span> <span class='ocrx_word' id='word_1_259' title='bbox 600 2003 768 2042; x_wconf 85' lang='lat' dir='ltr'><strong>affectus</strong></span> <span class='ocrx_word' id='word_1_260' title='bbox 800 2002 1006 2042; x_wconf 87' lang='lat' dir='ltr'><strong>excusavit</strong></span> <span class='ocrx_word' id='word_1_261' title='bbox 1037 2016 1091 2053; x_wconf 87' lang='lat' dir='ltr'><strong>se,</strong></span> <span class='ocrx_word' id='word_1_262' title='bbox 1123 2002 1390 2043; x_wconf 88' lang='lat' dir='ltr'><strong>daemonium</strong></span> <span class='ocrx_word' id='word_1_263' title='bbox 1418 2002 1577 2043; x_wconf 86' lang='lat' dir='ltr'><strong>habere</strong></span> <span class='ocrx_word' id='word_1_264' title='bbox 1605 2017 1733 2057; x_wconf 89' lang='lat' dir='ltr'><strong>prae..</strong></span> 
     </span>
     <span class='ocr_line' id='line_1_33' title="bbox 254 2058 1732 2114; baseline -0.001 -14"><span class='ocrx_word' id='word_1_265' title='bbox 254 2059 450 2111; x_wconf 84' lang='lat' dir='ltr'><strong>tendens,</strong></span> <span class='ocrx_word' id='word_1_266' title='bbox 484 2058 728 2113; x_wconf 87' lang='lat' dir='ltr'><strong>nullumque</strong></span> <span class='ocrx_word' id='word_1_267' title='bbox 756 2072 929 2112; x_wconf 87' lang='lat' dir='ltr'><strong>prorsus</strong></span> <span class='ocrx_word' id='word_1_268' title='bbox 959 2072 1164 2098; x_wconf 61' lang='lat' dir='ltr'><strong>accusans</strong></span> <span class='ocrx_word' id='word_1_269' title='bbox 1236 2065 1278 2098; x_wconf 88' lang='lat' dir='ltr'><strong>at</strong></span> <span class='ocrx_word' id='word_1_270' title='bbox 1306 2058 1373 2099; x_wconf 89' lang='lat' dir='ltr'><strong>ille</strong></span> <span class='ocrx_word' id='word_1_271' title='bbox 1402 2059 1513 2099; x_wconf 84' lang='lat' dir='ltr'><strong>hunc</strong></span> <span class='ocrx_word' id='word_1_272' title='bbox 1538 2059 1580 2098; x_wconf 91' lang='lat' dir='ltr'><strong>in</strong></span> <span class='ocrx_word' id='word_1_273' title='bbox 1618 2059 1732 2114; x_wconf 85' lang='lat' dir='ltr'><strong>ligno</strong></span> 
     </span>
     <span class='ocr_line' id='line_1_34' title="bbox 252 2114 1732 2170; baseline 0 -14"><span class='ocrx_word' id='word_1_274' title='bbox 252 2116 432 2156; x_wconf 88' lang='lat' dir='ltr'><strong>munivit</strong></span> <span class='ocrx_word' id='word_1_275' title='bbox 463 2131 559 2156; x_wconf 88' lang='lat' dir='ltr'><strong>cum</strong></span> <span class='ocrx_word' id='word_1_276' title='bbox 591 2115 862 2169; x_wconf 82' lang='lat' dir='ltr'><strong>patientibus.</strong></span> <span class='ocrx_word' id='word_1_277' title='bbox 894 2114 1016 2155; x_wconf 90' lang='lat' dir='ltr'><strong>multi</strong></span> <span class='ocrx_word' id='word_1_278' title='bbox 1048 2130 1150 2170; x_wconf 81' lang='lat' dir='ltr'><strong>ergo</strong></span> <span class='ocrx_word' id='word_1_279' title='bbox 1184 2114 1376 2170; x_wconf 87' lang='lat' dir='ltr'><strong>deinceps</strong></span> <span class='ocrx_word' id='word_1_280' title='bbox 1398 2116 1591 2170; x_wconf 82' lang='lat' dir='ltr'><strong>augurati</strong></span> <span class='ocrx_word' id='word_1_281' title='bbox 1621 2123 1732 2167; x_wconf 91' lang='lat' dir='ltr'><strong>sunt,</strong></span> 
     </span>
     <span class='ocr_line' id='line_1_35' title="bbox 253 2171 1729 2226; baseline -0.001 -12"><span class='ocrx_word' id='word_1_282' title='bbox 253 2173 436 2214; x_wconf 86' lang='lat' dir='ltr'><strong>enormis</strong></span> <span class='ocrx_word' id='word_1_283' title='bbox 466 2173 561 2213; x_wconf 86' lang='lat' dir='ltr'><strong>fore</strong></span> <span class='ocrx_word' id='word_1_284' title='bbox 591 2171 689 2211; x_wconf 88' lang='lat' dir='ltr'><strong>mali</strong></span> <span class='ocrx_word' id='word_1_285' title='bbox 716 2171 798 2211; x_wconf 88' lang='lat' dir='ltr'><strong>hoc</strong></span> <span class='ocrx_word' id='word_1_286' title='bbox 824 2172 985 2226; x_wconf 77' lang='lat' dir='ltr'><strong>signum</strong></span> <span class='ocrx_word' id='word_1_287' title='bbox 1015 2178 1288 2213; x_wconf 83' lang='lat' dir='ltr'><strong>asseverantes</strong></span> <span class='ocrx_word' id='word_1_288' title='bbox 1310 2179 1394 2212; x_wconf 90' lang='lat' dir='ltr'><strong>tam</strong></span> <span class='ocrx_word' id='word_1_289' title='bbox 1426 2173 1729 2226; x_wconf 83' lang='lat' dir='ltr'><strong>imperantibus</strong></span> 
     </span>
     <span class='ocr_line' id='line_1_36' title="bbox 253 2227 1731 2286; baseline -0.001 -16"><span class='ocrx_word' id='word_1_290' title='bbox 253 2245 379 2286; x_wconf 87' lang='lat' dir='ltr'><strong>quam</strong></span> <span class='ocrx_word' id='word_1_291' title='bbox 407 2228 615 2283; x_wconf 89' lang='lat' dir='ltr'><strong>subiectis,</strong></span> <span class='ocrx_word' id='word_1_292' title='bbox 647 2227 1001 2282; x_wconf 87' lang='lat' dir='ltr'><strong>quemadmodum</strong></span> <span class='ocrx_word' id='word_1_293' title='bbox 1032 2235 1074 2268; x_wconf 85' lang='lat' dir='ltr'><strong>et</strong></span> <span class='ocrx_word' id='word_1_294' title='bbox 1106 2229 1148 2268; x_wconf 91' lang='lat' dir='ltr'><strong>in</strong></span> <span class='ocrx_word' id='word_1_295' title='bbox 1181 2229 1314 2283; x_wconf 90' lang='lat' dir='ltr'><strong>impio</strong></span> <span class='ocrx_word' id='word_1_296' title='bbox 1345 2230 1539 2270; x_wconf 89' lang='lat' dir='ltr'><strong>Nestorio</strong></span> <span class='ocrx_word' id='word_1_297' title='bbox 1572 2229 1731 2269; x_wconf 83' lang='lat' dir='ltr'><strong>factum</strong></span> 
     </span>
     <span class='ocr_line' id='line_1_37' title="bbox 251 2284 1730 2339; baseline -0.001 -12"><span class='ocrx_word' id='word_1_298' title='bbox 251 2294 327 2327; x_wconf 81' lang='lat' dir='ltr'><strong>est.</strong></span> <span class='ocrx_word' id='word_1_299' title='bbox 387 2285 732 2326; x_wconf 88' lang='lat' dir='ltr'><strong>Manichaeorum</strong></span> <span class='ocrx_word' id='word_1_300' title='bbox 762 2299 887 2338; x_wconf 88' lang='lat' dir='ltr'><strong>vero,</strong></span> <span class='ocrx_word' id='word_1_301' title='bbox 919 2284 990 2339; x_wconf 88' lang='lat' dir='ltr'><strong>qui</strong></span> <span class='ocrx_word' id='word_1_302' title='bbox 1031 2300 1143 2325; x_wconf 90' lang='lat' dir='ltr'><strong>nunc</strong></span> <span class='ocrx_word' id='word_1_303' title='bbox 1170 2286 1399 2326; x_wconf 87' lang='lat' dir='ltr'><strong>Pauliciani</strong></span> <span class='ocrx_word' id='word_1_304' title='bbox 1430 2292 1471 2326; x_wconf 87' lang='lat' dir='ltr'><strong>et</strong></span> <span class='ocrx_word' id='word_1_305' title='bbox 1505 2285 1730 2339; x_wconf 85' lang='lat' dir='ltr'><strong>Athingani</strong></span> 
     </span>
     <span class='ocr_line' id='line_1_38' title="bbox 253 2340 1730 2397; baseline 0 -14"><span class='ocrx_word' id='word_1_306' title='bbox 253 2343 466 2397; x_wconf 83' lang='lat' dir='ltr'><strong>dicuntur,</strong></span> <span class='ocrx_word' id='word_1_307' title='bbox 501 2342 658 2397; x_wconf 86' lang='lat' dir='ltr'><strong>quique</strong></span> <span class='ocrx_word' id='word_1_308' title='bbox 687 2341 729 2380; x_wconf 90' lang='lat' dir='ltr'><strong>in</strong></span> <span class='ocrx_word' id='word_1_309' title='bbox 759 2340 945 2396; x_wconf 77' lang='lat' dir='ltr'><strong>Phrygia</strong></span> <span class='ocrx_word' id='word_1_310' title='bbox 988 2348 1031 2381; x_wconf 86' lang='lat' dir='ltr'><strong>et</strong></span> <span class='ocrx_word' id='word_1_311' title='bbox 1060 2342 1268 2397; x_wconf 84' lang='lat' dir='ltr'><strong>Lycaonia</strong></span> <span class='ocrx_word' id='word_1_312' title='bbox 1301 2343 1519 2383; x_wconf 88' lang='lat' dir='ltr'><strong>constituti</strong></span> <span class='ocrx_word' id='word_1_313' title='bbox 1547 2343 1730 2384; x_wconf 85' lang='lat' dir='ltr'><strong>confines</strong></span> 
     </span>
     <span class='ocr_line' id='line_1_39' title="bbox 252 2397 1727 2454; baseline -0.002 -15"><span class='ocrx_word' id='word_1_314' title='bbox 252 2406 294 2439; x_wconf 85' lang='lat' dir='ltr'><strong>et</strong></span> <span class='ocrx_word' id='word_1_315' title='bbox 325 2400 450 2440; x_wconf 90' lang='lat' dir='ltr'><strong>vicini</strong></span> <span class='ocrx_word' id='word_1_316' title='bbox 470 2398 555 2440; x_wconf 88' lang='lat' dir='ltr'><strong>eius</strong></span> <span class='ocrx_word' id='word_1_317' title='bbox 585 2398 863 2448; x_wconf 86' lang='lat' dir='ltr'><strong>habebantur,</strong></span> <span class='ocrx_word' id='word_1_318' title='bbox 887 2397 1043 2438; x_wconf 88' lang='lat' dir='ltr'><strong>amicus</strong></span> <span class='ocrx_word' id='word_1_319' title='bbox 1062 2399 1386 2440; x_wconf 89' lang='lat' dir='ltr'><strong>ferventissimus</strong></span> <span class='ocrx_word' id='word_1_320' title='bbox 1414 2405 1519 2450; x_wconf 90' lang='lat' dir='ltr'><strong>erat,</strong></span> <span class='ocrx_word' id='word_1_321' title='bbox 1549 2413 1727 2454; x_wconf 80' lang='lat' dir='ltr'><strong>respon-</strong></span> 
     </span>
     <span class='ocr_line' id='line_1_40' title="bbox 250 2454 1727 2511; baseline -0.002 -15"><span class='ocrx_word' id='word_1_322' title='bbox 250 2457 301 2496; x_wconf 88' lang='lat' dir='ltr'><strong>sis</strong></span> <span class='ocrx_word' id='word_1_323' title='bbox 333 2472 482 2497; x_wconf 85' lang='lat' dir='ltr'><strong>eorum</strong></span> <span class='ocrx_word' id='word_1_324' title='bbox 513 2469 677 2510; x_wconf 88' lang='lat' dir='ltr'><strong>semper</strong></span> <span class='ocrx_word' id='word_1_325' title='bbox 723 2460 765 2494; x_wconf 86' lang='lat' dir='ltr'><strong>et</strong></span> <span class='ocrx_word' id='word_1_326' title='bbox 796 2454 1150 2495; x_wconf 85' lang='lat' dir='ltr'><strong>immolationibus</strong></span> <span class='ocrx_word' id='word_1_327' title='bbox 1191 2455 1527 2511; x_wconf 76' lang='lat' dir='ltr'><strong>congratulatuS‚</strong></span> <span class='ocrx_word' id='word_1_328' title='bbox 1558 2455 1601 2495; x_wconf 91' lang='lat' dir='ltr'><strong>in</strong></span> <span class='ocrx_word' id='word_1_329' title='bbox 1629 2456 1727 2510; x_wconf 87' lang='lat' dir='ltr'><strong>qui-</strong></span> 
     </span>
     <span class='ocr_line' id='line_1_41' title="bbox 250 2510 1728 2568; baseline -0.001 -15"><span class='ocrx_word' id='word_1_330' title='bbox 250 2514 339 2565; x_wconf 88' lang='lat' dir='ltr'><strong>bus,</strong></span> <span class='ocrx_word' id='word_1_331' title='bbox 372 2520 413 2554; x_wconf 87' lang='lat' dir='ltr'><strong>et</strong></span> <span class='ocrx_word' id='word_1_332' title='bbox 444 2511 611 2568; x_wconf 91' lang='lat' dir='ltr'><strong>quando</strong></span> <span class='ocrx_word' id='word_1_333' title='bbox 646 2510 859 2551; x_wconf 77' lang='lat' dir='ltr'><strong>Bar-(lanus</strong></span> <span class='ocrx_word' id='word_1_334' title='bbox 902 2511 1104 2564; x_wconf 86' lang='lat' dir='ltr'><strong>patricius</strong></span> <span class='ocrx_word' id='word_1_335' title='bbox 1148 2519 1299 2553; x_wconf 86' lang='lat' dir='ltr'><strong>contra</strong></span> <span class='ocrx_word' id='word_1_336' title='bbox 1320 2524 1370 2554; x_wconf 79' lang='lat' dir='ltr'><strong>&#39;se</strong></span> <span class='ocrx_word' id='word_1_337' title='bbox 1398 2513 1634 2562; x_wconf 81' lang='lat' dir='ltr'><strong>insurrexit,</strong></span> <span class='ocrx_word' id='word_1_338' title='bbox 1666 2511 1728 2551; x_wconf 89' lang='lat' dir='ltr'><strong>his</strong></span> 
     </span>
     <span class='ocr_line' id='line_1_42' title="bbox 250 2567 1728 2624; baseline 0 -14"><span class='ocrx_word' id='word_1_339' title='bbox 250 2570 461 2610; x_wconf 86' lang='lat' dir='ltr'><strong>advocatis</strong></span> <span class='ocrx_word' id='word_1_340' title='bbox 489 2569 602 2609; x_wconf 85' lang='lat' dir='ltr'><strong>hune</strong></span> <span class='ocrx_word' id='word_1_341' title='bbox 621 2567 906 2608; x_wconf 86' lang='lat' dir='ltr'><strong>molitionibus</strong></span> <span class='ocrx_word' id='word_1_342' title='bbox 937 2568 1124 2621; x_wconf 89' lang='lat' dir='ltr'><strong>ipsorum</strong></span> <span class='ocrx_word' id='word_1_343' title='bbox 1145 2570 1320 2624; x_wconf 78' lang='lat' dir='ltr'><strong>subegit.</strong></span> <span class='ocrx_word' id='word_1_344' title='bbox 1379 2575 1549 2610; x_wconf 86' lang='lat' dir='ltr'><strong>taurum</strong></span> <span class='ocrx_word' id='word_1_345' title='bbox 1569 2569 1728 2624; x_wconf 86' lang='lat' dir='ltr'><strong>quippe</strong></span> 
     </span>
     <span class='ocr_line' id='line_1_43' title="bbox 249 2625 1726 2681; baseline -0.001 -16"><span class='ocrx_word' id='word_1_346' title='bbox 249 2626 290 2665; x_wconf 89' lang='lat' dir='ltr'><strong>in</strong></span> <span class='ocrx_word' id='word_1_347' title='bbox 321 2626 508 2681; x_wconf 84' lang='lat' dir='ltr'><strong>quodam</strong></span> <span class='ocrx_word' id='word_1_348' title='bbox 533 2626 626 2665; x_wconf 85' lang='lat' dir='ltr'><strong>lacu</strong></span> <span class='ocrx_word' id='word_1_349' title='bbox 658 2625 799 2665; x_wconf 79' lang='lat' dir='ltr'><strong>ferreo</strong></span> <span class='ocrx_word' id='word_1_350' title='bbox 833 2625 931 2678; x_wconf 90' lang='lat' dir='ltr'><strong>palo</strong></span> <span class='ocrx_word' id='word_1_351' title='bbox 960 2625 1157 2666; x_wconf 87' lang='lat' dir='ltr'><strong>cornibus</strong></span> <span class='ocrx_word' id='word_1_352' title='bbox 1194 2626 1363 2681; x_wconf 84' lang='lat' dir='ltr'><strong>alligans</strong></span> <span class='ocrx_word' id='word_1_353' title='bbox 1393 2626 1445 2666; x_wconf 86' lang='lat' dir='ltr'><strong>ad</strong></span> <span class='ocrx_word' id='word_1_354' title='bbox 1475 2631 1636 2666; x_wconf 58' lang='lat' dir='ltr'><strong>terram&gt;</strong></span> <span class='ocrx_word' id='word_1_355' title='bbox 1662 2626 1726 2664; x_wconf 89' lang='lat' dir='ltr'><strong>in-</strong></span> 
     </span>
     <span class='ocr_line' id='line_1_44' title="bbox 248 2680 1725 2734; baseline -0.002 -13"><span class='ocrx_word' id='word_1_356' title='bbox 248 2690 482 2732; x_wconf 84' lang='lat' dir='ltr'><strong>curvatum,</strong></span> <span class='ocrx_word' id='word_1_357' title='bbox 514 2683 572 2723; x_wconf 92' lang='lat' dir='ltr'><strong>sic</strong></span> <span class='ocrx_word' id='word_1_358' title='bbox 615 2682 716 2722; x_wconf 90' lang='lat' dir='ltr'><strong>dum</strong></span> <span class='ocrx_word' id='word_1_359' title='bbox 752 2680 934 2734; x_wconf 74' lang='lat' dir='ltr'><strong>mugiret</strong></span> <span class='ocrx_word' id='word_1_360' title='bbox 969 2686 1012 2721; x_wconf 88' lang='lat' dir='ltr'><strong>et</strong></span> <span class='ocrx_word' id='word_1_361' title='bbox 1043 2682 1310 2723; x_wconf 86' lang='lat' dir='ltr'><strong>volutaretur</strong></span> <span class='ocrx_word' id='word_1_362' title='bbox 1340 2682 1477 2723; x_wconf 86' lang='lat' dir='ltr'><strong>occidi</strong></span> <span class='ocrx_word' id='word_1_363' title='bbox 1508 2682 1617 2734; x_wconf 81' lang='lat' dir='ltr'><strong>fecit,</strong></span> <span class='ocrx_word' id='word_1_364' title='bbox 1646 2681 1725 2720; x_wconf 86' lang='lat' dir='ltr'><strong>hu-</strong></span> 
     </span>
     <span class='ocr_line' id='line_1_45' title="bbox 248 2736 1725 2794; baseline -0.001 -16"><span class='ocrx_word' id='word_1_365' title='bbox 248 2740 395 2794; x_wconf 83' lang='lat' dir='ltr'><strong>iusque</strong></span> <span class='ocrx_word' id='word_1_366' title='bbox 436 2745 591 2780; x_wconf 89' lang='lat' dir='ltr'><strong>vestem</strong></span> <span class='ocrx_word' id='word_1_367' title='bbox 633 2738 674 2778; x_wconf 85' lang='lat' dir='ltr'><strong>iu</strong></span> <span class='ocrx_word' id='word_1_368' title='bbox 719 2736 828 2777; x_wconf 83' lang='lat' dir='ltr'><strong>mola</strong></span> <span class='ocrx_word' id='word_1_369' title='bbox 874 2751 991 2777; x_wconf 89' lang='lat' dir='ltr'><strong>versa</strong></span> <span class='ocrx_word' id='word_1_370' title='bbox 1038 2739 1126 2779; x_wconf 88' lang='lat' dir='ltr'><strong>vice</strong></span> <span class='ocrx_word' id='word_1_371' title='bbox 1166 2740 1323 2780; x_wconf 82' lang='lat' dir='ltr'><strong>molens</strong></span> <span class='ocrx_word' id='word_1_372' title='bbox 1354 2746 1395 2780; x_wconf 89' lang='lat' dir='ltr'><strong>et</strong></span> <span class='ocrx_word' id='word_1_373' title='bbox 1427 2739 1725 2778; x_wconf 76' lang='lat' dir='ltr'><strong>incantationi-</strong></span> 
     </span>
     <span class='ocr_line' id='line_1_46' title="bbox 245 2794 1723 2851; baseline -0.001 -15"><span class='ocrx_word' id='word_1_374' title='bbox 245 2796 322 2836; x_wconf 88' lang='lat' dir='ltr'><strong>bus</strong></span> <span class='ocrx_word' id='word_1_375' title='bbox 354 2810 447 2836; x_wconf 88' lang='lat' dir='ltr'><strong>usus</strong></span> <span class='ocrx_word' id='word_1_376' title='bbox 478 2795 697 2837; x_wconf 85' lang='lat' dir='ltr'><strong>victoriam</strong></span> <span class='ocrx_word' id='word_1_377' title='bbox 729 2794 837 2845; x_wconf 88' lang='lat' dir='ltr'><strong>tulit,</strong></span> <span class='ocrx_word' id='word_1_378' title='bbox 870 2794 1142 2848; x_wconf 85' lang='lat' dir='ltr'><strong>permittente</strong></span> <span class='ocrx_word' id='word_1_379' title='bbox 1171 2796 1250 2838; x_wconf 83' lang='lat' dir='ltr'><strong>deo</strong></span> <span class='ocrx_word' id='word_1_380' title='bbox 1280 2802 1459 2851; x_wconf 84' lang='lat' dir='ltr'><strong>propter</strong></span> <span class='ocrx_word' id='word_1_381' title='bbox 1485 2794 1723 2836; x_wconf 82' lang='lat' dir='ltr'><strong>multitudi-</strong></span> 
     </span>
    </p>
   </div>
  </div>
 </body>
</html>
