1794 3250
291 185 388 237 242
488 194 766 237 ANASTAsn
810 192 1069 236 nis'ronm
1111 191 1526 237 ecetrsiASTicA

290 317 370 348 tam
407 309 641 349 Armeniam
674 308 843 364 ingressi
867 308 1205 363 despoliaverunt
1243 322 1346 351 eam.
1404 315 1622 362 praeterea
1655 321 1751 348 mo·-

290 366 398 405 ritur
430 365 587 416 salech,
617 371 659 407 et
687 366 883 406 translata
914 371 974 406 est
1001 365 1265 406 Germanicia
1305 365 1345 404 in
1375 365 1664 406 Palaestinam.

396 449 558 491 Eodem
597 464 697 491 vero
748 464 856 490 anno
901 450 1080 491 imitatus
1133 448 1459 490 Lachanodraco
1507 448 1751 504 magistrum

286 520 418 557 suum,
450 521 615 546 omnem
640 507 891 548 monachum
920 514 963 547 et
993 506 1237 547 monacham
1279 505 1321 546 in
1350 505 1532 548 themate
1560 505 1749 547 Thrace..

284 563 443 603 siorum
472 570 775 604 commorantes
804 563 916 620 apud
944 563 1154 617 Ephesum
1185 562 1474 617 congregavit,
1503 570 1544 604 et
1588 563 1749 604 eductis

286 619 340 658 eis
371 620 412 658 in
445 634 636 673 campum
680 619 780 660 dixit
821 620 872 660 ad
911 634 981 660 eos
1013 619 1112 674 “qui
1155 620 1245 659 vult
1273 620 1520 673 imperatori
1550 634 1599 660 ac
1629 620 1749 660 nobis

285 676 471 728 obedire,
502 677 594 716 alba
624 675 822 716 induatur
853 683 962 717 veste
997 683 1039 717 et
1070 677 1110 715 in
1144 675 1223 716 hac
1253 675 1356 716 hora
1385 681 1519 716 sumat
1545 690 1746 717 uxorem:

284 739 344 772 ast
374 734 443 788 qui
476 732 556 773 boc
587 733 723 773 facere
753 732 872 788 parvi
906 733 1141 787 penderint,
1170 732 1325 787 privati
1354 732 1579 773 luminibus
1607 732 1648 772 in
1663 733 1749 788 Cy-

282 803 364 843 pro
396 790 515 829 exilio
549 789 897 830 damnabuntur.”
954 796 1128 843 tumque
1156 804 1260 843 opus
1301 804 1395 829 cum
1423 789 1552 830 verbo
1585 788 1750 843 pariter

282 853 608 886 consummatum
641 851 712 895 est,
743 852 785 886 et
814 845 933 886 multi
952 844 1099 886 eodem
1127 845 1194 885 die
1223 851 1426 901 martyres
1455 851 1552 886 sunt
1581 845 1748 896 ostensi,

280 902 401 942 multi
429 916 531 942 vero
563 902 797 942 deficientes
826 907 870 942 et
894 902 1079 943 enervati
1105 902 1337 956 perierunt,
1368 917 1473 957 quos
1502 909 1545 943 et
1570 902 1748 942 familia.-

283 972 347 998 res
376 957 453 999 sibi
482 959 624 999 Draco
674 958 864 999 faciebat.
920 963 1142 1012 praeterea
1183 958 1412 999 indictione
1457 973 1578 1008 nona,
1608 973 1749 999 mense

280 1014 500 1065 Ianuario,
532 1022 649 1055 natus
678 1021 737 1056 est
765 1014 1012 1068 imperatori
1039 1011 1176 1055 'Leoni
1207 1021 1249 1055 et
1277 1015 1481 1055 Heirenae
1509 1015 1641 1061 filius,
1675 1014 1747 1070 qui

279 1071 514 1111 nominatus
544 1077 603 1112 est
633 1069 944 1123 Constantinus,
973 1070 1073 1110 dum
1100 1070 1235 1111 adhuc
1262 1071 1424 1112 viveret
1454 1072 1748 1112 Constantinus

278 1142 375 1167 avus
405 1141 506 1167 eius.

389 1202 509 1240 Anno
554 1199 718 1253 imperii
753 1197 1015 1240 Constantini
1055 1197 1105 1239 31
1143 1198 1278 1239 movit
1307 1198 1536 1240 exercitum
1564 1200 1747 1240 Banacas

277 1263 426 1296 contra
456 1257 711 1307 Romaniam,
740 1262 891 1297 etcum
910 1255 1182 1296 descendisset
1210 1256 1260 1296 ab
1279 1256 1474 1296 Hisauria
1502 1256 1541 1296 in
1565 1263 1747 1296 castrum

274 1312 400 1364 Sices,
430 1311 592 1353 obsedit
613 1312 726 1353 illud.
762 1312 875 1368 quod
895 1327 989 1352 cum
1021 1312 1198 1353 audisset
1226 1312 1472 1367 imperator,
1499 1313 1666 1367 scripsit
1695 1312 1747 1352 ad

277 1369 518 1409 Michaelem
550 1376 794 1423 praetorem
826 1369 1104 1410 Orientalium
1150 1375 1191 1410 et
1217 1369 1269 1409 ad
1295 1369 1437 1409 Manin
1458 1369 1746 1410 Buccellario-

138 1438 174 1473 p.
193 1426 263 1462 689
278 1440 371 1465 rum
403 1432 445 1466 et
472 1425 650 1466 Bardam
679 1425 1027 1466 Armeniacorum
1067 1434 1314 1480 praetores3
1359 1426 1432 1481 qui
1473 1440 1568 1466 cum
1611 1426 1749 1466 venis-

125 2361 146 2435 ’ζ

141 2435 149 2476 l

275 1488 378 1532 sent,
408 1488 633 1523 tenuerunt
661 1497 866 1536 egressum
897 1496 1059 1532 eorum,
1091 1483 1162 1537 qui
1192 1490 1282 1523 erat
1310 1482 1500 1523 clausura
1519 1481 1639 1523 valde
1668 1481 1751 1522 dil·-

276 1538 391 1577 ficilis
422 1538 474 1577 ad
504 1539 738 1579 meandum.
797 1540 925 1579 stolus
956 1545 1093 1578 autem
1113 1539 1469 1593 Cibyraeotorum
1491 1553 1585 1579 cum
1614 1539 1748 1579 Prae-

276 1602 377 1634 tona
408 1594 619 1647 spathario
651 1601 850 1648 praetore
879 1608 952 1634 suo
974 1595 1140 1634 veniens
1170 1595 1374 1649 applicuit
1398 1596 1437 1635 in
1458 1601 1590 1649 portu
1621 1609 1750 1649 prae-

277 1650 378 1690 dicti
411 1651 551 1691 castri.
585 1650 700 1705 quod
729 1665 823 1691 cum
857 1652 1037 1691 Banacas
1060 1651 1239 1702 vidisset,
1272 1652 1332 1691 sui
1363 1652 1605 1706 desperatus
1635 1651 1748 1692 fidu-

277 1707 381 1746 ciam
415 1720 552 1746 rursus
581 1706 766 1758 assumit,
797 1722 975 1762 suosque
1005 1708 1159 1747 alacres
1186 1708 1340 1756 reddit,
1371 1714 1413 1747 et
1443 1708 1664 1748 ascendens
1694 1707 1747 1748 ad

277 1769 486 1817 equestres
517 1763 721 1803 exercitus
748 1763 903 1818 magnis
936 1770 977 1803 et
1018 1764 1242 1817 repentinis
1272 1765 1445 1804 vocibus
1477 1779 1574 1804 cum
1607 1765 1749 1804 omni-

275 1817 349 1858 bus
379 1818 459 1858 suis
500 1818 726 1859 clamorem
756 1820 899 1867 dedit,
930 1820 1071 1874 sicque
1102 1819 1192 1859 illos
1224 1820 1394 1860 territos
1423 1822 1551 1875 fugat,
1581 1821 1749 1861 multis—

277 1890 358 1928 que
387 1876 614 1929 peremptis
648 1875 923 1930 depraedatus
957 1882 1017 1915 est
1052 1876 1192 1916 omnia
1223 1876 1336 1916 circa
1358 1877 1546 1932 regiones
1575 1877 1675 1932 illas,
1705 1883 1748 1918 et

277 1945 371 1971 cum
401 1931 542 1985 spoliis
571 1931 709 1972 multis
741 1947 930 1973 reversus
958 1938 1031 1977 est,

387 2003 551 2044 Eodem
589 2019 761 2060 quoque
802 2020 911 2045 anno
944 2005 1066 2045 misso
1095 2004 1416 2046 Thracesiorum
1460 2012 1635 2060 praetor
1663 2007 1749 2046 La-

278 2060 543 2101 chanodraco
575 2062 716 2101 Leone
745 2062 912 2102 notario
950 2077 1024 2102 suo
1056 2069 1098 2102 et
1134 2063 1274 2102 Leone
1304 2062 1558 2103 exmonacho
1588 2078 1748 2103 venun-

279 2117 392 2157 davit
421 2117 562 2157 omnia
606 2119 881 2168 monasteria,
920 2118 1113 2158 virorum
1153 2118 1309 2158 scilicet
1336 2124 1378 2159 et
1412 2119 1683 2169 feminarum,
1706 2124 1749 2159 et

279 2173 418 2212 omnia
447 2188 543 2214 vasa
570 2179 730 2214 sacrata
759 2180 800 2214 et
824 2174 953 2214 libros
980 2181 1023 2214 et
1048 2189 1219 2228 pecora,
1251 2181 1292 2215 et
1323 2190 1514 2230 quaeque
1541 2175 1748 2229 patrimo-

280 2229 447 2269 niorum
477 2244 624 2270 eorum
656 2235 788 2281 erant,
819 2236 861 2271 et
878 2230 1033 2270 horum
1060 2231 1197 2284 pretia
1217 2231 1400 2286 principi
1424 2230 1584 2272 detulit.
1617 2237 1747 2287 quot..

281 2292 388 2339 quot
420 2291 558 2326 autem
588 2286 813 2327 monachos
844 2293 886 2327 et
912 2292 1111 2341 paternos
1141 2288 1270 2328 libros
1304 2289 1477 2342 reperit,
1505 2288 1599 2343 igne
1630 2303 1748 2329 com-

281 2341 434 2389 bussit;
467 2349 509 2382 et
537 2342 669 2384 sicubi
698 2342 901 2397 lipsanum
930 2344 1057 2383 sancti
1088 2345 1178 2398 quis
1219 2344 1374 2385 habens
1406 2345 1664 2399 apparuisset
1694 2344 1747 2384 ad

280 2398 535 2452 custodiam,
582 2405 623 2439 et
661 2399 742 2439 hoc
782 2414 954 2454 quoque
995 2400 1259 2440 nihilominus
1294 2401 1376 2454 igni
1416 2400 1622 2452 tradebat,
1652 2416 1748 2442 eum

279 2468 381 2494 vero
427 2455 500 2510 qui
547 2454 727 2496 habebat
774 2455 902 2506 illud,
941 2461 989 2495 ut
1032 2457 1160 2511 impie
1200 2464 1403 2511 agentem,
1432 2457 1646 2511 puniebat.
1706 2464 1748 2498 et

132 2497 167 2578 ,lp
198 2512 267 2548 690
281 2511 430 2550 multos
468 2510 635 2565 quidem
664 2512 970 2552 monachorum
1015 2514 1258 2554 verberibus
1287 2513 1513 2565 interfecit,
1545 2512 1747 2568 quosdam

113 2581 134 2650 ⁴¹]

280 2567 404 2606 etiam
445 2566 583 2621 gladio
620 2567 860 2607 trucidavit.
922 2575 1138 2622 praeterea
1169 2571 1492 2610 innumerabiles
1523 2569 1747 2610 oculorum

278 2623 428 2663 visibus
456 2623 692 2672 exorbavit3
724 2630 766 2664 et
786 2625 1051 2678 quorundam
1083 2626 1250 2680 quidem
1279 2626 1432 2665 barbas
1460 2641 1557 2666 cera
1586 2633 1628 2666 et
1651 2627 1745 2666 oleo

278 2693 510 2735 perungens
539 2679 813 2722 succendebat
843 2679 991 2735 ignem,
1021 2689 1063 2722 et
1092 2682 1149 2722 ita
1176 2689 1260 2722 tam
1290 2682 1414 2723 facies
1442 2697 1594 2723 eorum
1620 2697 1747 2737 quam

278 2735 414 2789 capita
447 2737 758 2777 concremabat.
818 2751 954 2791 porro
983 2738 1083 2778 alios
1115 2745 1210 2792 post
1238 2738 1388 2779 multos
1419 2739 1632 2779 cruciatus
1662 2738 1746 2778 exi-

280 2790 340 2831 liis
373 2792 632 2845 destimhat,
670 2800 713 2835 et
748 2800 963 2848 postremo
1002 2809 1086 2834 non
1126 2795 1311 2837 deseruit
1350 2795 1391 2835 in
1432 2800 1528 2836 toto
1563 2794 1746 2836 themate
