1794 3250
256 194 354 241 260
477 197 759 241 ANASTAsn
802 196 1063 240 HISTORIA
1104 195 1518 240 ECCLESIASTICA

253 314 441 354 Prusam.
501 314 711 355 Octobrio
756 328 860 354 vero
905 328 1046 354 mense
1073 319 1192 353 natus
1241 318 1301 353 est
1335 308 1581 366 imperatori
1607 308 1727 359 filius,

252 385 378 466 guem
411 371 639 411 nominavit
667 373 866 411 Leonem.
924 386 1031 426 quae
1060 385 1154 409 cum
1188 369 1451 425 cognovisset
1477 368 1725 421 imperator,

280 428 451 468 erelicta
482 434 614 467 matre
653 427 764 481 apud
810 428 1010 468 Thermas
1053 442 1134 466 una
1165 441 1259 466 cum
1296 425 1448 465 ordine
1477 423 1594 479 regio
1626 422 1726 462 uni-

250 498 373 524 verso
404 492 531 539 atque
561 484 821 539 principibus
847 486 1001 525 cursim
1036 484 1077 523 in
1108 484 1257 523 urbem
1289 496 1494 536 regressus
1516 487 1589 520 est.
1621 493 1727 534 qua-

250 547 432 595 propter
459 540 577 580 huius
608 548 742 580 mater
770 542 904 595 spatio
935 547 1106 594 reperto
1150 539 1329 579 allocuta
1359 545 1419 578 est
1449 544 1490 578 et
1522 534 1729 577 subtraxit

250 597 490 638 muneribus
520 613 566 637 ac
595 598 985 651 repromissionibus
1016 597 1222 650 agminum
1253 595 1479 650 principes,
1514 598 1563 633 ut
1592 592 1730 647 depo-

252 661 425 694 neretur
453 654 558 694 filius
589 669 684 694 suus
728 660 770 694 et
799 654 886 708 ipsa
930 654 1195 709 singulariter
1240 654 1482 706 imperaret,
1513 649 1613 689 alios
1646 648 1729 688 ho-

253 725 348 750 rum
381 725 458 764 per
497 725 538 750 se
575 710 729 766 ipsam,
761 711 860 751 alios
892 725 993 751 vero
1033 725 1112 764 per
1142 710 1329 749 homines
1372 722 1466 748 suos
1493 706 1725 746 blandiens.

196 786 197 789 ¹
252 772 294 807 et
327 766 497 807 attraxit
527 766 580 806 ad
608 782 650 807 se
673 782 827 819 omnes,
848 774 890 807 et
917 766 1253 821 praestolabatur
1275 779 1509 820 congruum
1539 761 1728 803 invenire

252 823 377 863 diem.
455 823 612 864 interea
637 825 796 864 Romae
842 824 1024 864 obeunte
1063 823 1249 863 Adriano
1302 836 1411 876 papa
1455 826 1729 860 consecratur

250 881 350 930 Leo,
377 878 444 919 vir
478 879 858 920 honorabilissimus
902 887 943 921 et
974 895 1053 935 per
1093 879 1232 920 omnia
1262 876 1530 926 reverendus.
1589 890 1729 916 mense

253 950 355 976 vero
385 937 540 976 Martio
574 937 699 976 exivit
731 938 964 991 imperator
994 936 1186 977 adversus
1207 936 1375 986 Arabes,
1405 947 1544 975 secum
1572 932 1728 972 habens

251 993 516 1033 Stauracium
549 994 774 1047 patricium
802 1000 844 1034 et
872 1000 1032 1034 ceteros
1066 994 1219 1033 amicos
1252 991 1395 1032 matris
1425 1004 1536 1041 suae,
1564 1002 1728 1030 necnon

252 1055 295 1090 et
321 1050 491 1090 electam
521 1057 733 1090 catervam
765 1050 1059 1104 expeditorum
1086 1049 1284 1089 videlicet
1328 1047 1509 1087 militum
1541 1060 1588 1086 ex
1619 1045 1728 1085 utri-

252 1120 384 1161 usque
411 1106 676 1157 thematibus,
708 1107 853 1161 viginti
886 1106 1011 1146 milia.
1069 1106 1255 1147 videntes
1286 1104 1330 1144 hi
1358 1104 1431 1160 qui
1463 1102 1576 1142 circa
1604 1103 1729 1142 Stau-

253 1163 414 1202 racium
441 1169 561 1203 erant
584 1164 844 1203 alacritatem
861 1163 1011 1218 populi
1040 1168 1082 1203 et
1103 1162 1383 1216 imperatori5‚
1412 1160 1648 1200 timuerunt
1677 1173 1730 1199 ne

251 1220 364 1259 forte
390 1219 499 1259 bello
532 1220 637 1259 inito
669 1219 738 1260 ille
762 1221 955 1260 vinceret
982 1225 1023 1260 et
1051 1219 1128 1273 ipsi
1158 1218 1387 1259 adinventis
1408 1216 1602 1257 adversus
1633 1229 1732 1255 eum

115 1276 558 1324 p.731frustrarentur
602 1276 772 1317 insidiis.
845 1291 945 1330 ergo
987 1275 1212 1316 muneratis
1252 1274 1399 1330 vigiliis
1430 1278 1730 1328 persuaserunt

253 1330 308 1372 eis
343 1333 525 1383 mentiri,
555 1332 816 1387 perhibendo
848 1335 1078 1374 Saracenos
1107 1332 1270 1388 fugisse.
1326 1331 1562 1384 imperator
1589 1329 1732 1383 itaque

251 1384 428 1429 multum
479 1390 666 1429 tristatus
714 1389 900 1429 inefficax
937 1391 1085 1430 urbem
1121 1389 1324 1444 ingressus
1355 1393 1442 1438 est,
1474 1391 1516 1426 et
1544 1385 1730 1426 kalendis

250 1446 368 1486 Maiis
398 1451 588 1486 mortuus
620 1453 680 1486 est
709 1448 815 1486 filius
848 1447 933 1487 eius
964 1448 1074 1497 Leo,
1116 1454 1156 1486 et
1188 1446 1290 1486 luxit
1318 1459 1413 1485 eum
1445 1442 1727 1484 vehementer.

251 1516 386 1556 porro
431 1502 710 1543 decimosexto
743 1503 936 1544 kalendas
967 1505 1167 1557 Augustas
1213 1504 1264 1543 ab
1297 1499 1482 1556 equestri
1513 1513 1646 1554 agone
1675 1497 1728 1538 ad

252 1560 293 1597 S.
325 1561 502 1598 Mamam
533 1565 784 1610 transeunte,
817 1565 1129 1601 transmearunt
1179 1560 1372 1600 adversus
1403 1571 1497 1598 eum
1532 1569 1732 1609 compre-

252 1614 519 1655 hendendum
549 1616 591 1655 hi
623 1616 696 1670 qui
725 1623 846 1657 erant
875 1631 922 1656 ex
949 1616 1179 1666 ordinibus,
1211 1630 1314 1670 quos
1337 1621 1471 1654 mater
1499 1612 1731 1667 imperato-

256 1672 313 1711 ris
346 1672 483 1712 fuerat
513 1673 708 1713 allocuta.
778 1688 862 1728 quo
908 1673 975 1714 ille
1007 1673 1176 1727 cognito
1220 1673 1261 1711 in
1307 1669 1572 1712 chelandium
1612 1683 1732 1708 suum

256 1729 459 1783 ingressus
493 1735 569 1780 est,
601 1735 643 1769 et
673 1731 945 1771 transmeavit
975 1730 1027 1770 ad
1048 1731 1180 1785 Pylas,
1212 1729 1352 1769 volens
1382 1728 1432 1767 ad
1452 1724 1734 1766 Orientalium

259 1784 398 1826 thema
433 1786 672 1840 confugere.
704 1792 824 1826 erant
853 1792 991 1827 autem
1019 1801 1114 1826 cum
1145 1801 1194 1826 eo
1222 1791 1264 1825 et
1293 1785 1436 1824 matris
1466 1797 1561 1823 suae
1591 1781 1731 1832 amici,

257 1854 362 1896 quos
395 1841 462 1882 ille
491 1842 549 1881 sic
579 1857 660 1882 esse
690 1845 856 1897 penitus
881 1843 1115 1897 ignorabat.
1172 1847 1393 1896 praeterea
1416 1840 1540 1880 exivit
1570 1838 1658 1894 ipse
1691 1843 1734 1878 et

256 1897 408 1938 mulier
442 1898 527 1938 eius
559 1913 689 1953 usque
721 1899 771 1938 ad
801 1900 1038 1941 Tritonem.
1097 1913 1233 1954 porro
1268 1897 1440 1938 consilio
1476 1897 1580 1935 inito
1610 1893 1733 1935 amici

257 1954 401 1994 matris
431 1955 529 2005 eius,
559 1957 630 2009 qui
662 1970 758 1995 cum
788 1955 876 2009 ipso
902 1963 1034 2010 erant,
1069 1956 1264 1996 dixerunt
1294 1954 1345 1994 ad
1376 1959 1505 1993 semet
1532 1952 1641 2006 ipsos
1673 1950 1733 1990 “si

256 2018 527 2051 coacervatus
560 2012 688 2051 fuerit
726 2012 762 2052 ei
792 2014 986 2066 populus,
1021 2028 1103 2054 non
1136 2012 1218 2051 iam
1247 2010 1432 2051 dominio
1468 2008 1734 2063 constringe-

257 2070 342 2117 tur,
373 2082 447 2108 nec
478 2069 608 2108 latere
638 2070 869 2121 poterimus
899 2085 1022 2120 eum,
1068 2077 1110 2110 et
1148 2067 1300 2123 perdet
1341 2070 1451 2107 nos,''
1509 2071 1732 2120 materque

259 2125 383 2176 ipsius
415 2125 678 2180 congregatis
715 2125 755 2165 in
786 2126 939 2179 palatio
967 2125 1199 2167 Eleutherii
1243 2125 1298 2165 eis
1329 2124 1402 2179 qui
1433 2138 1478 2164 ex
1511 2121 1733 2162 ordinibus

257 2181 335 2220 sibi
381 2182 549 2220 fuerant
588 2181 810 2233 collocuti,
840 2182 1034 2223 introivit
1062 2182 1264 2237 palatium
1284 2212 1296 2234 ,
1325 2189 1367 2221 et
1397 2195 1492 2220 cum
1522 2178 1733 2219 didicisset

257 2236 405 2291 populi
437 2236 486 2276 ad
521 2237 821 2292 imperatorem
859 2254 1122 2290 concursum,
1152 2239 1293 2279 timuit
1323 2238 1468 2284 nimis,
1499 2242 1541 2276 et
1570 2241 1736 2275 tracta-

258 2294 332 2331 bat
362 2294 542 2347 qualiter
569 2295 756 2334 mitteret
785 2296 1001 2350 episcopos
1032 2295 1084 2335 ad
1115 2311 1209 2336 eum
1240 2302 1282 2336 et
1312 2294 1523 2348 acciperet
1553 2291 1732 2331 verbum

262 2358 301 2389 ct
329 2351 492 2390 sederet
523 2350 562 2389 in
591 2350 756 2405 angulO.
787 2367 934 2392 verum
968 2354 1133 2407 scripsit
1163 2351 1327 2392 occulte
1356 2350 1407 2390 ad
1439 2349 1594 2390 amicos
1624 2361 1734 2395 suos,

263 2408 331 2459 qui
366 2422 457 2446 cum
503 2422 552 2446 eo
579 2413 722 2457 erant,
754 2409 850 2461 quia
895 2409 968 2449 nisi
1007 2410 1179 2448 modum
1223 2408 1450 2464 quemlibet
1480 2404 1661 2446 feceritis
1692 2411 1735 2443 et

132 2470 249 2518 p.732
263 2462 520 2503 tradideritis
553 2479 660 2519 eurn,
693 2464 822 2503 verba
857 2480 962 2518 quae
995 2465 1200 2506 habebitis
1240 2479 1404 2505 mecum
1439 2462 1626 2503 indicare
1655 2459 1735 2499 ha-

263 2520 342 2559 beo
376 2520 640 2573 imperatori.
699 2526 743 2559 at
772 2520 829 2560 illi
859 2528 1087 2567 metuentes
1118 2528 1346 2562 tenuerunt
1373 2536 1468 2560 eum
1493 2518 1546 2559 ad
1575 2531 1735 2572 prece5‚

264 2583 306 2615 et
338 2576 377 2614 in
410 2577 674 2617 chelandium
704 2576 877 2617 inducto
908 2593 956 2616 eo
986 2579 1158 2618 sabbato
1188 2593 1308 2618 mane
1337 2581 1545 2617 venerunt
1575 2573 1626 2613 ad
1659 2587 1735 2612 ur-

262 2632 371 2682 bem,
402 2640 443 2673 et
473 2634 735 2674 incluserunt
766 2648 857 2673 eum
892 2634 931 2672 in
965 2634 1090 2673 domo
1126 2650 1366 2689 purpurea,
1400 2634 1439 2672 in
1471 2647 1554 2687 qua
1585 2636 1626 2670 et
1658 2644 1735 2668 na..

265 2695 329 2726 tus
359 2695 445 2736 est,
479 2697 520 2729 et
565 2691 676 2730 circa
710 2690 859 2729 horam
902 2704 1053 2729 nonam
1095 2692 1326 2731 crudeliter
1375 2697 1415 2730 et
1452 2686 1736 2729 insanabiliter

266 2743 408 2783 oculos
440 2746 524 2785 eius
556 2746 751 2796 evellunt,
782 2747 839 2786 ita
870 2753 917 2786 ut
947 2746 1057 2786 hunc
1089 2761 1201 2786 mors
1235 2748 1487 2802 subsequens
1518 2742 1735 2784 confestim

265 2801 536 2856 extingueret,
564 2803 738 2844 consilio
763 2802 907 2843 matris
937 2803 1021 2844 eius
1051 2808 1092 2843 et
1121 2804 1459 2844 consiliariorum
1490 2801 1626 2856 ipsius.
1658 2798 1736 2838 ob-
