1728 3184
222 174 319 223 636
699 180 776 222 ΑΙ)
816 174 1192 222 ΤΗΕΟΡΗΑΝΕΜ

219 295 460 336 accedentes
500 292 553 334 ad
593 294 807 335 ecclesiam
847 299 1046 349 oporteat
1094 291 1318 347 baptizari:
1351 296 1510 332 utnon
1539 291 1692 331 mirum

218 367 322 408 prae
351 351 542 392 omnibus
573 351 790 393 haereticis
844 352 917 392 hos
948 353 1129 391 Leonem
1175 349 1226 389 ad
1255 348 1508 404 baptismum
1537 363 1692 403 cogen-

219 410 293 450 dos
325 410 498 460 duxisse,
529 408 702 464 illosque
734 424 823 449 rem
853 409 909 448 sic
940 408 1110 461 indigne
1140 406 1289 446 tulisse.

332 480 429 534 617,
462 480 526 522 10.
597 478 671 521 καὶ
694 481 908 529 ἐσθίοντες
936 475 1275 534 μετελάμβανον]
1313 477 1438 519 nolim
1469 493 1546 534 ego
1578 478 1694 533 quod

219 539 317 595 Xyl.
348 545 390 579 et
435 553 566 579 novus
613 539 791 593 interpr.
839 539 954 593 quod
998 537 1093 577 cibo
1127 543 1222 576 ante
1260 541 1455 590 sumpto,
1489 536 1549 575 sic
1578 549 1694 574 sacra

221 595 418 651 mysteria
449 601 675 635 sumerent.
733 595 873 635 fuisset
899 593 1066 650 quidem
1090 593 1191 633 haec
1213 592 1411 633 ecclesiae
1432 592 1530 647 legis
1558 597 1695 632 trans-

224 653 394 708 gressio,
428 657 472 691 at
500 666 584 692 non
614 651 739 692 fidem
765 651 971 706 polluere.
1045 664 1094 690 co
1129 649 1257 704 igitur
1283 650 1406 690 {idem
1435 649 1695 703 polluebant,

225 709 341 764 quod
372 708 538 749 intincti
578 708 786 762 baptismo
834 708 948 747 illum
988 707 1196 757 eluebant,
1237 706 1354 761 sique
1397 705 1607 757 eluentes,
1651 719 1699 744 ac

225 771 483 814 execrantes3
530 779 606 805 ore
642 771 781 814 tenus,
836 764 1078 817 ἐσθίοντες,
1141 777 1259 803 sacra
1301 762 1512 818 mysteria,
1543 776 1591 801 ac
1624 775 1696 801 eu·

226 822 465 862 charistiam
505 821 811 875 percipiebant.
884 820 1001 876 quod
1045 820 1204 860 utinam
1242 834 1319 860 nec
1346 819 1475 859 modo
1510 824 1699 872 praesta-

226 885 334 930 rent,
365 892 468 933 quos
495 878 771 932 Burdigalae,
812 877 1001 932 locisque
1041 876 1127 916 aliis
1154 870 1502 930 Ἰουδαιόφρονας
1533 878 1698 915 Grana-

224 942 357 976 tenses
387 935 582 989 Hispania
616 937 769 974 eiectos
793 933 1228 974 christianissimorum
1263 947 1409 987 regum
1430 931 1586 972 Galliae
1621 931 1703 971 cle·

225 993 379 1032 mentia
411 991 611 1031 hactenus
649 993 819 1032 tolerat.
891 1005 987 1031 nam
1013 996 1055 1030 et
1087 989 1226 1030 ludaei
1259 989 1486 1029 etiamnum
1514 988 1591 1028 sibi
1620 987 1703 1027 hoc

227 1049 404 1090 liberum
430 1053 608 1102 putant,
647 1053 695 1088 ut
736 1054 919 1103 propter
946 1046 1131 1102 gentium
1179 1060 1440 1100 praesuram,
1474 1060 1597 1100 quam
1628 1059 1703 1083 vo-

227 1111 339 1158 cant,
372 1119 520 1145 eorum
562 1119 702 1145 mores
748 1120 796 1145 ac
839 1104 1087 1159 religionem
1130 1102 1322 1142 simulent
1356 1102 1558 1152 exterius,
1590 1101 1702 1155 apud

226 1177 331 1218 quos
361 1161 579 1209 victitant3
622 1161 752 1202 modo
795 1161 875 1202 alia
904 1160 1062 1202 Iudaici
1105 1160 1207 1200 ritus
1237 1158 1378 1214 quoad
1408 1158 1463 1198 eis
1495 1158 1591 1198 licet
1625 1157 1704 1198 ob-

224 1224 404 1270 servent,
434 1223 537 1273 puta
567 1218 729 1259 sabbati
758 1219 929 1268 cultum,
961 1216 1324 1270 circuncisionem,
1358 1214 1648 1255 abstinentiam
1682 1230 1703 1253 a

225 1275 327 1316 cibis
356 1274 593 1321 immundis,
624 1282 703 1316 etc.
734 1290 841 1331 quae
870 1274 988 1315 dictis
1008 1273 1324 1328 granatensibus
1353 1277 1571 1326 persancta
1601 1285 1702 1323 esse,

228 1332 381 1389 quibus
410 1332 470 1372 ita
498 1331 617 1372 multi
645 1333 838 1373 habitant
869 1331 986 1384 locis,
1032 1331 1239 1371 neminem
1268 1329 1381 1369 latet.

342 1405 448 1446 Ibid.
481 1404 544 1447 16.
601 1404 674 1458 τῆς
703 1406 916 1458 παραλίου
954 1404 1164 1458 Φοινίκης]
1198 1402 1419 1444 Phoenicis
1444 1400 1708 1448 maritimae,-

232 1477 316 1502 non
349 1463 406 1502 ita
438 1462 544 1503 hene
565 1491 577 1512 ‚
626 1462 790 1515 Syriae.
835 1457 1063 1515 κρατήσειν
1108 1461 1183 1513 τῆς
1205 1454 1422 1512 Ἀράβων.
1449 1454 1585 1512 τούτῳ
1615 1469 1706 1495 πει-

231 1519 369 1566 σθείς.
398 1520 498 1573 Reg.
521 1525 599 1559 etc.
631 1521 692 1577 τῷ
718 1517 832 1576 αὐτῷ
849 1516 946 1561 ἔτει.
976 1519 1067 1574 ipso
1098 1517 1235 1557 eodem
1271 1530 1383 1557 anno
1412 1515 1612 1556 extinctus
1638 1521 1707 1552 est.

235 1576 430 1616 omissum
455 1579 632 1631 interpr.

344 1648 440 1699 618,
471 1649 511 1690 8.
568 1648 792 1702 γενόμενον
816 1648 896 1701 μὲν
927 1644 1011 1688 dni>
1044 1645 1332 1702 Χριστιανῶν,
1362 1641 1635 1696 αἰχμάλωτον
1665 1642 1710 1682 ἑν

234 1706 388 1761 Συρίᾳ]
429 1708 532 1760 Reg.
571 1711 651 1746 etc.
689 1706 882 1761 beneque
922 1709 1061 1745 Anast.
1108 1704 1181 1760 qui
1213 1718 1269 1743 ex
1315 1701 1557 1742 Christianis
1596 1708 1710 1739 natas

225 1762 385 1818 ficerat,
416 1765 491 1803 secl
517 1764 701 1819 captivus
744 1763 791 1803 in
830 1761 1004 1816 Syriam
1047 1761 1200 1803 ductus.
1232 1757 1388 1799 editum
1419 1772 1502 1797 non
1535 1757 1710 1812 integre,

240 1833 316 1859 nec
347 1825 443 1874 apte
471 1819 565 1859 satis
594 1819 820 1862 redditum.

354 1897 464 1939 Ibid.
500 1897 565 1942 18.
636 1895 691 1938 τὰ
742 1896 844 1950 περί
867 1895 946 1936 τοῦ
980 1893 1196 1947 μακαρίου
1236 1888 1478 1948 Στεφάνου]
1519 1889 1714 1944 imperite

239 1955 344 1995 haee
373 1953 425 1994 de
455 1953 668 2008 Stephano
700 1968 811 2008 papa
841 1952 939 1992 huic
969 1958 1101 1991 assuta
1131 1951 1238 2001 loco,
1274 1963 1381 2004 quae
1413 1953 1455 1988 et
1475 1948 1610 1987 Anast.
1643 1960 1713 1985 re-

239 2017 480 2067 praesentat
501 2011 526 2051 2
558 2010 822 2051 Constantini
854 2022 986 2059 annu,
1023 2007 1099 2047 sub
1133 2021 1216 2062 quo
1249 2008 1372 2046 etiam
1403 2005 1504 2045 vixit
1535 2002 1714 2057 Stepha-

244 2082 333 2109 nus.
393 2067 578 2107 certiora
612 2067 664 2107 de
690 2067 858 2120 Pipino,
893 2079 940 2104 ac
962 2065 1116 2105 Carolo
1150 2062 1343 2103 Max-tello
1374 2076 1420 2102 ex
1454 2060 1605 2100 nostris
1635 2074 1714 2114 pe-

242 2124 366 2165 tenda
397 2124 606 2165 historicis
636 2123 812 2177 Fredeg.
862 2126 940 2162 etc.
1023 2122 1157 2174 lapsus
1201 2119 1404 2160 memoria
1433 2118 1609 2158 Fahrot.
1643 2115 1717 2169 qui

245 2182 325 2223 ista
355 2195 439 2221 non
485 2180 640 2220 hahere
680 2177 981 2233 Theophanem
1020 2177 1237 2232 scripserit
1278 2176 1304 2216 2
1344 2175 1414 2215 illo
1456 2172 1717 2215 Constantini

245 2253 371 2290 ann0,
401 2237 471 2278 sed
502 2237 703 2278 duntaxat
732 2236 856 2276 Cedr.

356 2309 456 2364 619,
486 2309 526 2353 3.
585 2307 768 2362 ἐξάρχου
808 2308 884 2363 τῆς
924 2301 1173 2361 διοικήσεως
1216 2305 1298 2348 ταῖν
1337 2298 1463 2356 ὅλων]
1505 2305 1608 2358 Reg.
1639 2307 1716 2343 etc.

247 2388 313 2427 cui
340 2398 473 2426 reram
501 2393 587 2425 tota
612 2382 913 2424 administratio
939 2381 1092 2422 credita
1120 2389 1231 2420 esset.

357 2458 466 2498 Ibid.
505 2456 567 2497 13.
625 2456 671 2497 ἐκ
699 2456 776 2497 τοῦ
803 2455 949 2509 γένους
991 2453 1152 2496 ἐκείνου
1193 2447 1486 2505 καταγόμενοι.
1543 2448 1601 2498 ὥς
1628 2453 1723 2503 χοϊ-

247 2514 336 2570 ροι]
365 2515 492 2555 Cedr.
524 2515 621 2569 Reg.
653 2519 732 2554 etc.

358 2585 459 2639 620,
493 2587 534 2627 5.
594 2583 730 2629 αὐτὸν
756 2581 828 2626 τὸν
856 2581 1050 2637 ἔξαρχον.
1084 2579 1192 2624 α’λλὰ
1227 2582 1299 2622 καὶ
1329 2580 1386 2621 δι’
1414 2573 1538 2620 ἄλλα.

358 2661 466 2702 Ibid.
493 2660 555 2700 17.
614 2658 688 2700 καί
712 2654 835 2699 πόλιν
861 2651 1066 2707 παλάτια]
1100 2655 1223 2698 Barb.
1247 2656 1371 2711 Peyr.
1406 2659 1487 2695 etc.
1517 2651 1592 2694 καί
1617 2652 1720 2692 πολ-

249 2714 350 2764 λοὺς
382 2713 481 2764 τούς
508 2713 588 2757 οὐν
617 2715 748 2774 αὐτῷ.
781 2716 886 2771 Reg.
918 2721 1000 2755 etc.

361 2792 459 2846 621,
486 2795 527 2840 8.
586 2796 628 2838 Γ
626 2791 822 2850 ρηγόριος
846 2787 870 2834 ὅ
905 2791 1063 2842 πάντας]
1093 2791 1324 2848 Gregorius
1340 2802 1491 2844 nempe
1522 2787 1548 2827 2
1579 2790 1723 2828 extant
