1794 3250
257 189 354 240 284
473 196 757 240 ANASTASH
803 198 1063 241 msTofflA
1098 199 1511 243 EchEsms'rmA

255 328 404 354 rorum
435 311 715 354 incursionem
745 313 1078 366 intolerabilem,
1121 322 1163 355 et
1194 320 1324 355 semet
1354 314 1487 368 ipsum
1517 329 1615 369 erga
1651 315 1730 356 im..

255 384 308 423 pc
312 374 473 410 ratores
518 384 768 412 conservans
810 377 974 411 rectum
1004 378 1046 412 et
1089 372 1243 427 absque
1271 371 1438 411 insidiis.
1499 371 1597 425 quia
1626 387 1730 412 vero

257 426 309 466 ad
342 426 489 467 urbem
516 440 756 481 properare
800 427 1014 467 inimicum
1044 429 1164 480 vidit,
1207 428 1354 468 scribit
1381 427 1620 482 Nicephoro
1651 443 1728 483 pa..

254 482 464 523 triarchae
492 482 670 524 derecta
693 483 775 525 fide
797 497 870 524 sua
899 484 1118 538 affirmans,
1148 492 1290 537 petens
1315 483 1438 524 etiam
1455 490 1501 522 ut
1519 498 1613 524 cum
1631 500 1731 524 ora-

255 539 371 579 tione
385 546 427 579 et
443 544 547 579 nutu
567 539 652 580 eius
667 540 890 594 imperium
905 547 1100 581 sumeret.
1129 547 1171 581 ct
1193 541 1357 581 veniens
1386 541 1435 581 ad
1455 541 1731 581 tribunalium

255 602 352 636 ante
373 596 520 636 urbem
548 598 730 650 positum
748 611 830 636 una
855 612 949 637 cum
967 598 1234 652 praetoribus
1257 604 1298 637 et
1325 597 1586 649 exercitibus,
1610 597 1730 638 valde

256 651 459 706 legitimus
499 653 788 693 Romanorum
831 654 1062 707 imperator
1106 654 1450 704 ostenditu1‚et
1488 653 1553 694 die
1593 654 1729 694 media

255 708 666 763 Constantinopolim
704 724 783 763 per
817 711 963 750 Carisii
993 717 1162 765 portam
1195 711 1455 764 ingxcditur,
1503 715 1544 750 et
1575 710 1627 750 ad
1658 725 1729 750 le..

255 765 358 820 galia
398 766 602 818 pervenit.
661 781 797 821 porro
829 767 1005 807 Michael
1034 767 1174 807 audita
1207 768 1326 807 buius
1357 767 1658 806 acclamatione
1688 767 1728 806 in

256 822 492 862 oratorium
521 822 650 863 Phari
679 837 916 876 accurrens,
948 838 1031 864 una
1063 839 1158 864 cum
1171 823 1384 878 Procopia
1415 823 1604 877 natisque
1633 823 1732 875 suis,

255 879 436 919 detonsis
459 879 617 934 capillis
646 880 873 920 monastica
906 879 1043 921 induit
1073 881 1315 920 vestimenta
1352 880 1501 934 quinto
1534 879 1624 920 idus
1658 880 1733 919 Iu-

252 936 326 975 lias
354 943 490 976 sextae
520 936 778 990 indictionis,
815 936 919 976 feria
960 937 1152 978 secunda.
1224 942 1394 990 postera
1427 940 1526 976 vero
1559 936 1625 976 die
1655 951 1729 976 co-

252 999 424 1032 ronatus
457 1008 479 1032 a
510 991 750 1057 Nicephoro
767 970 1063 1047 ''patriai-cha
1053 1009 1093 1032 ιη
1124 993 1303 1033 ambone
1332 993 1502 1032 maioris
1533 992 1728 1033 ecclesiae

250 1049 380 1102 urbis,
411 1049 628 1103 praecepit
670 1049 875 1090 custodiri
919 1050 1098 1090 viriliter
1127 1063 1271 1089 muros
1300 1048 1366 1089 die
1396 1063 1445 1088 ac
1476 1055 1611 1099 nocte,
1642 1049 1730 1102 ipse

250 1119 329 1159 per
354 1119 396 1145 se
425 1105 672 1146 circumiens
713 1111 756 1147 et
787 1106 966 1147 excitans
1000 1112 1201 1156 cunctos,
1233 1119 1281 1145 ac
1311 1105 1470 1145 bonam
1501 1105 1588 1159 spei
1619 1105 1732 1145 fidu-

249 1161 357 1202 ciam
385 1162 542 1202 haben,-
571 1176 863 1227 commonens,
907 1177 958 1203 eo
990 1162 1105 1218 quod
1132 1161 1231 1202 deus
1265 1161 1461 1202 celeriter
1488 1162 1602 1202 foret
1632 1162 1730 1201 ino-

248 1217 393 1271 pinate
419 1219 606 1259 facturus
626 1233 705 1273 per
729 1219 1042 1260 intercessiones
1063 1220 1337 1260 intemeratae
1366 1217 1430 1258 dei
1453 1218 1663 1272 genitricis
1685 1224 1728 1258 et

113 1279 236 1326 p-785
251 1276 437 1315 omnium
467 1281 722 1326 sanctorum,
756 1291 830 1316 nec
859 1276 1032 1315 omnino
1064 1275 1264 1316 confundi
1301 1290 1374 1315 nos
1404 1282 1507 1315 esset
1533 1289 1728 1329 passurus

251 1332 306 1371 ob
335 1331 646 1373 multitudinem
675 1333 894 1386 culparum
927 1338 1182 1372 nostrarum.
1242 1332 1400 1372 interea
1433 1346 1563 1371 novus
1591 1333 1726 1371 Sena-

250 1387 426 1440 cherib,⁴
444 1389 650 1429 Crumnus
681 1389 888 1441 videlieet,
920 1388 1120 1429 derelicto
1144 1390 1324 1443 proprio
1354 1390 1486 1428 fratre
1515 1403 1608 1427 cum
1640 1389 1727 1427 vir-

248 1450 341 1484 tute
373 1459 447 1485 sua
476 1445 529 1485 ad
561 1446 891 1500 impugnandum
923 1445 1266 1500 Adriauopolim,
1314 1452 1412 1499 post
1440 1459 1506 1484 sex
1536 1443 1619 1484 dies
1650 1444 1729 1483 im-

247 1501 356 1555 perii
385 1502 534 1542 Leonis
573 1503 867 1556 superveniens
909 1502 950 1542 in
982 1502 1140 1543 viribus
1173 1508 1215 1542 ct
1246 1502 1360 1556 equis
1389 1501 1546 1555 regiam
1577 1501 1727 1541 urbem

246 1557 412 1611 girabat
441 1558 551 1598 iuxta
595 1573 738 1598 muros
779 1575 802 1598 a
831 1559 1068 1598 Blachernis
1097 1573 1228 1613 usque
1259 1559 1310 1597 ad
1342 1572 1511 1597 auream
1542 1564 1727 1611 portam,

248 1614 466 1654 ostendens
498 1615 699 1655 virtutem
730 1630 859 1666 suam,
891 1621 932 1655 ct
965 1616 1177 1656 celebrato
1208 1614 1373 1668 polluto
1404 1628 1452 1653 ac
1483 1613 1727 1654 daemonico

246 1671 452 1711 sacrificio
486 1671 525 1711 in
559 1677 684 1725 prato
721 1686 843 1726 penes
874 1687 991 1712 male
1019 1672 1097 1710 sito
1124 1671 1352 1726 postulavit
1385 1671 1436 1711 ab
1468 1686 1617 1724 imper
1607 1675 1728 1710 1t01e

248 1732 295 1766 ut
315 1727 462 1781 figeret
481 1727 704 1767 lanceam
694 1743 734 1767 in
755 1727 927 1768 eandem
948 1743 1116 1768 auream
1131 1734 1320 1781 portam;
1356 1742 1441 1781 quo
1464 1726 1503 1766 id
1525 1727 1618 1767 fieri
1640 1741 1723 1766 non

247 1785 517 1838 permittente
549 1798 737 1824 reversus
764 1790 824 1825 est
851 1785 902 1824 ad
927 1784 1243 1824 tabernaculum
1271 1798 1403 1822 suum.
1462 1797 1558 1822 cum
1589 1790 1728 1823 autem

248 1840 475 1880 admiratus
513 1841 654 1880 fuisset
683 1855 823 1880 muros
856 1840 970 1881 urbis
1013 1846 1055 1881 et
1083 1841 1193 1881 bene
1224 1840 1460 1879 ordinatam
1492 1840 1730 1892 imperato..

248 1897 303 1937 ris
336 1897 480 1947 aciem,
512 1904 552 1938 et
581 1911 707 1950 super
738 1897 968 1949 obsidione,
999 1912 1124 1951 quam
1153 1897 1365 1950 sperabat,
1397 1895 1637 1949 desperatus
1665 1897 1730 1936 ef-

246 1954 378 1993 fectus
408 1959 523 2004 esset,
556 1953 608 1993 ad
635 1954 934 1994 conventiones
963 1954 1246 2000 convertitur,
1281 1960 1321 1992 et
1341 1959 1436 1992 ante
1465 1966 1610 2005 pacem
1632 1959 1729 1992 ten-

248 2009 403 2049 tatoria
435 2011 562 2050 verba
592 2010 781 2050 faciebat.
856 2017 917 2050 ast
942 2010 1176 2064 imperator
1206 2015 1378 2063 accepta
1406 2009 1625 2049 occasione
1653 2023 1728 2048 co-

248 2071 367 2106 natus
400 2072 459 2106 est
487 2066 586 2106 huic
616 2066 828 2116 insidiari,
869 2066 938 2106 sed
969 2081 990 2105 a
1033 2065 1303 2106 multitudine
1344 2071 1617 2129 peccatorum
1647 2079 1727 2103 no-

247 2128 436 2163 strorum
465 2122 587 2163 hoc
578 2138 619 2162 m
642 2124 766 2163 finem
796 2123 1032 2177 perducere
1060 2123 1298 2177 prohibitus
1330 2117 1407 2172 est,
1432 2121 1728 2161 administran-

250 2180 355 2220 tium
384 2179 672 2220 huiuscemodi
702 2180 762 2219 rei
794 2179 1043 2231 rusticitate,
1073 2180 1225 2219 vulnei
1227 2179 1383 2218 antium
1402 2178 1571 2234 quidem
1598 2177 1728 2229 bunc,

249 2236 472 2276 mortalem
501 2241 638 2276 tamen
683 2251 766 2276 non
799 2235 1067 2276 inferentium
1107 2236 1287 2290 plagam.
1346 2249 1473 2289 super
1503 2235 1584 2274 hoc
1618 2234 1729 2274 insa..

117 2293 364 2344 p-786niens
393 2293 686 2347 nequissimuS,
731 2293 851 2332 misso
895 2307 1020 2332 cursu
1052 2292 1103 2331 ad
1130 2294 1170 2332 S.
1193 2294 1385 2343 Mamam‚
1413 2291 1615 2345 palatium
1646 2290 1735 2329 illic

248 2348 440 2390 habitum
470 2349 666 2399 incendit,
693 2355 736 2389 et
763 2363 886 2389 aerco
913 2350 1054 2388 Leone
1075 2348 1374 2403 Ilippodiomii
1408 2363 1487 2388 una
1518 2362 1611 2387 cum
1635 2360 1732 2386 ursa

249 2412 294 2447 et
319 2405 577 2446 dracunculo
610 2406 719 2446 lacus
750 2421 798 2445 ac
828 2406 1107 2445 marmoribus
1140 2405 1278 2445 electis
1298 2407 1337 2444 in
1367 2406 1554 2459 plaustra
1584 2404 1725 2458 impo-

249 2462 333 2515 sito
365 2477 554 2506 reversus
585 2469 658 2515 est,
690 2469 731 2504 et
767 2463 973 2503 obsessam
1001 2462 1353 2517 Hadrianopolim
1387 2461 1514 2516 cepit.

816 2670 887 2681 -ae-c»
895 2674 1150 2680 ->---————*-———-
