1768 3268
282 633 738 681 TESTIMONIA
790 635 883 680 DE
940 634 1343 682 ANASTASIO

497 764 1117 810 BIBLIOTHECARIO.

119 991 165 1031 S.
194 987 404 1032 Anseltnus
431 991 617 1033 Lucensis
639 991 744 1033 libro
770 991 796 1032 2
822 999 960 1033 contra
994 990 1225 1032 Guibercum
1251 994 1500 1049 antipapam.
1535 997 1541 1001 ’

87 1109 344 1167 Anastasius
358 1125 404 1167 S.
436 1126 635 1167 ecclesiae
649 1127 864 1167 Romanae
884 1125 1227 1167 bibliothecarius
1258 1126 1300 1166 in
1329 1126 1543 1178 chronica,

71 1197 199 1239 quam
228 1183 282 1224 de
312 1185 476 1223 Graeco
508 1183 550 1222 in
575 1183 769 1223 Latinum
807 1197 1042 1224 sermonem
1070 1183 1298 1235 transtulit,
1331 1199 1544 1239 quamque

70 1253 119 1279 ex
150 1238 432 1280 vetustissimis
476 1238 686 1279 chronicis
719 1241 980 1280 Graecorum
1010 1239 1342 1293 compilaverunt
1371 1241 1543 1296 quidam

70 1296 223 1338 Graeci
256 1296 321 1336 dei
350 1295 560 1346 cultores,
598 1295 876 1350 Theophanes
917 1296 1073 1337 scilicet
1116 1301 1159 1336 et
1187 1297 1407 1352 Georgius,
1438 1312 1544 1352 qnos

70 1351 179 1393 idem
209 1353 250 1392 in
280 1350 462 1392 eiusdem
493 1351 593 1391 libri
634 1352 899 1406 praefatione
939 1352 1054 1394 miris
1085 1352 1275 1393 laudibus
1305 1353 1472 1404 attollit,
1501 1354 1543 1393 in

68 1407 214 1450 eadem
242 1407 413 1464 inquam
444 1406 644 1449 chronica
674 1407 726 1449 de
755 1410 933 1464 imperio
954 1409 1152 1451 Anastasii
1184 1411 1242 1451 sic
1260 1409 1373 1451 inter
1402 1415 1543 1452 cetera

67 1465 229 1507 scribit.

68 1583 186 1624 Haec
213 1582 408 1624 habentur·
446 1584 492 1623 in
522 1583 609 1623 vita
638 1581 807 1624 Ioannis
837 1581 990 1637 VIII,
1018 1599 1122 1640 quae
1148 1585 1336 1625 inseritur
1365 1585 1540 1627 Anasta-

260 1657 344 1707 sio,
369 1665 463 1713 post
494 1657 620 1697 vitam
660 1655 847 1697 Adriani
871 1655 947 1708 II,
982 1657 1026 1697 in
1054 1657 1172 1711 Regio
1198 1658 1343 1698 codice.

177 1753 225 1793 ln
258 1753 437 1793 Galliam
483 1752 704 1792 transitum
751 1752 906 1793 faciens
944 1767 1053 1793 anno
1092 1753 1249 1794 incarn.
1279 1755 1408 1794 Dom.
1443 1753 1539 1806 879,

69 1808 120 1850 15
149 1809 230 1850 kal.
260 1810 501 1864 Septemb„
532 1808 675 1849 indict.
713 1808 777 1858 11,
807 1823 918 1849 anno
946 1810 1215 1864 pontificatus
1241 1811 1304 1850 sui
1335 1811 1374 1850 in
1397 1826 1539 1851 sacra-

63 1866 218 1907 tissima
245 1866 341 1907 sede
370 1867 414 1906 B.
444 1866 562 1907 Petri
605 1865 781 1920 apostoli
809 1863 850 1917 6,
893 1866 1005 1921 apud
1034 1867 1201 1918 Trecas‚
1231 1866 1270 1906 iu
1303 1869 1539 1921 praesentia

64 1923 226 1964 domini
245 1922 475 1975 Ludovici‚
508 1922 766 1963 Serenissimi
806 1923 936 1977 regis,
982 1923 1207 1963 concilium
1236 1924 1540 1978 permaximum

62 1979 306 2020 celebravit..
378 1979 500 2019 huius
539 1978 665 2019 etiam
706 1979 972 2033 temporibus
1007 1979 1154 2019 floruit
1184 1981 1419 2021 Anastasius
1448 1983 1539 2021 Ro-

61 2051 210 2077 manae
237 2036 435 2077 ecclesiae
478 2035 836 2087 bibliothecarius,
881 2036 952 2091 qui
985 2042 1070 2076 tam
1102 2038 1268 2077 Graeco
1301 2051 1425 2091 quam
1457 2039 1539 2076 La..

63 2093 152 2132 tino
178 2092 348 2149 eloquio
364 2093 524 2148 pollens
552 2092 771 2146 septimam
786 2092 1060 2133 universalem
1075 2093 1280 2148 synodum
1300 2094 1351 2134 de
1371 2095 1538 2134 Graeco

62 2151 103 2190 in
135 2150 353 2200 Latinum,
396 2150 487 2204 ipso
517 2148 688 2189 iubente
726 2149 951 2189 transtulit.
1027 2150 1241 2190 transtulit
1282 2149 1334 2191 de
1373 2152 1539 2191 Graeco

61 2207 184 2247 etiam
215 2206 257 2246 in
288 2207 483 2247 Latinum
518 2204 772 2246 lerarchiam
804 2205 996 2261 Dionysii
1034 2205 1317 2262 Ariopagitae,
1349 2206 1536 2247 Athena-

61 2278 158 2303 rum
188 2262 387 2317 episcopi,
415 2262 613 2316 scriptam
645 2261 696 2302 ad
726 2262 996 2303 Timotheum
1026 2263 1271 2318 episcopum
1301 2264 1468 2318 Ephesi,
1497 2270 1539 2304 et

60 2319 213 2360 direxit
243 2320 406 2360 Karolo
448 2318 714 2373 imperatori.
785 2319 998 2359 transtulit
1043 2320 1168 2360 etiam
1207 2319 1260 2361 de
1300 2322 1464 2360 Graeco
1498 2321 1538 2359 in

60 2376 253 2415 Latinum
282 2376 514 2430 passionem
531 2376 572 2419 S.
603 2376 718 2415 Petri
739 2375 1004 2416 Alexandrini
1035 2375 1354 2431 archiepiscopi,
1386 2383 1426 2416 et
1446 2391 1539 2430 pas-

62 2433 219 2472 sionem
257 2433 300 2472 S.
333 2433 472 2473 Acacii
517 2432 818 2488 sociorumque
864 2432 977 2483 eius,
1006 2438 1049 2475 et
1079 2434 1207 2474 vitam
1237 2434 1404 2474 loannis
1434 2433 1539 2474 clee-

67 2503 310 2545 mosynarn.
