1794 3250
258 182 357 234 254
461 191 741 236 ANASTAsu
783 192 1045 237 11¹s'rORlA
1083 191 1497 236 Ecci,Fs1As'r1(:A

259 310 434 363 fingeret
471 307 586 363 quod
625 309 850 349 exercitum
893 316 1062 349 motura
1105 315 1206 349 esset
1235 309 1275 347 in
1306 306 1539 347 Orientales
1568 311 1721 360 partes,

260 381 310 406 eo
342 363 457 419 quod
485 365 639 405 Arabes
670 366 837 405 fuissent
879 364 1060 420 egressi,
1095 367 1191 405 exiit
1221 364 1351 404 omnis
1383 364 1519 418 regius
1546 377 1726 417 appara-

259 428 323 462 tus
352 428 480 476 atque
511 421 736 475 'suppellex
787 436 916 476 usque
956 422 1008 461 ad
1052 422 1276 476 Malagma3
1322 426 1363 461 et
1393 420 1651 460 introeuntes
1681 419 1724 458 hi

260 477 333 534 qui
363 478 620 519 exteriorum
662 478 889 518 thematum
929 485 1050 518 erant
1080 483 1309 518 tenuerunt
1339 476 1499 517 urbem.
1561 477 1726 516 mittens

261 541 400 575 autem
443 535 496 575 ad
535 535 624 574 illos
663 535 865 589 significat
905 534 960 574 eis
994 535 1133 574 dicens
1171 533 1352 574 “mittite
1377 532 1480 573 mihi
1509 546 1624 573 arma
1657 546 1728 572 ve·

261 597 367 631 stra:
401 605 505 646 opus
534 591 645 631 enim
679 591 796 631 vobis
836 590 1010 630 habeo.''
1082 596 1124 631 at
1161 589 1219 630 illi
1255 589 1369 629 stulti
1401 590 1598 630 divinitus
1629 588 1727 628 facti

264 647 472 689 dederunt
500 662 561 687 ea.
618 653 718 688 tunc
747 647 872 700 missis
904 646 1065 686 familiis
1092 660 1238 687 eorum
1269 648 1308 686 in
1340 661 1459 687 naves
1490 645 1623 686 exules
1659 659 1728 684 eos

263 703 399 746 emisit
429 704 481 743 ah
512 704 642 754 urhe,
672 705 713 743 in
764 703 982 758 propriam
1014 703 1228 758 regionem
1267 717 1397 743 unum
1428 715 1637 757 quemque
1665 702 1730 740 iu-

263 761 363 801 bens
402 760 541 811 abire,
584 760 625 800 in
660 775 742 815 qua
775 767 816 800 et
851 760 1011 814 genitus
1049 765 1162 800 esset.
1230 766 1273 800 et
1302 774 1396 799 cum
1425 759 1585 799 fecisset
1613 771 1732 798 exer-

264 818 396 857 citum
422 817 647 871 proprium
672 822 715 857 et
746 817 955 871 principes
983 817 1057 856 sibi
1094 817 1442 870 obtemperantes,
1474 817 1560 869 ipsa
1594 828 1732 854 mense

263 873 374 914 Maio
408 874 561 913 iterum
599 873 764 913 mittens
803 888 881 926 per
915 887 1080 912 omnem
1122 873 1259 912 locum
1289 872 1539 913 convocavit
1567 871 1732 925 episco-

263 944 353 984 pm,
384 944 469 984 quo
499 929 691 970 venirent
720 929 761 969 in
787 929 1070 970 Nicaeensium
1107 929 1318 969 civitatem
1341 929 1561 984 Bithyniae
1592 927 1643 967 ad
1672 928 1734 967 ef·-

265 986 488 1026 ficiendum
535 986 618 1026 illic
666 985 905 1026 concilium.
975 992 1016 1026 et
1048 1000 1128 1039 per
1171 993 1307 1026 totum
1344 985 1543 1025 aestivum
1571 990 1733 1038 tempus

265 1042 508 1097 congregati
538 1047 633 1082 sunt
663 1056 806 1082 omnes
848 1041 959 1096 apud
989 1041 1203 1092 Nicaeam,
1245 1041 1450 1096 siquidem
1483 1054 1552 1080 eos
1583 1041 1654 1096 qui
1687 1054 1735 1079 ex

264 1099 478 1139 Romanae
508 1098 613 1138 sedis
644 1105 685 1138 ct
715 1098 993 1138 Orientalium
1030 1112 1209 1151 persona
1254 1104 1456 1139 venerant
1485 1111 1569 1137 non
1611 1095 1737 1136 dimi-

265 1161 391 1206 serat,
419 1155 490 1195 sed
513 1159 696 1194 retentos
721 1168 859 1194 secum
885 1154 1077 1197 habebat,

381 1213 499 1251 Anno
543 1210 708 1265 imperii
741 1210 945 1250 Heirenae
975 1216 1017 1250 et
1055 1208 1316 1250 Constantini
1348 1214 1498 1249 octavo
1530 1209 1628 1250 exiit
1654 1209 1738 1248 Ta-

268 1267 397 1309 rasius
423 1267 698 1308 sanctissimus
745 1266 1081 1320 archiepiscopus
1121 1266 1542 1320 Constantinopoleos
1585 1266 1624 1305 in
1665 1266 1740 1305 Ni-

141 1330 254 1379 p.717
269 1325 451 1365 censium
481 1324 716 1372 civitatem,
762 1329 804 1363 et
833 1325 1042 1364 celebrata
1073 1330 1135 1363 est
1163 1329 1305 1362 sancta
1336 1329 1378 1362 et
1408 1322 1646 1362 universalis
1677 1336 1741 1361 se·

269 1381 401 1437 ptima
431 1380 612 1436 synodus
640 1380 951 1434 episcoporum,
981 1385 1023 1420 et
1043 1380 1204 1432 recepit
1224 1377 1428 1419 catholica
1450 1378 1620 1419 ecclesia
1649 1377 1741 1432 pri-

269 1452 384 1477 scum
417 1443 717 1477 ornamentum
746 1450 880 1487 suum,
911 1436 967 1476 nil
1001 1451 1156 1475 novum
1187 1435 1444 1489 praedicans,
1473 1435 1544 1476 sed
1573 1440 1743 1474 sancto-

273 1509 367 1534 rum
400 1499 442 1533 ct
481 1493 705 1532 beatorum
747 1498 918 1546 patrum
958 1493 1152 1546 dogmata
1194 1493 1363 1532 immota
1405 1491 1669 1542 custodiens,
1704 1495 1745 1530 et

273 1565 423 1590 novam
451 1549 655 1590 haeresim
683 1548 891 1599 abdicans,
923 1555 1088 1603 tresque
1114 1549 1230 1587 falsos
1253 1549 1488 1588 nominatos
1511 1546 1746 1602 patrirchas

275 1605 655 1656 anathematizans,
691 1605 949 1645 Anastasium
979 1605 1173 1645 videlicet
1205 1605 1521 1644 Constantinum
1551 1610 1593 1645 et
1621 1605 1747 1645 Nice-

276 1670 375 1711 tam,
403 1667 529 1716 atque
555 1676 697 1702 omnes
724 1668 1023 1702 consentaneos
1046 1677 1208 1701 eorum.
1266 1662 1375 1701 facta
1406 1668 1465 1701 est
1487 1667 1626 1701 autem
1653 1660 1749 1714 pri-

275 1735 342 1759 ma
376 1718 599 1758 conventio
628 1733 678 1758 ac
705 1718 826 1758 sessio
858 1717 1155 1772 episcoporum
1202 1718 1241 1757 in
1273 1717 1441 1757 ecclesia
1470 1717 1675 1757 catholica
1707 1715 1747 1755 S.

276 1775 462 1828 Sophiae
492 1774 695 1814 Nicaenae
731 1773 906 1814 civitatis
952 1774 1100 1829 quinto
1137 1774 1224 1814 idus
1256 1774 1482 1814 Octobrias
1511 1772 1749 1813 indictionis

276 1831 535 1872 undecimae.
594 1837 636 1871 et
658 1831 911 1870 Novembrio
930 1845 1071 1871 mense
1101 1830 1271 1885 ingressi
1292 1835 1390 1870 sunt
1419 1844 1561 1870 omnes
1593 1829 1750 1883 regiam

277 1888 450 1937 urbem,
482 1892 524 1927 et
561 1886 893 1941 praesidentibus
936 1887 1263 1941 imperatoribus
1303 1901 1386 1927 una
1415 1901 1508 1926 cum
1544 1884 1750 1940 episcopis

278 1945 320 1984 in
354 1946 582 1998 Magnaura
612 1943 740 1983 lectus
772 1949 831 1983 est
861 1949 1021 1994 tomus,
1054 1948 1096 1982 et
1127 1942 1372 1997 subscripsit
1402 1948 1485 1982 tam
1519 1942 1753 1996 imperator

277 2016 403 2056 quam
435 2006 570 2040 mater
603 1999 701 2049 eim,
737 2000 946 2040 firmantes
975 2000 1174 2054 pietatem
1192 1998 1418 2039 secundum
1458 1998 1630 2053 antiqua
1672 1996 1753 2036 do-

276 2063 429 2112 gmata,
466 2070 596 2109 opera
631 2056 892 2096 sacerdotum
923 2056 1091 2106 honori,
1122 2064 1163 2096 et
1194 2056 1440 2096 dimiserunt
1467 2069 1550 2105 eos,
1581 2061 1622 2095 et
1651 2067 1754 2108 pace

277 2114 414 2168 potita
447 2118 508 2152 est
539 2111 707 2152 ecclesia
743 2112 821 2162 dei,
853 2127 1104 2167 quamquam
1124 2112 1314 2152 inimicus
1343 2112 1496 2151 zizania
1527 2111 1568 2151 in
1599 2124 1754 2164 opera-

279 2169 464 2210 tionibus
504 2169 584 2208 suis
612 2168 816 2209 seminare
862 2183 944 2208 non
993 2175 1137 2209 cesset.
1193 2168 1261 2209 sed
1292 2168 1463 2209 ecclesia
1494 2167 1560 2208 dci
1591 2179 1756 2220 semper

282 2226 525 2280 impugnata
550 2224 799 2278 triumphat.

394 2294 515 2332 Anno
545 2291 711 2346 imperii
744 2292 806 2331 sui
837 2305 950 2331 nono
981 2292 1162 2332 Heirene
1202 2292 1458 2346 imperatrix,
1487 2305 1592 2345 pace
1623 2289 1759 2330 soluta

98 2356 223 2405 pss718
248 2348 466 2389 3saciendi
495 2362 592 2388 cum
620 2347 792 2388 Francis
823 2349 1025 2403 nuptiales
1058 2355 1298 2388 contractus
1316 2380 1327 2400 ‚
1360 2348 1512 2388 direxit
1530 2345 1758 2401 Theopha-

284 2421 379 2445 nem
409 2404 798 2460 protospatharium
827 2411 869 2444 et
896 2405 1068 2445 abduxit
1100 2405 1278 2459 puellam
1310 2420 1357 2445 ex
1392 2402 1647 2444 Armeniacis
1677 2415 1757 2440 no-

285 2462 398 2502 mine
428 2462 606 2502 Mariam
638 2461 690 2500 ab
721 2460 884 2511 Amnia,
915 2468 956 2500 et
987 2462 1118 2501 iunxit
1156 2477 1246 2501 eam
1277 2461 1550 2502 Constantino
1580 2460 1760 2513 impera-

285 2519 373 2559 tori
402 2525 444 2560 et
474 2518 559 2558 filio
590 2531 680 2568 suo,
710 2531 807 2556 cum
837 2516 922 2570 ipse
941 2519 1119 2557 multum
1139 2519 1381 2558 tristaretur
1410 2523 1453 2558 et
1479 2516 1624 2567 nollet,
1653 2527 1760 2569 pro-

287 2581 384 2629 pter
414 2574 610 2615 affectum
651 2586 737 2628 quo
769 2587 866 2628 erga
897 2572 1038 2613 Caroli
1080 2574 1206 2613 filiam
1245 2576 1511 2614 Francorum
1543 2573 1651 2627 regis
1683 2570 1761 2610 ssa-

288 2632 449 2686 grabat,
485 2645 610 2686 quam
647 2629 804 2670 scilicet
832 2636 951 2669 antea
984 2630 1318 2684 desponsaverat.
1379 2636 1422 2671 et
1448 2640 1764 2670 consummave-

289 2693 389 2726 runt
420 2687 584 2741 nuptias
612 2687 698 2727 eius
735 2699 872 2725 mense
899 2687 1155 2726 Novembrio
1200 2687 1432 2727 indictionis
1473 2684 1760 2726 duodecimae.

290 2744 448 2784 interea
479 2743 659 2784 Heirene
687 2742 798 2784 misit.
824 2742 1022 2784 Ioannem
1055 2743 1324 2783 Sacellarium
1356 2750 1398 2784 et
1426 2741 1684 2797 logothetam
1718 2738 1761 2777 in

290 2799 655 2854 Langobardiam,
704 2814 785 2839 una
827 2812 924 2839 cum
972 2798 1197 2839 Theodoto
1247 2799 1404 2840 dudum
1448 2813 1546 2854 rege
1591 2794 1760 2837 maioris
