<?xml version="1.0" encoding="UTF-8"?>
<!DOCTYPE html PUBLIC "-//W3C//DTD XHTML 1.0 Transitional//EN"
    "http://www.w3.org/TR/xhtml1/DTD/xhtml1-transitional.dtd">
<html xmlns="http://www.w3.org/1999/xhtml" xml:lang="en" lang="en">
 <head>
  <title>
</title>
<meta http-equiv="Content-Type" content="text/html;charset=utf-8" />
  <meta name='ocr-system' content='tesseract 3.04.00' />
  <meta name='ocr-capabilities' content='ocr_page ocr_carea ocr_par ocr_line ocrx_word'/>
</head>
<body>
  <div class='ocr_page' id='page_1' title='image "./corpusscriptorum47niebuoft_0627.png"; bbox 0 0 1728 3184; ppageno 0'>
   <div class='ocr_carea' id='block_1_1' title="bbox 453 166 1482 217">
    <p class='ocr_par' dir='ltr' id='par_1_1' title="bbox 453 166 1482 217">
     <span class='ocr_line' id='line_1_1' title="bbox 453 166 1482 217; baseline 0.009 -9"><span class='ocrx_word' id='word_1_1' title='bbox 453 166 640 209; x_wconf 75' lang='lat' dir='ltr'>NOTAE</span> <span class='ocrx_word' id='word_1_2' title='bbox 682 170 1062 216; x_wconf 75' lang='lat' dir='ltr'>POSTERIORES.</span> <span class='ocrx_word' id='word_1_3' title='bbox 1386 168 1444 216; x_wconf 83' lang='lat'>61</span> <span class='ocrx_word' id='word_1_4' title='bbox 1453 172 1482 217; x_wconf 91' lang='grc'>7</span> 
     </span>
    </p>
   </div>
   <div class='ocr_carea' id='block_1_2' title="bbox 35 278 1486 401">
    <p class='ocr_par' dir='ltr' id='par_1_2' title="bbox 35 278 1486 401">
     <span class='ocr_line' id='line_1_2' title="bbox 36 278 1485 339; baseline 0.008 -21"><span class='ocrx_word' id='word_1_5' title='bbox 36 296 120 339; x_wconf 80' lang='lat' dir='ltr'>que</span> <span class='ocrx_word' id='word_1_6' title='bbox 153 294 208 323; x_wconf 73' lang='lat' dir='ltr'>eo</span> <span class='ocrx_word' id='word_1_7' title='bbox 234 283 279 332; x_wconf 72' lang='lat' dir='ltr'>et</span> <span class='ocrx_word' id='word_1_8' title='bbox 306 279 432 321; x_wconf 81' lang='lat' dir='ltr'>Barb.</span> <span class='ocrx_word' id='word_1_9' title='bbox 463 278 673 335; x_wconf 69' lang='grc' dir='ltr'><strong><em>Εὐρώπην</em></strong></span> <span class='ocrx_word' id='word_1_10' title='bbox 710 279 748 324; x_wconf 76' lang='grc' dir='ltr'>οἱ</span> <span class='ocrx_word' id='word_1_11' title='bbox 773 281 981 339; x_wconf 76' lang='grc' dir='ltr'><strong><em>Ἀβάρεις.</em></strong></span> <span class='ocrx_word' id='word_1_12' title='bbox 1037 295 1131 329; x_wconf 84' lang='lat' dir='ltr'>sunt</span> <span class='ocrx_word' id='word_1_13' title='bbox 1161 294 1275 330; x_wconf 77' lang='lat' dir='ltr'>certe</span> <span class='ocrx_word' id='word_1_14' title='bbox 1301 288 1345 329; x_wconf 85' lang='lat' dir='ltr'>hi</span> <span class='ocrx_word' id='word_1_15' title='bbox 1374 289 1485 331; x_wconf 72' lang='lat' dir='ltr'>inter</span> 
     </span>
     <span class='ocr_line' id='line_1_3' title="bbox 35 335 1486 401; baseline 0.008 -29"><span class='ocrx_word' id='word_1_16' title='bbox 35 338 241 380; x_wconf 68' lang='lat' dir='ltr'>barbaros</span> <span class='ocrx_word' id='word_1_17' title='bbox 271 335 311 375; x_wconf 88' lang='lat' dir='ltr'>in</span> <span class='ocrx_word' id='word_1_18' title='bbox 338 336 570 377; x_wconf 54' lang='lat' dir='ltr'>Occidente</span> <span class='ocrx_word' id='word_1_19' title='bbox 592 353 672 392; x_wconf 86' lang='lat' dir='ltr'>per</span> <span class='ocrx_word' id='word_1_20' title='bbox 699 337 802 379; x_wconf 85' lang='lat' dir='ltr'>haec</span> <span class='ocrx_word' id='word_1_21' title='bbox 828 348 1016 395; x_wconf 83' lang='lat' dir='ltr'>tempora</span> <span class='ocrx_word' id='word_1_22' title='bbox 1048 346 1367 394; x_wconf 74' lang='lat' dir='ltr'>nominatissimi,</span> <span class='ocrx_word' id='word_1_23' title='bbox 1390 346 1486 401; x_wconf 85' lang='lat' dir='ltr'>qui·-</span> 
     </span>
    </p>
   </div>
   <div class='ocr_carea' id='block_1_3' title="bbox 36 393 1486 502">
    <p class='ocr_par' dir='ltr' id='par_1_3' title="bbox 36 393 1486 502">
     <span class='ocr_line' id='line_1_4' title="bbox 71 393 1486 447; baseline 0.004 -9"><span class='ocrx_word' id='word_1_24' title='bbox 71 409 123 435; x_wconf 79' lang='lat' dir='ltr'>ue</span> <span class='ocrx_word' id='word_1_25' title='bbox 153 407 242 434; x_wconf 80' lang='lat' dir='ltr'>rem</span> <span class='ocrx_word' id='word_1_26' title='bbox 270 393 387 432; x_wconf 78' lang='lat' dir='ltr'>Rom·</span> <span class='ocrx_word' id='word_1_27' title='bbox 420 393 595 447; x_wconf 81' lang='lat' dir='ltr'>perinde</span> <span class='ocrx_word' id='word_1_28' title='bbox 623 409 672 434; x_wconf 88' lang='lat' dir='ltr'>ac</span> <span class='ocrx_word' id='word_1_29' title='bbox 686 395 835 437; x_wconf 80' lang='lat' dir='ltr'><strong>Persae</strong></span> <span class='ocrx_word' id='word_1_30' title='bbox 873 397 915 436; x_wconf 89' lang='lat' dir='ltr'>in</span> <span class='ocrx_word' id='word_1_31' title='bbox 937 400 1111 442; x_wconf 76' lang='lat' dir='ltr'>Oriente</span> <span class='ocrx_word' id='word_1_32' title='bbox 1136 402 1486 444; x_wconf 79' lang='lat' dir='ltr'>labefactaverint.</span> 
     </span>
     <span class='ocr_line' id='line_1_5' title="bbox 36 445 677 502; baseline -0.005 -10"><span class='ocrx_word' id='word_1_33' title='bbox 36 451 111 492; x_wconf 78' lang='grc' dir='ltr'><strong><em>επὶ</em></strong></span> <span class='ocrx_word' id='word_1_34' title='bbox 139 449 216 502; x_wconf 75' lang='grc' dir='ltr'>τῆς</span> <span class='ocrx_word' id='word_1_35' title='bbox 238 445 392 489; x_wconf 74' lang='grc' dir='ltr'><strong><em>τούτου</em></strong></span> <span class='ocrx_word' id='word_1_36' title='bbox 419 448 677 500; x_wconf 76' lang='grc' dir='ltr'><strong><em>τυραννίδος.</em></strong></span> 
     </span>
    </p>
   </div>
   <div class='ocr_carea' id='block_1_4' title="bbox 145 517 1101 584">
    <p class='ocr_par' dir='ltr' id='par_1_4' title="bbox 145 517 1101 584">
     <span class='ocr_line' id='line_1_6' title="bbox 145 517 1101 584; baseline 0.01 -26"><span class='ocrx_word' id='word_1_37' title='bbox 145 519 245 571; x_wconf 75' lang='grc'><strong>463,</strong></span> <span class='ocrx_word' id='word_1_38' title='bbox 273 519 314 564; x_wconf 90' lang='lat'>7.</span> <span class='ocrx_word' id='word_1_39' title='bbox 362 517 613 573; x_wconf 78' lang='grc' dir='ltr'><strong><em>Ἡράκλειος</em></strong></span> <span class='ocrx_word' id='word_1_40' title='bbox 633 520 681 562; x_wconf 83' lang='grc' dir='ltr'>δὲ</span> <span class='ocrx_word' id='word_1_41' title='bbox 708 519 731 562; x_wconf 83' lang='grc' dir='ltr'>ὅ</span> <span class='ocrx_word' id='word_1_42' title='bbox 757 521 973 577; x_wconf 76' lang='grc' dir='ltr'><strong><em>βασιλεύς]</em></strong></span> <span class='ocrx_word' id='word_1_43' title='bbox 1000 527 1101 584; x_wconf 84' lang='lat' dir='ltr'>Reg.</span> 
     </span>
    </p>
   </div>
   <div class='ocr_carea' id='block_1_5' title="bbox 46 585 1488 700">
    <p class='ocr_par' dir='ltr' id='par_1_5' title="bbox 46 585 1488 700">
     <span class='ocr_line' id='line_1_7' title="bbox 150 585 1488 656; baseline 0.008 -28"><span class='ocrx_word' id='word_1_44' title='bbox 150 587 258 628; x_wconf 78' lang='lat' dir='ltr'><strong><em>Ibid.</em></strong></span> <span class='ocrx_word' id='word_1_45' title='bbox 291 585 356 627; x_wconf 86' lang='lat'>13.</span> <span class='ocrx_word' id='word_1_46' title='bbox 412 585 527 651; x_wconf 55' lang='lat' dir='ltr'>nami</span> <span class='ocrx_word' id='word_1_47' title='bbox 559 586 750 656; x_wconf 53' lang='grc' dir='ltr'><strong><em>ηιξπόρει]</em></strong></span> <span class='ocrx_word' id='word_1_48' title='bbox 778 592 836 632; x_wconf 89' lang='lat' dir='ltr'>sic</span> <span class='ocrx_word' id='word_1_49' title='bbox 868 594 1023 648; x_wconf 85' lang='lat' dir='ltr'>optime</span> <span class='ocrx_word' id='word_1_50' title='bbox 1041 594 1160 640; x_wconf 84' lang='lat' dir='ltr'>Cedr.</span> <span class='ocrx_word' id='word_1_51' title='bbox 1188 611 1236 637; x_wconf 88' lang='lat' dir='ltr'>ac</span> <span class='ocrx_word' id='word_1_52' title='bbox 1263 597 1384 654; x_wconf 79' lang='lat' dir='ltr'>Peyr.</span> <span class='ocrx_word' id='word_1_53' title='bbox 1412 613 1488 639; x_wconf 86' lang='lat' dir='ltr'>nec</span> 
     </span>
     <span class='ocr_line' id='line_1_8' title="bbox 46 643 747 700; baseline -0.001 -14"><span class='ocrx_word' id='word_1_54' title='bbox 46 644 238 700; x_wconf 74' lang='lat' dir='ltr'>displicet</span> <span class='ocrx_word' id='word_1_55' title='bbox 271 643 395 684; x_wconf 86' lang='lat' dir='ltr'>Barb.</span> <span class='ocrx_word' id='word_1_56' title='bbox 423 645 532 682; x_wconf 76' lang='grc' dir='ltr'><strong><em>καθο</em></strong></span> <span class='ocrx_word' id='word_1_57' title='bbox 565 646 747 696; x_wconf 81' lang='grc' dir='ltr'><strong><em>ευπόρει.</em></strong></span> 
     </span>
    </p>
   </div>
   <div class='ocr_carea' id='block_1_6' title="bbox 42 713 1505 1618">
    <p class='ocr_par' dir='ltr' id='par_1_6' title="bbox 42 713 1505 1618">
     <span class='ocr_line' id='line_1_9' title="bbox 154 713 1489 779; baseline 0.007 -22"><span class='ocrx_word' id='word_1_58' title='bbox 154 713 254 765; x_wconf 77' lang='grc'><strong>464,</strong></span> <span class='ocrx_word' id='word_1_59' title='bbox 285 716 324 756; x_wconf 89' lang='grc'>5.</span> <span class='ocrx_word' id='word_1_60' title='bbox 400 713 474 755; x_wconf 78' lang='grc' dir='ltr'>καὶ</span> <span class='ocrx_word' id='word_1_61' title='bbox 511 713 667 769; x_wconf 77' lang='grc' dir='ltr'><strong><em>ταύτην</em></strong></span> <span class='ocrx_word' id='word_1_62' title='bbox 712 719 949 771; x_wconf 78' lang='grc' dir='ltr'><em>παρέλαβον</em></span> <span class='ocrx_word' id='word_1_63' title='bbox 986 720 1184 777; x_wconf 78' lang='grc' dir='ltr'><strong><em>πολέμῳ]</em></strong></span> <span class='ocrx_word' id='word_1_64' title='bbox 1225 724 1323 779; x_wconf 79' lang='lat' dir='ltr'>Reg.</span> <span class='ocrx_word' id='word_1_65' title='bbox 1366 724 1489 766; x_wconf 88' lang='lat' dir='ltr'>habet</span> 
     </span>
     <span class='ocr_line' id='line_1_10' title="bbox 44 772 1488 834; baseline 0.003 -22"><span class='ocrx_word' id='word_1_66' title='bbox 44 774 184 813; x_wconf 79' lang='lat' dir='ltr'>Anast.</span> <span class='ocrx_word' id='word_1_67' title='bbox 217 778 403 828; x_wconf 76' lang='lat' dir='ltr'>utroque</span> <span class='ocrx_word' id='word_1_68' title='bbox 424 772 518 812; x_wconf 86' lang='lat' dir='ltr'>loco</span> <span class='ocrx_word' id='word_1_69' title='bbox 550 772 856 828; x_wconf 80' lang='lat' dir='ltr'>Carthaginem.-</span> <span class='ocrx_word' id='word_1_70' title='bbox 900 778 1022 816; x_wconf 83' lang='lat' dir='ltr'>etiam</span> <span class='ocrx_word' id='word_1_71' title='bbox 1056 779 1176 818; x_wconf 88' lang='lat' dir='ltr'>Cedr.</span> <span class='ocrx_word' id='word_1_72' title='bbox 1207 777 1280 831; x_wconf 76' lang='grc' dir='ltr'>τήν</span> <span class='ocrx_word' id='word_1_73' title='bbox 1311 781 1488 834; x_wconf 73' lang='grc' dir='ltr'><strong><em>Καρχη-</em></strong></span> 
     </span>
     <span class='ocr_line' id='line_1_11' title="bbox 43 827 1491 890; baseline 0.006 -22"><span class='ocrx_word' id='word_1_74' title='bbox 43 827 163 869; x_wconf 60' lang='lat' dir='ltr'>dora:</span> <span class='ocrx_word' id='word_1_75' title='bbox 195 835 244 869; x_wconf 86' lang='lat' dir='ltr'>ut</span> <span class='ocrx_word' id='word_1_76' title='bbox 290 834 457 882; x_wconf 84' lang='lat' dir='ltr'>excepta</span> <span class='ocrx_word' id='word_1_77' title='bbox 488 829 738 883; x_wconf 70' lang='lat' dir='ltr'>Carthagine</span> <span class='ocrx_word' id='word_1_78' title='bbox 780 832 976 887; x_wconf 82' lang='lat' dir='ltr'>reliquam</span> <span class='ocrx_word' id='word_1_79' title='bbox 1003 834 1151 874; x_wconf 81' lang='lat' dir='ltr'>Persae</span> <span class='ocrx_word' id='word_1_80' title='bbox 1178 835 1348 890; x_wconf 86' lang='lat' dir='ltr'>Libyam</span> <span class='ocrx_word' id='word_1_81' title='bbox 1373 838 1491 878; x_wconf 89' lang='lat' dir='ltr'>sube-</span> 
     </span>
     <span class='ocr_line' id='line_1_12' title="bbox 42 885 1491 946; baseline 0.004 -20"><span class='ocrx_word' id='word_1_82' title='bbox 42 885 195 940; x_wconf 76' lang='lat' dir='ltr'>gerint.</span> <span class='ocrx_word' id='word_1_83' title='bbox 250 885 374 925; x_wconf 82' lang='lat' dir='ltr'>etiam</span> <span class='ocrx_word' id='word_1_84' title='bbox 398 886 588 925; x_wconf 75' lang='lat' dir='ltr'>petavius</span> <span class='ocrx_word' id='word_1_85' title='bbox 619 888 773 927; x_wconf 86' lang='lat' dir='ltr'>adiecta</span> <span class='ocrx_word' id='word_1_86' title='bbox 813 889 864 928; x_wconf 85' lang='lat' dir='ltr'>ad</span> <span class='ocrx_word' id='word_1_87' title='bbox 894 890 1173 943; x_wconf 72' lang='lat' dir='ltr'>Nicephorum</span> <span class='ocrx_word' id='word_1_88' title='bbox 1208 891 1491 946; x_wconf 80' lang='lat' dir='ltr'>chronologia,</span> 
     </span>
     <span class='ocr_line' id='line_1_13' title="bbox 45 939 1494 1001; baseline 0.004 -19"><span class='ocrx_word' id='word_1_89' title='bbox 45 955 142 982; x_wconf 85' lang='lat' dir='ltr'>cum</span> <span class='ocrx_word' id='word_1_90' title='bbox 182 939 235 981; x_wconf 82' lang='lat' dir='ltr'>ad</span> <span class='ocrx_word' id='word_1_91' title='bbox 277 957 432 982; x_wconf 75' lang='lat' dir='ltr'>annum</span> <span class='ocrx_word' id='word_1_92' title='bbox 462 943 640 982; x_wconf 84' lang='lat' dir='ltr'>Heraclii</span> <span class='ocrx_word' id='word_1_93' title='bbox 687 942 713 983; x_wconf 82' lang='grc' dir='ltr'>ὃ</span> <span class='ocrx_word' id='word_1_94' title='bbox 756 944 918 984; x_wconf 81' lang='lat' dir='ltr'>dixisset</span> <span class='ocrx_word' id='word_1_95' title='bbox 946 945 996 985; x_wconf 90' lang='lat' dir='ltr'>de</span> <span class='ocrx_word' id='word_1_96' title='bbox 1037 946 1195 986; x_wconf 78' lang='lat' dir='ltr'>obsessa</span> <span class='ocrx_word' id='word_1_97' title='bbox 1224 948 1494 1001; x_wconf 71' lang='lat' dir='ltr'>Chalcedone,</span> 
     </span>
     <span class='ocr_line' id='line_1_14' title="bbox 45 997 1495 1058; baseline 0.002 -20"><span class='ocrx_word' id='word_1_98' title='bbox 45 998 108 1038; x_wconf 85' lang='lat' dir='ltr'>sui</span> <span class='ocrx_word' id='word_1_99' title='bbox 137 997 288 1038; x_wconf 81' lang='lat' dir='ltr'>oblitus</span> <span class='ocrx_word' id='word_1_100' title='bbox 316 999 502 1053; x_wconf 79' lang='lat' dir='ltr'>sequenti</span> <span class='ocrx_word' id='word_1_101' title='bbox 526 1001 663 1039; x_wconf 77' lang='lat' dir='ltr'>statim</span> <span class='ocrx_word' id='word_1_102' title='bbox 694 1014 800 1038; x_wconf 92' lang='lat' dir='ltr'>anno</span> <span class='ocrx_word' id='word_1_103' title='bbox 831 1001 883 1040; x_wconf 86' lang='lat' dir='ltr'>ita</span> <span class='ocrx_word' id='word_1_104' title='bbox 912 1002 1068 1051; x_wconf 77' lang='lat' dir='ltr'>scribit,</span> <span class='ocrx_word' id='word_1_105' title='bbox 1101 1003 1246 1044; x_wconf 79' lang='lat' dir='ltr'>Persae</span> <span class='ocrx_word' id='word_1_106' title='bbox 1278 1004 1495 1058; x_wconf 79' lang='lat' dir='ltr'>Carthagi..</span> 
     </span>
     <span class='ocr_line' id='line_1_15' title="bbox 44 1059 1493 1113; baseline 0.004 -19"><span class='ocrx_word' id='word_1_107' title='bbox 44 1069 137 1094; x_wconf 80' lang='lat' dir='ltr'>nem</span> <span class='ocrx_word' id='word_1_108' title='bbox 165 1064 418 1110; x_wconf 74' lang='lat' dir='ltr'>expugnant.</span> <span class='ocrx_word' id='word_1_109' title='bbox 497 1069 641 1094; x_wconf 80' lang='lat' dir='ltr'>verum</span> <span class='ocrx_word' id='word_1_110' title='bbox 680 1071 771 1096; x_wconf 88' lang='lat' dir='ltr'>cum</span> <span class='ocrx_word' id='word_1_111' title='bbox 810 1072 891 1096; x_wconf 88' lang='lat' dir='ltr'>non</span> <span class='ocrx_word' id='word_1_112' title='bbox 921 1059 1002 1097; x_wconf 84' lang='lat' dir='ltr'>sint</span> <span class='ocrx_word' id='word_1_113' title='bbox 1029 1059 1105 1098; x_wconf 81' lang='lat' dir='ltr'>alia</span> <span class='ocrx_word' id='word_1_114' title='bbox 1148 1074 1256 1113; x_wconf 89' lang='lat' dir='ltr'>quae</span> <span class='ocrx_word' id='word_1_115' title='bbox 1284 1066 1430 1100; x_wconf 84' lang='lat' dir='ltr'>narrat</span> <span class='ocrx_word' id='word_1_116' title='bbox 1451 1062 1493 1100; x_wconf 89' lang='lat' dir='ltr'>S.</span> 
     </span>
     <span class='ocr_line' id='line_1_16' title="bbox 46 1109 1496 1170; baseline 0.003 -20"><span class='ocrx_word' id='word_1_117' title='bbox 46 1109 304 1165; x_wconf 72' lang='lat' dir='ltr'>Nicephorus</span> <span class='ocrx_word' id='word_1_118' title='bbox 332 1111 384 1151; x_wconf 87' lang='lat' dir='ltr'>de</span> <span class='ocrx_word' id='word_1_119' title='bbox 411 1111 678 1151; x_wconf 82' lang='lat' dir='ltr'>Chalcedonis</span> <span class='ocrx_word' id='word_1_120' title='bbox 707 1113 919 1153; x_wconf 86' lang='lat' dir='ltr'>obsidione</span> <span class='ocrx_word' id='word_1_121' title='bbox 946 1116 1111 1164; x_wconf 84' lang='lat' dir='ltr'>aSaito,</span> <span class='ocrx_word' id='word_1_122' title='bbox 1142 1131 1223 1170; x_wconf 87' lang='lat' dir='ltr'>qna</span> <span class='ocrx_word' id='word_1_123' title='bbox 1252 1117 1385 1156; x_wconf 83' lang='lat' dir='ltr'>solnta</span> <span class='ocrx_word' id='word_1_124' title='bbox 1406 1118 1496 1156; x_wconf 83' lang='lat' dir='ltr'>Ro-</span> 
     </span>
     <span class='ocr_line' id='line_1_17' title="bbox 47 1167 1495 1222; baseline 0.005 -16"><span class='ocrx_word' id='word_1_125' title='bbox 47 1181 190 1207; x_wconf 87' lang='lat' dir='ltr'>manos</span> <span class='ocrx_word' id='word_1_126' title='bbox 219 1181 358 1207; x_wconf 82' lang='lat' dir='ltr'>seeum</span> <span class='ocrx_word' id='word_1_127' title='bbox 387 1167 541 1222; x_wconf 78' lang='lat' dir='ltr'>legatos</span> <span class='ocrx_word' id='word_1_128' title='bbox 570 1170 680 1222; x_wconf 84' lang='lat' dir='ltr'>pacis</span> <span class='ocrx_word' id='word_1_129' title='bbox 718 1170 925 1222; x_wconf 80' lang='lat' dir='ltr'>negotium</span> <span class='ocrx_word' id='word_1_130' title='bbox 953 1171 1095 1211; x_wconf 80' lang='lat' dir='ltr'>sedulo</span> <span class='ocrx_word' id='word_1_131' title='bbox 1126 1177 1289 1211; x_wconf 82' lang='lat' dir='ltr'>acturus</span> <span class='ocrx_word' id='word_1_132' title='bbox 1323 1172 1362 1211; x_wconf 91' lang='lat' dir='ltr'>in</span> <span class='ocrx_word' id='word_1_133' title='bbox 1391 1173 1495 1213; x_wconf 88' lang='lat' dir='ltr'>Per-</span> 
     </span>
     <span class='ocr_line' id='line_1_18' title="bbox 47 1221 1496 1282; baseline 0.003 -19"><span class='ocrx_word' id='word_1_134' title='bbox 47 1222 176 1264; x_wconf 86' lang='lat' dir='ltr'>sidem</span> <span class='ocrx_word' id='word_1_135' title='bbox 208 1221 392 1274; x_wconf 80' lang='lat' dir='ltr'>duxerit,</span> <span class='ocrx_word' id='word_1_136' title='bbox 435 1230 478 1265; x_wconf 82' lang='lat' dir='ltr'>et</span> <span class='ocrx_word' id='word_1_137' title='bbox 505 1240 610 1279; x_wconf 86' lang='lat' dir='ltr'>quae</span> <span class='ocrx_word' id='word_1_138' title='bbox 650 1225 917 1279; x_wconf 81' lang='lat' dir='ltr'>Theophanes</span> <span class='ocrx_word' id='word_1_139' title='bbox 960 1226 1010 1267; x_wconf 91' lang='lat' dir='ltr'>de</span> <span class='ocrx_word' id='word_1_140' title='bbox 1052 1228 1298 1282; x_wconf 78' lang='lat' dir='ltr'>Carthagine</span> <span class='ocrx_word' id='word_1_141' title='bbox 1338 1228 1496 1268; x_wconf 89' lang='lat' dir='ltr'>obsessa</span> 
     </span>
     <span class='ocr_line' id='line_1_19' title="bbox 49 1279 1496 1338; baseline 0.003 -18"><span class='ocrx_word' id='word_1_142' title='bbox 49 1294 136 1320; x_wconf 86' lang='lat' dir='ltr'>uno</span> <span class='ocrx_word' id='word_1_143' title='bbox 165 1294 290 1330; x_wconf 85' lang='lat' dir='ltr'>anno,</span> <span class='ocrx_word' id='word_1_144' title='bbox 316 1279 535 1336; x_wconf 82' lang='lat' dir='ltr'>alteroque</span> <span class='ocrx_word' id='word_1_145' title='bbox 553 1289 780 1336; x_wconf 77' lang='lat' dir='ltr'>expugnata</span> <span class='ocrx_word' id='word_1_146' title='bbox 808 1283 936 1323; x_wconf 83' lang='lat' dir='ltr'>refert</span> <span class='ocrx_word' id='word_1_147' title='bbox 967 1284 1075 1323; x_wconf 86' lang='lat' dir='ltr'>iuxta</span> <span class='ocrx_word' id='word_1_148' title='bbox 1104 1284 1356 1338; x_wconf 76' lang='lat' dir='ltr'>antiquiores</span> <span class='ocrx_word' id='word_1_149' title='bbox 1384 1286 1496 1324; x_wconf 85' lang='lat' dir='ltr'>Ana-</span> 
     </span>
     <span class='ocr_line' id='line_1_20' title="bbox 49 1335 1497 1390; baseline 0.003 -14"><span class='ocrx_word' id='word_1_150' title='bbox 49 1336 177 1386; x_wconf 74' lang='lat' dir='ltr'>stasii,</span> <span class='ocrx_word' id='word_1_151' title='bbox 206 1343 249 1376; x_wconf 81' lang='lat' dir='ltr'>et</span> <span class='ocrx_word' id='word_1_152' title='bbox 291 1335 413 1377; x_wconf 88' lang='lat' dir='ltr'>Cedr.</span> <span class='ocrx_word' id='word_1_153' title='bbox 459 1337 579 1377; x_wconf 92' lang='lat' dir='ltr'>codd.</span> <span class='ocrx_word' id='word_1_154' title='bbox 630 1337 868 1378; x_wconf 89' lang='lat' dir='ltr'>emendandi</span> <span class='ocrx_word' id='word_1_155' title='bbox 902 1339 929 1378; x_wconf 90' lang='lat' dir='ltr'>ii</span> <span class='ocrx_word' id='word_1_156' title='bbox 967 1347 1061 1379; x_wconf 88' lang='lat' dir='ltr'>sunt</span> <span class='ocrx_word' id='word_1_157' title='bbox 1089 1355 1135 1380; x_wconf 90' lang='lat' dir='ltr'>ex</span> <span class='ocrx_word' id='word_1_158' title='bbox 1168 1340 1252 1390; x_wconf 85' lang='lat' dir='ltr'>illo,</span> <span class='ocrx_word' id='word_1_159' title='bbox 1284 1341 1344 1379; x_wconf 81' lang='lat' dir='ltr'>uti</span> <span class='ocrx_word' id='word_1_160' title='bbox 1373 1341 1497 1380; x_wconf 80' lang='lat' dir='ltr'>etiam</span> 
     </span>
     <span class='ocr_line' id='line_1_21' title="bbox 54 1392 1497 1450; baseline 0.001 -17"><span class='ocrx_word' id='word_1_161' title='bbox 54 1393 209 1448; x_wconf 88' lang='lat' dir='ltr'>ubique</span> <span class='ocrx_word' id='word_1_162' title='bbox 237 1392 364 1433; x_wconf 89' lang='lat' dir='ltr'>modo</span> <span class='ocrx_word' id='word_1_163' title='bbox 393 1394 610 1434; x_wconf 84' lang='lat' dir='ltr'>emendata</span> <span class='ocrx_word' id='word_1_164' title='bbox 641 1394 831 1448; x_wconf 77' lang='lat' dir='ltr'>leguntur</span> <span class='ocrx_word' id='word_1_165' title='bbox 855 1396 1115 1449; x_wconf 84' lang='lat' dir='ltr'>Theophanis</span> <span class='ocrx_word' id='word_1_166' title='bbox 1145 1396 1402 1450; x_wconf 85' lang='lat' dir='ltr'>exemplaria.</span> <span class='ocrx_word' id='word_1_167' title='bbox 1431 1396 1497 1435; x_wconf 80' lang='lat' dir='ltr'>vi-</span> 
     </span>
     <span class='ocr_line' id='line_1_22' title="bbox 53 1449 1496 1506; baseline 0.001 -18"><span class='ocrx_word' id='word_1_168' title='bbox 53 1449 199 1489; x_wconf 82' lang='lat' dir='ltr'>cinitas</span> <span class='ocrx_word' id='word_1_169' title='bbox 230 1450 446 1490; x_wconf 88' lang='lat' dir='ltr'>nominum</span> <span class='ocrx_word' id='word_1_170' title='bbox 490 1451 836 1505; x_wconf 79' lang='lat' dir='ltr'>amphibologiam</span> <span class='ocrx_word' id='word_1_171' title='bbox 878 1453 973 1491; x_wconf 81' lang='lat' dir='ltr'>fecit</span> <span class='ocrx_word' id='word_1_172' title='bbox 1002 1453 1123 1492; x_wconf 84' lang='lat' dir='ltr'>etiam</span> <span class='ocrx_word' id='word_1_173' title='bbox 1163 1453 1273 1506; x_wconf 87' lang='lat' dir='ltr'>apud</span> <span class='ocrx_word' id='word_1_174' title='bbox 1302 1453 1422 1495; x_wconf 80' lang='lat' dir='ltr'>Arist.</span> <span class='ocrx_word' id='word_1_175' title='bbox 1454 1452 1496 1491; x_wconf 87' lang='lat' dir='ltr'>in</span> 
     </span>
     <span class='ocr_line' id='line_1_23' title="bbox 51 1505 1505 1564; baseline 0.001 -18"><span class='ocrx_word' id='word_1_176' title='bbox 51 1505 179 1546; x_wconf 81' lang='lat' dir='ltr'>Polit.</span> <span class='ocrx_word' id='word_1_177' title='bbox 208 1506 280 1546; x_wconf 84' lang='lat' dir='ltr'>uhi</span> <span class='ocrx_word' id='word_1_178' title='bbox 311 1506 364 1547; x_wconf 92' lang='lat' dir='ltr'>de</span> <span class='ocrx_word' id='word_1_179' title='bbox 380 1507 762 1562; x_wconf 76' lang='lat' dir='ltr'>Carthaginensium</span> <span class='ocrx_word' id='word_1_180' title='bbox 790 1522 874 1561; x_wconf 86' lang='lat' dir='ltr'>rep.</span> <span class='ocrx_word' id='word_1_181' title='bbox 904 1508 987 1547; x_wconf 86' lang='lat' dir='ltr'>aliis</span> <span class='ocrx_word' id='word_1_182' title='bbox 1021 1508 1247 1564; x_wconf 82' lang='lat' dir='ltr'>legentibus</span> <span class='ocrx_word' id='word_1_183' title='bbox 1275 1507 1505 1548; x_wconf 80' lang='lat' dir='ltr'>Chalcedo-</span> 
     </span>
     <span class='ocr_line' id='line_1_24' title="bbox 53 1562 953 1618; baseline 0.003 -16"><span class='ocrx_word' id='word_1_184' title='bbox 53 1562 275 1615; x_wconf 80' lang='lat' dir='ltr'>nensium3</span> <span class='ocrx_word' id='word_1_185' title='bbox 304 1563 452 1618; x_wconf 88' lang='lat' dir='ltr'>quibus</span> <span class='ocrx_word' id='word_1_186' title='bbox 484 1579 566 1604; x_wconf 90' lang='lat' dir='ltr'>non</span> <span class='ocrx_word' id='word_1_187' title='bbox 596 1564 714 1604; x_wconf 86' lang='lat' dir='ltr'>facile</span> <span class='ocrx_word' id='word_1_188' title='bbox 744 1564 953 1607; x_wconf 83' lang='lat' dir='ltr'>assentior.</span> 
     </span>
    </p>
   </div>
   <div class='ocr_carea' id='block_1_7' title="bbox 54 1625 1501 1742">
    <p class='ocr_par' dir='ltr' id='par_1_7' title="bbox 54 1625 1501 1742">
     <span class='ocr_line' id='line_1_25' title="bbox 164 1625 1501 1685; baseline 0.001 -16"><span class='ocrx_word' id='word_1_189' title='bbox 164 1629 273 1670; x_wconf 76' lang='lat' dir='ltr'>[bid.</span> <span class='ocrx_word' id='word_1_190' title='bbox 306 1630 369 1671; x_wconf 89' lang='lat'>15.</span> <span class='ocrx_word' id='word_1_191' title='bbox 426 1630 710 1685; x_wconf 76' lang='grc' dir='ltr'><em>ἐστράτευσαν</em></span> <span class='ocrx_word' id='word_1_192' title='bbox 738 1628 778 1672; x_wconf 83' lang='grc' dir='ltr'>οῖ</span> <span class='ocrx_word' id='word_1_193' title='bbox 800 1629 1008 1685; x_wconf 79' lang='grc' dir='ltr'><strong><em>Ἀβάρεις.</em></strong></span> <span class='ocrx_word' id='word_1_194' title='bbox 1036 1631 1111 1671; x_wconf 84' lang='grc' dir='ltr'><strong><em>καί</em></strong></span> <span class='ocrx_word' id='word_1_195' title='bbox 1134 1628 1381 1679; x_wconf 70' lang='grc' dir='ltr'><strong><em>ἀποστείλας</em></strong></span> <span class='ocrx_word' id='word_1_196' title='bbox 1400 1625 1501 1671; x_wconf 75' lang='grc' dir='ltr'><strong><em>Ἠε-</em></strong></span> 
     </span>
     <span class='ocr_line' id='line_1_26' title="bbox 54 1681 370 1742; baseline 0.003 -16"><span class='ocrx_word' id='word_1_197' title='bbox 54 1681 239 1739; x_wconf 77' lang='grc' dir='ltr'><strong><em>ράιιλιος]</em></strong></span> <span class='ocrx_word' id='word_1_198' title='bbox 267 1688 370 1742; x_wconf 87' lang='lat' dir='ltr'>Reg.</span> 
     </span>
    </p>
   </div>
   <div class='ocr_carea' id='block_1_8' title="bbox 54 1756 1510 2058">
    <p class='ocr_par' dir='ltr' id='par_1_8' title="bbox 54 1756 1510 1930">
     <span class='ocr_line' id='line_1_27' title="bbox 163 1756 1503 1815; baseline -0.001 -16"><span class='ocrx_word' id='word_1_199' title='bbox 163 1757 260 1810; x_wconf 80' lang='grc'><strong>465,</strong></span> <span class='ocrx_word' id='word_1_200' title='bbox 291 1756 336 1800; x_wconf 82' lang='grc'>4.</span> <span class='ocrx_word' id='word_1_201' title='bbox 402 1759 461 1800; x_wconf 87' lang='lat' dir='ltr'>sic</span> <span class='ocrx_word' id='word_1_202' title='bbox 489 1775 535 1802; x_wconf 85' lang='lat' dir='ltr'>ex</span> <span class='ocrx_word' id='word_1_203' title='bbox 578 1760 703 1801; x_wconf 86' lang='lat' dir='ltr'>Cedr.</span> <span class='ocrx_word' id='word_1_204' title='bbox 746 1776 791 1801; x_wconf 88' lang='lat' dir='ltr'>ac</span> <span class='ocrx_word' id='word_1_205' title='bbox 816 1776 867 1801; x_wconf 79' lang='lat' dir='ltr'>ex</span> <span class='ocrx_word' id='word_1_206' title='bbox 907 1765 1025 1813; x_wconf 85' lang='lat' dir='ltr'>parte</span> <span class='ocrx_word' id='word_1_207' title='bbox 1054 1760 1176 1815; x_wconf 78' lang='lat' dir='ltr'>Peyr.</span> <span class='ocrx_word' id='word_1_208' title='bbox 1222 1758 1422 1799; x_wconf 86' lang='lat' dir='ltr'>emenda:</span> <span class='ocrx_word' id='word_1_209' title='bbox 1456 1757 1503 1798; x_wconf 76' lang='grc' dir='ltr'>ἐκ</span> 
     </span>
     <span class='ocr_line' id='line_1_28' title="bbox 57 1811 1510 1872; baseline 0.001 -19"><span class='ocrx_word' id='word_1_210' title='bbox 57 1813 136 1854; x_wconf 72' lang='grc' dir='ltr'>τοῦ</span> <span class='ocrx_word' id='word_1_211' title='bbox 161 1813 485 1869; x_wconf 78' lang='grc' dir='ltr'><strong><em>α’προσδοκὴτως</em></strong></span> <span class='ocrx_word' id='word_1_212' title='bbox 503 1815 720 1870; x_wconf 70' lang='grc' dir='ltr'><strong><em>ἀπατῆσαι</em></strong></span> <span class='ocrx_word' id='word_1_213' title='bbox 742 1818 795 1872; x_wconf 41' lang='grc' dir='ltr'>μϊῆ</span> <span class='ocrx_word' id='word_1_214' title='bbox 817 1815 950 1858; x_wconf 77' lang='grc' dir='ltr'><strong><em>ἑλπίδι</em></strong></span> <span class='ocrx_word' id='word_1_215' title='bbox 969 1815 1040 1869; x_wconf 80' lang='grc' dir='ltr'>τῆς</span> <span class='ocrx_word' id='word_1_216' title='bbox 1066 1811 1244 1868; x_wconf 78' lang='grc' dir='ltr'><strong><em>εἰρήνης.</em></strong></span> <span class='ocrx_word' id='word_1_217' title='bbox 1273 1830 1321 1855; x_wconf 88' lang='lat' dir='ltr'>ea</span> <span class='ocrx_word' id='word_1_218' title='bbox 1331 1815 1510 1868; x_wconf 62' lang='lat' dir='ltr'>smude,</span> 
     </span>
     <span class='ocr_line' id='line_1_29' title="bbox 54 1872 1268 1930; baseline -0.002 -18"><span class='ocrx_word' id='word_1_219' title='bbox 54 1886 136 1928; x_wconf 81' lang='lat' dir='ltr'>qua</span> <span class='ocrx_word' id='word_1_220' title='bbox 157 1881 330 1927; x_wconf 81' lang='lat' dir='ltr'>praeter</span> <span class='ocrx_word' id='word_1_221' title='bbox 356 1887 509 1913; x_wconf 84' lang='lat' dir='ltr'>omnem</span> <span class='ocrx_word' id='word_1_222' title='bbox 537 1876 851 1930; x_wconf 77' lang='lat' dir='ltr'>expectationem</span> <span class='ocrx_word' id='word_1_223' title='bbox 877 1874 992 1930; x_wconf 82' lang='lat' dir='ltr'>pacis</span> <span class='ocrx_word' id='word_1_224' title='bbox 1016 1886 1084 1928; x_wconf 83' lang='lat' dir='ltr'>spe</span> <span class='ocrx_word' id='word_1_225' title='bbox 1112 1872 1268 1911; x_wconf 76' lang='lat' dir='ltr'>delusit.</span> 
     </span>
    </p>

    <p class='ocr_par' dir='ltr' id='par_1_9' title="bbox 57 1942 1503 2058">
     <span class='ocr_line' id='line_1_30' title="bbox 171 1942 1502 2005; baseline -0.002 -21"><span class='ocrx_word' id='word_1_226' title='bbox 171 1945 276 1985; x_wconf 83' lang='lat' dir='ltr'>Ibid.</span> <span class='ocrx_word' id='word_1_227' title='bbox 305 1945 344 1986; x_wconf 89' lang='lat'>7.</span> <span class='ocrx_word' id='word_1_228' title='bbox 399 1942 508 1999; x_wconf 80' lang='grc' dir='ltr'><strong><em>πρὸς</em></strong></span> <span class='ocrx_word' id='word_1_229' title='bbox 531 1943 604 1987; x_wconf 82' lang='grc' dir='ltr'>τὸν</span> <span class='ocrx_word' id='word_1_230' title='bbox 636 1943 830 1999; x_wconf 81' lang='grc' dir='ltr'><strong><em>Χαγάνον</em></strong></span> <span class='ocrx_word' id='word_1_231' title='bbox 854 1942 924 1986; x_wconf 83' lang='grc' dir='ltr'>τὸν</span> <span class='ocrx_word' id='word_1_232' title='bbox 946 1942 1174 1997; x_wconf 70' lang='grc' dir='ltr'><strong><em>βάρβαρον]</em></strong></span> <span class='ocrx_word' id='word_1_233' title='bbox 1205 1943 1326 1983; x_wconf 72' lang='lat' dir='ltr'>etiam</span> <span class='ocrx_word' id='word_1_234' title='bbox 1353 1942 1435 2005; x_wconf 68' lang='lat' dir='ltr'>hoe</span> <span class='ocrx_word' id='word_1_235' title='bbox 1454 1955 1502 1981; x_wconf 87' lang='lat' dir='ltr'>ex</span> 
     </span>
     <span class='ocr_line' id='line_1_31' title="bbox 57 1996 1503 2058; baseline 0.006 -17"><span class='ocrx_word' id='word_1_236' title='bbox 57 2002 198 2041; x_wconf 81' lang='lat' dir='ltr'>Anast.</span> <span class='ocrx_word' id='word_1_237' title='bbox 233 2001 409 2058; x_wconf 84' lang='lat' dir='ltr'>ipsoque</span> <span class='ocrx_word' id='word_1_238' title='bbox 452 2011 626 2043; x_wconf 77' lang='lat' dir='ltr'>auctore</span> <span class='ocrx_word' id='word_1_239' title='bbox 666 2019 706 2058; x_wconf 87' lang='lat' dir='ltr'>p.</span> <span class='ocrx_word' id='word_1_240' title='bbox 735 2018 819 2057; x_wconf 89' lang='lat' dir='ltr'>seq.</span> <span class='ocrx_word' id='word_1_241' title='bbox 861 2002 1018 2042; x_wconf 85' lang='lat' dir='ltr'>emend.</span> <span class='ocrx_word' id='word_1_242' title='bbox 1058 1999 1163 2052; x_wconf 75' lang='grc' dir='ltr'><strong><em>πρὸς</em></strong></span> <span class='ocrx_word' id='word_1_243' title='bbox 1199 1996 1269 2039; x_wconf 59' lang='grc' dir='ltr'>’ἱὸν</span> <span class='ocrx_word' id='word_1_244' title='bbox 1306 1999 1503 2050; x_wconf 58' lang='lat' dir='ltr'>Xssym&#39;w</span> 
     </span>
    </p>
   </div>
   <div class='ocr_carea' id='block_1_9' title="bbox 57 2054 1501 2166">
    <p class='ocr_par' dir='ltr' id='par_1_10' title="bbox 57 2054 1501 2166">
     <span class='ocr_line' id='line_1_32' title="bbox 58 2054 1501 2111; baseline -0.002 -15"><span class='ocrx_word' id='word_1_245' title='bbox 58 2056 144 2097; x_wconf 72' lang='grc' dir='ltr'>τῶν</span> <span class='ocrx_word' id='word_1_246' title='bbox 172 2054 378 2109; x_wconf 81' lang='grc' dir='ltr'>Ἀβᾰρων.</span> <span class='ocrx_word' id='word_1_247' title='bbox 434 2061 569 2108; x_wconf 80' lang='lat' dir='ltr'>missis</span> <span class='ocrx_word' id='word_1_248' title='bbox 596 2062 736 2100; x_wconf 83' lang='lat' dir='ltr'>iterum</span> <span class='ocrx_word' id='word_1_249' title='bbox 778 2060 839 2100; x_wconf 90' lang='lat' dir='ltr'>ad</span> <span class='ocrx_word' id='word_1_250' title='bbox 864 2059 1099 2111; x_wconf 73' lang='lat' dir='ltr'>Clzagcmum</span> <span class='ocrx_word' id='word_1_251' title='bbox 1125 2058 1317 2098; x_wconf 78' lang='lat' dir='ltr'>Avarum</span> <span class='ocrx_word' id='word_1_252' title='bbox 1346 2054 1501 2108; x_wconf 77' lang='lat' dir='ltr'>legatis.</span> 
     </span>
     <span class='ocr_line' id='line_1_33' title="bbox 57 2110 574 2166; baseline 0.006 -13"><span class='ocrx_word' id='word_1_253' title='bbox 57 2110 242 2154; x_wconf 78' lang='grc' dir='ltr'><strong><em>ἐνεκάλει</em></strong></span> <span class='ocrx_word' id='word_1_254' title='bbox 269 2111 369 2166; x_wconf 71' lang='grc' dir='ltr'><strong><em>περὶ</em></strong></span> <span class='ocrx_word' id='word_1_255' title='bbox 393 2115 474 2155; x_wconf 74' lang='grc' dir='ltr'>τῶν</span> <span class='ocrx_word' id='word_1_256' title='bbox 501 2112 574 2156; x_wconf 75' lang='grc' dir='ltr'>ὖπ.</span> 
     </span>
    </p>
   </div>
   <div class='ocr_carea' id='block_1_10' title="bbox 173 2183 1124 2242">
    <p class='ocr_par' dir='ltr' id='par_1_11' title="bbox 173 2183 1124 2242">
     <span class='ocr_line' id='line_1_34' title="bbox 173 2183 1124 2242; baseline -0.001 -15"><span class='ocrx_word' id='word_1_257' title='bbox 173 2183 276 2238; x_wconf 82' lang='grc'>466,</span> <span class='ocrx_word' id='word_1_258' title='bbox 299 2186 364 2227; x_wconf 88' lang='grc'>13.</span> <span class='ocrx_word' id='word_1_259' title='bbox 420 2183 480 2235; x_wconf 75' lang='grc' dir='ltr'>ὥς</span> <span class='ocrx_word' id='word_1_260' title='bbox 507 2188 654 2242; x_wconf 75' lang='grc' dir='ltr'><strong><em>φιλίαν</em></strong></span> <span class='ocrx_word' id='word_1_261' title='bbox 680 2184 968 2238; x_wconf 79' lang='grc' dir='ltr'><strong><em>σπεισάμενον]</em></strong></span> <span class='ocrx_word' id='word_1_262' title='bbox 1002 2185 1124 2226; x_wconf 87' lang='lat' dir='ltr'>Cedr.</span> 
     </span>
    </p>
   </div>
   <div class='ocr_carea' id='block_1_11' title="bbox 0 2251 1513 2822">
    <p class='ocr_par' dir='ltr' id='par_1_12' title="bbox 0 2251 1513 2822">
     <span class='ocr_line' id='line_1_35' title="bbox 169 2251 1503 2314; baseline -0.004 -14"><span class='ocrx_word' id='word_1_263' title='bbox 169 2254 267 2309; x_wconf 79' lang='lat'><strong>468,</strong></span> <span class='ocrx_word' id='word_1_264' title='bbox 299 2257 343 2299; x_wconf 89' lang='grc'>7.</span> <span class='ocrx_word' id='word_1_265' title='bbox 400 2257 580 2313; x_wconf 75' lang='grc' dir='ltr'><strong><em>φρικτὸν</em></strong></span> <span class='ocrx_word' id='word_1_266' title='bbox 605 2260 748 2311; x_wconf 80' lang='grc' dir='ltr'><em>θέαμα</em></span> <span class='ocrx_word' id='word_1_267' title='bbox 767 2256 901 2314; x_wconf 79' lang='grc' dir='ltr'><strong><em>φόβου</em></strong></span> <span class='ocrx_word' id='word_1_268' title='bbox 918 2251 1015 2298; x_wconf 71' lang='grc' dir='ltr'><strong><em>ἄνευ</em></strong></span> <span class='ocrx_word' id='word_1_269' title='bbox 1036 2252 1252 2307; x_wconf 82' lang='grc' dir='ltr'><strong><em>κινδύνων]</em></strong></span> <span class='ocrx_word' id='word_1_270' title='bbox 1279 2256 1377 2310; x_wconf 89' lang='lat' dir='ltr'>Reg.</span> <span class='ocrx_word' id='word_1_271' title='bbox 1406 2255 1503 2295; x_wconf 88' lang='lat' dir='ltr'>Bar.</span> 
     </span>
     <span class='ocr_line' id='line_1_36' title="bbox 57 2314 1505 2370; baseline -0.003 -16"><span class='ocrx_word' id='word_1_272' title='bbox 57 2314 182 2370; x_wconf 85' lang='lat' dir='ltr'>Peyr.</span> <span class='ocrx_word' id='word_1_273' title='bbox 212 2316 451 2356; x_wconf 73' lang='lat' dir='ltr'>hom-endum</span> <span class='ocrx_word' id='word_1_274' title='bbox 481 2319 641 2358; x_wconf 85' lang='lat' dir='ltr'>timoris</span> <span class='ocrx_word' id='word_1_275' title='bbox 666 2318 827 2368; x_wconf 79' lang='lat' dir='ltr'>plenum</span> <span class='ocrx_word' id='word_1_276' title='bbox 856 2325 977 2355; x_wconf 73' lang='lat' dir='ltr'>extra</span> <span class='ocrx_word' id='word_1_277' title='bbox 999 2314 1169 2370; x_wconf 82' lang='lat' dir='ltr'>periculi</span> <span class='ocrx_word' id='word_1_278' title='bbox 1193 2314 1328 2353; x_wconf 80' lang='lat' dir='ltr'>aleam</span> <span class='ocrx_word' id='word_1_279' title='bbox 1354 2319 1505 2367; x_wconf 84' lang='lat' dir='ltr'>specta-</span> 
     </span>
     <span class='ocr_line' id='line_1_37' title="bbox 59 2367 1506 2425; baseline -0.003 -15"><span class='ocrx_word' id='word_1_280' title='bbox 59 2372 202 2412; x_wconf 81' lang='lat' dir='ltr'>culum.</span> <span class='ocrx_word' id='word_1_281' title='bbox 232 2369 333 2420; x_wconf 78' lang='grc' dir='ltr'>τοὺς</span> <span class='ocrx_word' id='word_1_282' title='bbox 359 2371 551 2425; x_wconf 81' lang='grc' dir='ltr'><strong><em>τρόπους.</em></strong></span> <span class='ocrx_word' id='word_1_283' title='bbox 619 2380 660 2413; x_wconf 84' lang='lat' dir='ltr'>et</span> <span class='ocrx_word' id='word_1_284' title='bbox 699 2373 766 2412; x_wconf 83' lang='lat' dir='ltr'>hic</span> <span class='ocrx_word' id='word_1_285' title='bbox 796 2372 933 2412; x_wconf 86' lang='lat' dir='ltr'>oratio</span> <span class='ocrx_word' id='word_1_286' title='bbox 966 2370 1104 2410; x_wconf 86' lang='lat' dir='ltr'>mutila</span> <span class='ocrx_word' id='word_1_287' title='bbox 1135 2384 1180 2408; x_wconf 87' lang='lat' dir='ltr'>ex</span> <span class='ocrx_word' id='word_1_288' title='bbox 1211 2373 1346 2409; x_wconf 83' lang='lat' dir='ltr'>Anast.</span> <span class='ocrx_word' id='word_1_289' title='bbox 1375 2367 1506 2406; x_wconf 88' lang='lat' dir='ltr'>sarci-</span> 
     </span>
     <span class='ocr_line' id='line_1_38' title="bbox 61 2421 1510 2483; baseline -0.002 -17"><span class='ocrx_word' id='word_1_290' title='bbox 61 2427 179 2467; x_wconf 82' lang='lat' dir='ltr'>enda.</span> <span class='ocrx_word' id='word_1_291' title='bbox 209 2427 283 2468; x_wconf 77' lang='grc' dir='ltr'><strong><em>καί</em></strong></span> <span class='ocrx_word' id='word_1_292' title='bbox 305 2425 386 2480; x_wconf 80' lang='grc' dir='ltr'>πρὸ</span> <span class='ocrx_word' id='word_1_293' title='bbox 414 2430 488 2481; x_wconf 80' lang='grc' dir='ltr'>τῆς</span> <span class='ocrx_word' id='word_1_294' title='bbox 515 2426 706 2482; x_wconf 69' lang='grc' dir='ltr'><strong><em>ἀνάγκης,</em></strong></span> <span class='ocrx_word' id='word_1_295' title='bbox 733 2429 804 2481; x_wconf 73' lang='grc' dir='ltr'>τῆς</span> <span class='ocrx_word' id='word_1_296' title='bbox 842 2426 1019 2479; x_wconf 71' lang='grc' dir='ltr'><strong><em>ἀνάγκης</em></strong></span> <span class='ocrx_word' id='word_1_297' title='bbox 1047 2421 1147 2472; x_wconf 74' lang='grc' dir='ltr'>τούς</span> <span class='ocrx_word' id='word_1_298' title='bbox 1175 2423 1366 2476; x_wconf 80' lang='grc' dir='ltr'><strong><em>τρόπους.</em></strong></span> <span class='ocrx_word' id='word_1_299' title='bbox 1421 2431 1510 2483; x_wconf 81' lang='lat' dir='ltr'>erat</span> 
     </span>
     <span class='ocr_line' id='line_1_39' title="bbox 59 2483 1508 2536; baseline -0.003 -13"><span class='ocrx_word' id='word_1_300' title='bbox 59 2484 202 2524; x_wconf 77' lang='lat' dir='ltr'>videre</span> <span class='ocrx_word' id='word_1_301' title='bbox 226 2493 321 2524; x_wconf 81' lang='lat' dir='ltr'>ante</span> <span class='ocrx_word' id='word_1_302' title='bbox 341 2486 628 2535; x_wconf 84' lang='lat' dir='ltr'>necessitatem,</span> <span class='ocrx_word' id='word_1_303' title='bbox 658 2486 896 2526; x_wconf 80' lang='lat' dir='ltr'>necessitatis</span> <span class='ocrx_word' id='word_1_304' title='bbox 924 2483 1058 2524; x_wconf 88' lang='lat' dir='ltr'>modos</span> <span class='ocrx_word' id='word_1_305' title='bbox 1085 2496 1136 2521; x_wconf 85' lang='lat' dir='ltr'>ac</span> <span class='ocrx_word' id='word_1_306' title='bbox 1153 2483 1375 2536; x_wconf 83' lang='lat' dir='ltr'>specimen:</span> <span class='ocrx_word' id='word_1_307' title='bbox 1405 2485 1508 2533; x_wconf 84' lang='lat' dir='ltr'>puta</span> 
     </span>
     <span class='ocr_line' id='line_1_40' title="bbox 61 2535 1507 2596; baseline -0.003 -18"><span class='ocrx_word' id='word_1_308' title='bbox 61 2540 262 2594; x_wconf 83' lang='lat' dir='ltr'>fugientes</span> <span class='ocrx_word' id='word_1_309' title='bbox 293 2541 416 2593; x_wconf 86' lang='lat' dir='ltr'>alios,</span> <span class='ocrx_word' id='word_1_310' title='bbox 451 2540 551 2582; x_wconf 86' lang='lat' dir='ltr'>alios</span> <span class='ocrx_word' id='word_1_311' title='bbox 582 2541 839 2596; x_wconf 86' lang='lat' dir='ltr'>insequentes</span> <span class='ocrx_word' id='word_1_312' title='bbox 884 2545 961 2579; x_wconf 83' lang='lat' dir='ltr'>etc.</span> <span class='ocrx_word' id='word_1_313' title='bbox 1004 2535 1220 2591; x_wconf 78' lang='grc' dir='ltr'><strong><em>γενόμενος</em></strong></span> <span class='ocrx_word' id='word_1_314' title='bbox 1245 2535 1507 2587; x_wconf 73' lang='grc' dir='ltr'><strong><em>προτρέχειν.</em></strong></span> 
     </span>
     <span class='ocr_line' id='line_1_41' title="bbox 61 2590 1513 2652; baseline -0.003 -17"><span class='ocrx_word' id='word_1_315' title='bbox 61 2594 177 2636; x_wconf 82' lang='lat' dir='ltr'>locus</span> <span class='ocrx_word' id='word_1_316' title='bbox 203 2597 382 2640; x_wconf 81' lang='lat' dir='ltr'>mutilus,</span> <span class='ocrx_word' id='word_1_317' title='bbox 412 2600 550 2638; x_wconf 83' lang='lat' dir='ltr'>Anast.</span> <span class='ocrx_word' id='word_1_318' title='bbox 589 2599 647 2639; x_wconf 91' lang='lat' dir='ltr'>sic</span> <span class='ocrx_word' id='word_1_319' title='bbox 683 2597 841 2652; x_wconf 82' lang='lat' dir='ltr'>plenius</span> <span class='ocrx_word' id='word_1_320' title='bbox 872 2595 1006 2635; x_wconf 85' lang='lat' dir='ltr'>habet.</span> <span class='ocrx_word' id='word_1_321' title='bbox 1069 2608 1156 2632; x_wconf 88' lang='lat' dir='ltr'>cum</span> <span class='ocrx_word' id='word_1_322' title='bbox 1178 2593 1424 2647; x_wconf 78' lang='lat' dir='ltr'>pervenisset</span> <span class='ocrx_word' id='word_1_323' title='bbox 1449 2590 1513 2631; x_wconf 89' lang='lat' dir='ltr'>ad</span> 
     </span>
     <span class='ocr_line' id='line_1_42' title="bbox 56 2649 1510 2710; baseline -0.005 -18"><span class='ocrx_word' id='word_1_324' title='bbox 56 2662 203 2708; x_wconf 79' lang='lat' dir='ltr'>partes</span> <span class='ocrx_word' id='word_1_325' title='bbox 227 2655 449 2694; x_wconf 81' lang='lat' dir='ltr'>Armeniae</span> <span class='ocrx_word' id='word_1_326' title='bbox 474 2668 748 2710; x_wconf 75' lang='lat' dir='ltr'>praecurrere</span> <span class='ocrx_word' id='word_1_327' title='bbox 777 2654 887 2693; x_wconf 78' lang='lat' dir='ltr'>iussit</span> <span class='ocrx_word' id='word_1_328' title='bbox 901 2653 1042 2691; x_wconf 84' lang='lat' dir='ltr'>electos</span> <span class='ocrx_word' id='word_1_329' title='bbox 1057 2669 1069 2689; x_wconf 93' lang='lat'><em>:</em></span> <span class='ocrx_word' id='word_1_330' title='bbox 1098 2649 1388 2688; x_wconf 76' lang='lat' dir='ltr'>Saracenorum</span> <span class='ocrx_word' id='word_1_331' title='bbox 1417 2660 1510 2686; x_wconf 81' lang='lat' dir='ltr'>vero</span> 
     </span>
     <span class='ocr_line' id='line_1_43' title="bbox 61 2704 1510 2765; baseline -0.005 -16"><span class='ocrx_word' id='word_1_332' title='bbox 61 2717 157 2749; x_wconf 80' lang='lat' dir='ltr'>tunc</span> <span class='ocrx_word' id='word_1_333' title='bbox 194 2711 269 2751; x_wconf 76' lang='lat' dir='ltr'>sub</span> <span class='ocrx_word' id='word_1_334' title='bbox 302 2712 440 2765; x_wconf 82' lang='lat' dir='ltr'>pactis</span> <span class='ocrx_word' id='word_1_335' title='bbox 477 2711 699 2750; x_wconf 79' lang='lat' dir='ltr'>Persarum</span> <span class='ocrx_word' id='word_1_336' title='bbox 747 2711 1038 2750; x_wconf 76' lang='lat' dir='ltr'>constitutorum</span> <span class='ocrx_word' id='word_1_337' title='bbox 1078 2705 1289 2746; x_wconf 81' lang='lat' dir='ltr'>multitudo</span> <span class='ocrx_word' id='word_1_338' title='bbox 1323 2704 1510 2761; x_wconf 69' lang='lat' dir='ltr'>equinam,</span> 
     </span>
     <span class='ocr_line' id='line_1_44' title="bbox 0 2764 1127 2822; baseline 0.004 -17"><span class='ocrx_word' id='word_1_339' title='bbox 0 2782 7 2787; x_wconf 89' lang='lat'>·</span> <span class='ocrx_word' id='word_1_340' title='bbox 63 2764 176 2807; x_wconf 80' lang='lat' dir='ltr'>clam</span> <span class='ocrx_word' id='word_1_341' title='bbox 202 2767 500 2822; x_wconf 78' lang='lat' dir='ltr'>imperatorem,</span> <span class='ocrx_word' id='word_1_342' title='bbox 528 2772 605 2807; x_wconf 78' lang='lat' dir='ltr'>etc.</span> <span class='ocrx_word' id='word_1_343' title='bbox 1124 2788 1127 2790; x_wconf 96' lang='lat'>·</span> 
     </span>
    </p>
   </div>
  </div>
 </body>
</html>
