1794 3250
580 229 651 271 Ex
689 226 1040 272 THEOPHANE.
1441 222 1538 271 275

71 342 254 384 ostendit
281 342 510 394 Heirenae3
541 357 704 384 necnon
737 349 779 384 et
803 343 1022 399 Eparchus
1050 342 1250 399 patricius
1270 375 1283 396 ‚
1315 348 1359 384 et
1385 343 1543 383 Roma-

75 414 149 440 nus
179 399 380 455 patricius
424 415 472 440 ac
503 407 681 456 praetor
710 400 991 441 Orientalium
1009 429 1022 452 ,
1052 401 1259 455 multique
1288 400 1358 439 alii
1387 404 1543 454 proto-

73 456 276 510 spatharii
298 462 340 496 et
367 457 570 511 spatharii
588 474 598 506 ;
628 458 730 512 quin
747 463 789 498 et
808 457 1007 497 ordinum
1021 457 1244 511 principes,
1276 461 1318 496 et
1332 455 1545 496 excubitus

74 511 324 554 domesticus
345 528 417 554 seu
440 513 687 568 drungarius
710 513 934 567 imperialis
951 513 1127 567 vigiliae,
1155 513 1275 552 simul
1298 518 1340 552 et
1357 512 1554 551 Thracae,

76 575 268 622 praetor,
302 575 346 609 et
373 570 492 610 multi
524 570 734 624 principes
766 570 996 610 thematum
1029 583 1126 609 cum
1160 568 1328 608 infinitis
1359 567 1545 621 populis.

75 625 293 680 omnisque
321 626 655 667 Christianorum
679 632 884 681 corrupta
914 632 975 667 est
1004 626 1184 680 species;
1233 639 1349 665 arma
1376 637 1547 679 quoque

76 681 215 722 omnia
246 682 470 734 perierunt
497 689 539 723 et
568 683 733 736 imperii
758 697 865 723 vasa.
934 697 1072 737 porro
1107 681 1198 722 talis
1232 681 1315 722 diei
1345 679 1548 720 deformia

77 738 208 778 verba
239 738 347 779 absit
380 738 605 780 Christiani
636 739 812 780 ulterius
841 739 1026 790 videant,
1054 743 1206 792 utpote
1236 751 1361 778 omne
1391 737 1549 776 lamen-

78 799 169 834 tum
197 793 449 835 excedentia.
507 796 619 835 facta
650 809 751 836 vero
769 800 865 836 sunt
895 795 998 836 haec
1028 795 1204 849 septimo
1235 793 1431 834 kalendas
1463 795 1551 832 Au-

80 856 215 904 gustas
245 850 484 892 indictionis
515 858 708 906 quartae.
766 858 893 905 caput
924 857 1064 892 autem
1080 850 1310 906 Nicephori
1342 850 1550 890 Crumnus

82 906 257 947 recisum
289 908 506 962 suspendit
549 907 695 948 diebus
730 909 869 948 multis
907 908 947 948 in
981 908 1092 962 ligno
1142 907 1184 947 in
1230 908 1553 947 ostentationem

80 961 134 1003 ad
161 976 204 1004 se
234 962 550 1004 adventantium
591 964 812 1004 nationum
855 971 897 1005 et
927 964 1213 1005 confusionem
1257 962 1443 1004 omnium
1473 976 1555 1002 no-

80 1026 279 1062 strorum.
309 1019 525 1074 posthaec
550 1035 647 1060 sane
665 1022 869 1074 accipiens
906 1020 1002 1071 hoc,
1032 1027 1073 1060 et
1092 1034 1135 1059 os
1164 1019 1374 1060 denudans
1405 1031 1554 1072 argeu-

82 1081 214 1131 toque
241 1076 471 1117 forinsecus
489 1075 675 1127 induens,
700 1077 849 1118 bibere
881 1078 921 1117 in
950 1091 1000 1117 eo
1021 1077 1316 1117 Sclavinorum
1342 1075 1554 1131 principes

81 1132 181 1172 fecit
200 1132 415 1187 gloriatus.
444 1148 592 1173 verum
610 1133 705 1173 licet
720 1134 874 1173 multae
905 1133 1054 1173 viduae
1080 1147 1128 1172 ac
1157 1132 1335 1187 orphani
1366 1145 1452 1172 uno
1487 1115 1682 1171 ‹ssep-765

82 1189 239 1229 fuerint
263 1189 363 1228 facti
387 1195 430 1228 et
446 1188 687 1230 lamentatio
708 1189 981 1230 intolerabilis
1005 1189 1245 1239 haberetur,
1272 1189 1392 1229 buius
1415 1194 1553 1228 tamen

82 1244 237 1285 occisio
259 1245 490 1284 multorum
516 1246 622 1284 facta
653 1251 711 1286 est
728 1246 972 1286 consolatio.
1004 1245 1175 1285 modum
1198 1259 1298 1285 vero
1328 1244 1451 1285 huius
1484 1257 1557 1284 oc-

86 1300 251 1341 cisionis
269 1301 402 1341 nullus
424 1315 573 1341 eorum
593 1301 666 1356 qui
694 1302 837 1342 salvati
867 1307 962 1341 sunt
988 1302 1184 1357 liquidius
1215 1301 1441 1343 enarravit.
1495 1301 1561 1352 fef

84 1363 186 1398 runt
212 1356 380 1422 quidam
413 1357 527 1413 quod
559 1365 601 1398 et
617 1358 839 1398 Christiani
860 1358 974 1398 hunc
1002 1360 1218 1398 cadentem
1250 1358 1454 1412 lapidibus
1479 1355 1562 1396 im-

82 1414 311 1468 petierint,
345 1421 388 1455 et
419 1414 757 1455 effeminatorum
787 1415 996 1463 virorum,
1027 1429 1249 1455 servorum
1277 1414 1432 1454 scilicet
1462 1413 1560 1462 eius,

83 1485 179 1510 cum
218 1471 369 1525 quibus
408 1476 451 1510 et
485 1471 812 1518 concumbebat,
858 1472 928 1511 alii
972 1471 1144 1526 quidem
1196 1471 1292 1523 igne
1334 1469 1454 1520 valli,
1491 1468 1560 1509 alii

84 1541 188 1567 vero
223 1526 365 1580 gladiis
394 1528 561 1580 periere
593 1541 690 1566 cum
718 1527 827 1581 ipso,
885 1527 1007 1568 huius
1048 1526 1294 1581 principatu
1335 1525 1562 1566 Christiani

86 1582 324 1638 graviorem
354 1584 469 1623 nullo
512 1589 705 1638 tempore
749 1584 960 1624 consecuti
1000 1589 1109 1623 sunt.
1179 1596 1318 1622 omnes
1349 1582 1458 1622 enim
1488 1581 1563 1637 qui

86 1645 184 1680 ante
209 1653 252 1680 se
281 1639 546 1694 imperarunt
585 1640 884 1680 ambitionibus
927 1646 968 1680 et
1001 1639 1173 1680 luxuriis
1205 1645 1331 1693 atque
1364 1638 1563 1679 barbari-

89 1697 146 1735 cis
179 1696 494 1737 crudelitatibus
524 1698 759 1750 superavit3
804 1697 856 1737 de
886 1697 1036 1751 quibus
1063 1711 1142 1751 per
1171 1695 1330 1749 singula
1359 1694 1562 1750 prosequi

88 1758 130 1793 et
159 1753 338 1807 posteris
369 1752 615 1794 incredibile
640 1760 682 1794 et
705 1752 825 1794 nobis
856 1754 938 1793 erit
966 1753 1239 1793 laboriosum.
1271 1758 1562 1791 verumtamen

88 1823 136 1850 ex
166 1809 330 1849 fimbria
359 1814 522 1849 textura
550 1810 780 1861 manifesta,
822 1809 936 1850 iuxta
967 1808 1256 1864 proverbium.
1314 1809 1564 1851 vulneratur

87 1871 227 1905 autem
244 1871 286 1907 et
301 1865 540 1906 Stauracius
562 1867 668 1906 filius
690 1866 775 1907 eius
800 1865 1035 1920 periculose
1062 1866 1102 1905 in
1128 1866 1296 1906 dextera
1313 1864 1408 1905 colli
1428 1870 1562 1918 parte,

87 1926 132 1962 et
159 1922 227 1962 vix
254 1937 278 1962 a
306 1936 448 1977 pugna
474 1922 591 1962 vivus
616 1922 753 1973 exivit,
775 1929 818 1963 et
848 1924 962 1962 venit
978 1921 1326 1975 Hadrianopolim
1357 1920 1563 1961 atrociter

90 1994 113 2018 a
141 1977 262 2033 plaga
291 1978 587 2033 colaphizatus.
645 1985 688 2019 at
717 1993 820 2019 vero
852 1979 1091 2033 Stephanus
1138 1979 1339 2032 patricius
1371 1982 1413 2017 et
1441 1976 1565 2016 scho-

91 2036 229 2075 larum
260 2034 523 2087 domesticus,
553 2050 648 2075 cum
677 2036 835 2076 adesset
866 2050 1038 2090 quoque
1059 2034 1325 2075 Theoctistus
1352 2034 1563 2087 magister,

91 2091 383 2145 pronuntiavit
410 2092 675 2132 stauracium
706 2093 1031 2146 imperatorem3
1059 2098 1101 2132 et
1131 2091 1359 2145 disputavit
1386 2090 1562 2144 populo,

91 2147 165 2202 qui
193 2147 369 2187 salvatus
397 2148 549 2199 fuerat,
578 2156 727 2189 contra
756 2149 983 2203 proprium
1011 2155 1176 2202 patrem
1207 2163 1347 2196 suum3
1380 2146 1452 2202 qui
1482 2159 1564 2199 op-

91 2202 193 2258 pido
224 2202 418 2244 delectati
447 2210 556 2246 sunt.
615 2204 795 2246 Michael
823 2220 919 2245 saue
950 2204 1248 2259 curopalatius,
1279 2204 1437 2244 illaesus
1467 2216 1612 2254 exn-p.
1632 2208 1700 2243 766

91 2274 256 2314 perans,
286 2259 511 2301 admodum
537 2261 588 2300 ab
620 2261 760 2301 amicis
792 2267 961 2316 rogatus
990 2267 1050 2301 est
1078 2267 1126 2301 ut
1157 2260 1390 2315 imperator
1420 2255 1566 2312 appel-

91 2317 267 2366 laretur,
288 2323 330 2357 et
348 2331 431 2356 uon
454 2316 618 2356 admisit
632 2318 687 2357 ob
714 2319 947 2358 iuramenta
964 2318 1165 2372 praestita
1181 2317 1421 2371 Nicephoro
1438 2319 1566 2367 atque

92 2374 325 2414 Stauracio.
342 2373 442 2413 huic
457 2372 688 2427 Stephanus
707 2375 954 2415 domesticus
972 2374 1199 2414 resultabat
1217 2388 1289 2427 spe
1311 2373 1420 2412 vitae
1438 2371 1565 2408 Stau-

94 2430 211 2470 racii.
222 2429 485 2470 Theoctistus
502 2444 600 2470 vero
618 2431 812 2484 magister
827 2431 1038 2485 satagebat
1050 2444 1132 2484 pro
1149 2429 1326 2483 imperio
1342 2425 1564 2468 Michaelis,

92 2501 230 2541 porro
256 2487 496 2528 Stauracius
520 2500 599 2540 per
626 2487 790 2526 urinam
819 2489 1019 2542 sanguine
1046 2488 1338 2527 immensurate
1365 2496 1567 2538 prorum-

93 2548 221 2597 pente
251 2544 455 2584 arefactus
487 2549 548 2583 est
574 2543 804 2584 femoribus
833 2544 954 2584 simul
974 2552 1017 2584 et
1045 2544 1169 2592 tibiis,
1203 2542 1307 2581 adeo
1335 2546 1382 2579 ut
1409 2537 1565 2594 phorio

95 2599 260 2640 veniret
275 2601 536 2656 Byzantium.
567 2599 680 2639 hunc
699 2599 958 2655 Nicephorus
987 2598 1230 2654 patriarcha
1260 2595 1398 2635 valido
1428 2607 1568 2635 amans

99 2657 280 2708 affectu,
319 2656 536 2697 consilium
582 2656 708 2696 dabat
751 2657 788 2697 ei
813 2662 878 2696 <ut
918 2657 1042 2697 deum
1078 2656 1289 2709 placaret,
1320 2659 1363 2692 et
1393 2665 1464 2692 eos
1496 2649 1570 2706 qui

99 2712 276 2752 avaritia
295 2713 561 2769 praegravati
584 2719 715 2753 essent
744 2728 767 2753 a
795 2721 919 2767 patre
946 2728 1021 2753 suo
1045 2711 1346 2751 consolaretur.
1376 2708 1431 2748 ad
1448 2721 1572 2762 quem

99 2768 268 2822 paterni
297 2783 433 2810 sensus
459 2783 678 2824 germanus
707 2768 826 2811 heres
857 2769 1022 2809 dicebat
1055 2783 1136 2806 non
1161 2781 1202 2805 se
1225 2779 1343 2819 posse
1373 2765 1463 2818 plus
1492 2763 1574 2802 tri-

100 2825 178 2868 bus
210 2825 389 2868 reddere
418 2826 597 2867 talentis.
658 2825 762 2867 haec
792 2832 930 2867 autem
970 2831 1060 2865 erat
1086 2823 1196 2863 exilis
1222 2835 1319 2877 pars
1350 2818 1576 2861 iniustitia-
