1728 3184
710 160 896 233 »ion-r:
1441 177 1541 234 447

67 301 122 342 tis
148 299 305 355 diebus4
335 300 389 343 de
417 302 569 367 quibus
597 302 754 344 iterum
788 319 942 345 sermo.
999 306 1192 361 sequitur
1221 305 1434 349 dominica
1460 322 1545 350 no-

67 357 131 399 his
156 358 554 423 quinquagesimae,
594 361 766 401 Graecis
798 356 952 414 τυρινὴ
969 394 980 413 ,
1009 362 1095 402 sive
1121 361 1364 418 τυροφάγος
1396 365 1439 405 ἱιι
1462 378 1546 414 ,ee-

67 414 300 455 clesiastieis
342 415 488 456 officiis
535 422 708 466 vocata,
748 417 865 472 quod
906 431 985 471 per
1026 433 1116 459 eam
1143 425 1287 461 totam
1308 435 1473 462 caseum
1502 426 1547 462 et

67 485 148 510 ova
173 471 397 525 permittat
413 473 599 526 ecclesia,
629 473 830 528 illisque
821 488 860 513 ιιι
891 488 937 513 ea
957 474 1161 528 comestis,
1189 483 1417 531 sequutura
1449 491 1546 518 mox

65 527 382 592 quadragesima
412 528 489 569 illis
520 529 694 570 omnino
729 537 984 594 perpetuum
1031 531 1123 572 vale
1150 509 1376 573 'dicendum
1407 534 1546 575 instet.

68 583 172 624 feria
200 559 380 624 secunda
418 599 592 641 sequens
633 587 832 626 ieiunium
873 587 1231 642 quadragesimale
1271 586 1545 640 εγκαινιάζει,

68 645 111 680 et
138 639 192 680 ab
219 655 267 680 ea
314 654 399 680 non
444 643 553 683 casei
590 643 716 683 modo
748 649 790 682 et
821 658 1032 695 ovorum,
1063 644 1135 685 sed
1164 643 1340 697 piscium
1374 660 1548 709 quoque

69 703 114 737 et
145 696 228 738 olei
253 695 525 739 interdicitur
554 714 643 742 usu.
716 699 937 739 sabbatum
973 705 1112 740 tamen
1154 707 1197 741 et
1233 699 1465 742 dominicae
1499 716 1549 742 ea

67 767 215 794 severa
254 753 494 794 eximuntur
535 754 652 809 lege,
681 762 724 796 et
763 757 903 796 oleum
941 756 983 796 in
1014 758 1070 798 eis
1111 755 1353 812 indulgetur
1380 757 1545 799 solum·

67 808 136 850 die
163 823 266 850 vero
297 808 532 852 dominicae
562 812 881 864 incarnationis,
916 827 1024 868 quae
1053 813 1150 853 alias
1181 814 1447 854 annunciatio
1474 812 1548 854 εὖ·

67 861 359 918 αγγελλισμός,
389 872 432 908 et
454 866 589 920 βαΐων
620 869 855 923 palmarum
894 869 1022 920 festo,
1051 870 1183 924 pisces
1212 870 1469 925 quicumque
1501 875 1550 910 ut

67 929 111 963 et
142 922 283 963 oleum
309 937 514 979 nusquam
545 925 817 980 denegantur.
862 939 995 980 quare
1024 926 1171 967 relicta
1200 926 1549 979 annunciationis,

69 992 177 1033 quae
206 977 336 1019 modo
364 979 725 1035 quadragesimam
746 981 870 1033 subit,
892 982 1021 1022 modo
1052 983 1104 1022 ab
1125 998 1173 1024 ea
1196 988 1358 1023 remota
1376 989 1449 1033 est,
1479 996 1549 1024 ce-

67 1034 276 1086 lebritate,
307 1042 446 1076 mente
467 1051 640 1092 quoque
661 1038 833 1079 remotis
864 1039 1026 1079 sabbati
1057 1038 1364 1094 dominicisque
1386 1037 1546 1091 diebus,

69 1091 222 1147 quibus
257 1091 337 1132 olei
369 1091 495 1133 datur
524 1094 725 1146 facultas,
751 1095 783 1134 si
811 1101 948 1134 tamen
988 1095 1209 1136 sabbatum
1236 1110 1436 1161 magnum
1465 1109 1546 1150 pa-

66 1147 218 1187 schatis
246 1148 512 1203 pervigilium
543 1154 617 1201 (est
647 1152 757 1191 enim
787 1151 873 1190 dies
912 1151 979 1191 ille
1010 1166 1179 1207 magnus
1207 1152 1372 1193 sabbati
1402 1166 1451 1193 ex
1479 1167 1548 1192 sa-

68 1204 151 1244 cris
179 1204 422 1255 canonibus)
455 1206 709 1260 dempseris,
759 1207 887 1262 rigidi
923 1184 1233 1265 strictiot’risque
1264 1208 1407 1249 ieiunii
1439 1223 1551 1274 qua-

70 1260 354 1315 dragesimalis
378 1276 446 1302 sex
484 1269 527 1303 et
558 1263 732 1318 triginta
774 1264 858 1304 dies
892 1264 1178 1319 colliguntur:
1204 1266 1394 1320 quinque
1423 1265 1550 1305 nimi-

67 1331 178 1365 rum,
209 1315 519 1358 hebdomadum
549 1326 709 1374 septem
748 1335 1023 1385 unaquaque,
1055 1322 1127 1376 qui
1155 1321 1329 1375 triginta
1359 1320 1461 1376 quin
1495 1335 1550 1362 ue

66 1373 320 1423 conficiunt,
346 1375 454 1415 alter
489 1376 649 1416 sabbati
681 1378 843 1431 magni,
874 1392 944 1431 qui
975 1383 1134 1417 sextum
1164 1377 1294 1429 addit,
1324 1376 1506 1432 pascha
1495 1391 1552 1417 is..

69 1444 153 1485 que
184 1430 318 1471 noctis
357 1445 404 1470 ea
435 1445 533 1486 pars
569 1432 718 1484 media,
748 1448 855 1488 quae
895 1448 1124 1487 auroram,
1156 1440 1254 1475 ante
1286 1448 1412 1498 quam
1443 1434 1550 1474 ieiu-

70 1486 187 1526 nium
217 1487 472 1551 abrumpere
504 1503 589 1528 non
621 1489 732 1540 licet,
767 1490 956 1543 respicit.
988 1504 1035 1530 ex
1061 1490 1212 1555 quibus
1244 1489 1407 1530 cunctis
1436 1489 1552 1544 apud

70 1544 255 1583 Graecos
294 1543 497 1584 ieiunium
539 1546 895 1601 quadragesimale
930 1548 1134 1587 austerius
1175 1560 1258 1586 non
1301 1546 1376 1586 nisi
1405 1560 1475 1587 sex
1505 1552 1550 1587 et

68 1599 244 1654 triginta
274 1599 419 1640 diebus
460 1615 554 1640 cum
599 1603 787 1658 aliquota
817 1602 983 1656 septimi
1024 1609 1146 1656 parte
1185 1603 1435 1643 censendum
1474 1608 1548 1643 est.

69 1670 119 1695 ac
148 1670 200 1695 ne
227 1657 425 1712 figmento
466 1658 566 1697 mihi
613 1660 837 1712 praemissa
879 1659 1072 1712 expositis
1111 1665 1318 1709 vertatur,
1348 1658 1549 1710 Matthaei

68 1713 259 1752 Blastatis
289 1715 528 1755 canonistae
559 1717 745 1755 Graecos
781 1717 891 1755 inter
918 1716 1229 1756 celebratissimi
1258 1729 1354 1770 cap.
1384 1715 1410 1755 5
1450 1714 1549 1756 Ele-

69 1768 200 1808 menti
226 1770 279 1809 Τ.
309 1783 437 1834 super
455 1786 500 1810 ea
525 1786 571 1811 re
582 1773 798 1839 scriptam
829 1772 1004 1837 profero
1023 1772 1288 1813 sententiam.
1310 1771 1551 1837 σημείωσαι

70 1825 228 1876 ταῦτα,
259 1825 412 1891 inquit,
433 1815 546 1874 ἅπαξ
572 1824 593 1866 ὁ
622 1825 803 1875 παλαιὸς
823 1824 950 1878 νόμος
968 1841 1054 1876 τοις
1082 1825 1249 1882 ὁρατοῖς
1281 1825 1550 1868 ε’κπαιδεύειν

72 1877 220 1921 εἰώθει
245 1878 325 1934 τὴν
365 1882 449 1922 τῶν
494 1880 688 1936 ἀοράτων
729 1884 1017 1936 κατάστασιν,
1062 1884 1137 1924 καί
1167 1888 1256 1934 τοῖς
1291 1886 1551 1948 σωματικοῖς

71 1936 156 1976 τῶν
185 1951 483 2001 πνευματικων
524 1937 904 1993 πραγματείεσθαι
943 1937 1019 1992 τὴν
1048 1939 1300 1993 διόρθωσιν.
1353 1935 1469 2005 πρὸς
1495 1935 1548 1992 δή

70 1996 160 2040 τοῖς
187 1987 333 2040 ἄλλοις
360 2009 430 2034 και
463 1994 539 2043 τὰς
568 1997 655 2036 τῶν
682 1994 965 2048 ὑπαρχόντων
994 1994 1175 2045 δεκάτας
1202 1996 1259 2051 τῶ
1284 1995 1373 2052 θειό
1401 1995 1550 2035 καθιε-

70 2049 176 2100 ροῦν
203 2053 293 2096 τοῖς
320 2052 519 2099 παλαιοῖς
547 2050 725 2105 ἐτησάυς
754 2053 1059 2104 προστέτακτο.
1089 2051 1141 2093 τά
1174 2053 1220 2093 δὲ
1240 2066 1425 2099 τυπικως
1449 2049 1550 2103 παρ’

69 2104 245 2152 ἐκείνοις
268 2102 513 2157 τελούμενα,
539 2108 755 2158 μυστικῶς
785 2107 888 2171 ἡμῖν
916 2108 1239 2160 ἐκλαμβάνεται.
1269 2107 1297 2162 ἧ
1323 2109 1427 2161 γοῦν
1450 2106 1551 2173 θείᾳ

69 2162 154 2201 τῶν
183 2158 434 2201 α’ποστόλων
466 2160 592 2215 λογάς
630 2161 689 2217 μὴ
725 2159 973 2229 καταλύειν,
1014 2163 1106 2206 ἀλλ’
1149 2163 1445 2218 ἀναπληροῦν,
1470 2158 1550 2227 κᾷν

68 2215 205 2273 τούτῳ
232 2213 374 2257 ἔιδεον
402 2217 624 2270 ἐγνωκότες
659 2219 733 2260 τὸν
762 2216 915 2272 νόμον,
945 2218 1023 2260 ουκ
1039 2221 1293 2286 ἐπικαίρων
1320 2204 1551 2272 παραγμά-

68 2286 167 2326 των,
179 2256 308 2312 ἀλλὰ
338 2274 423 2313 τῶν
457 2273 625 2340 ἧμερῶν
652 2277 724 2329 τῆς
756 2276 864 2329 ζωῆς
892 2275 1015 2328 ἡμῶν
1034 2273 1214 2330 ἑκάστης
1243 2276 1320 2317 τοῦ
1347 2274 1551 2315 ἐνιαυτου

70 2328 326 2397 περιτροπῆς
366 2327 446 2377 τάς
491 2328 671 2379 δεκάτας
709 2333 942 2383 καθιεροῦν
983 2334 1043 2372 τῶ
1094 2334 1181 2388 θειῦ
1224 2330 1549 2372 τεθεσπίκασιν·

70 2381 190 2424 mcciv
218 2383 291 2425 διὰ
319 2385 397 2452 τῆς
424 2386 470 2426 ἐν
497 2386 649 2434 αὐταῖς
677 2387 887 2441 σπουδῆς,
922 2386 996 2428 καί
1018 2373 1284 2441 θερμοτέρας
1305 2382 1549 2449 μετανοίας,

68 2438 123 2481 τά
166 2441 272 2494 παρ’
314 2438 412 2482 ὅλον
461 2439 653 2483 ἐνιαυτὸν
692 2445 769 2497 τῆς
807 2443 954 2497 ψυχῆς
996 2442 1312 2509 αρρωστήματα
1354 2438 1434 2482 σὺν
1461 2442 1549 2498 θεῶ

69 2497 218 2561 βοηθῷ
243 2494 528 2551 δυνηθείημεν
550 2497 849 2569 κέξιάσασθαι·
915 2498 961 2541 τὸ
1009 2497 1184 2541 δεκατὸν
1226 2499 1274 2539 δὲ
1299 2510 1373 2538 του
1404 2482 1550 2538 ἐνιαυ-

66 2553 147 2593 τοῦ
173 2550 250 2600 τὰς
278 2557 363 2594 τῶν
389 2553 594 2618 νηστειῶν
624 2556 783 2604 ταύτας
814 2554 977 2610 ἡμέρας
1005 2553 1114 2598 εἶναι
1154 2556 1325 2622 φαμέν·
1391 2549 1439 2594 αἱ
1466 2550 1547 2606 γὰρ

68 2603 173 2648 επτά
200 2623 363 2650 τουτων
405 2606 640 2661 ἓβδομάδες
679 2627 815 2664 χωρας
845 2612 929 2652 τῶν
960 2609 1207 2664 σαββάτων,
1236 2626 1307 2650 και
1334 2624 1552 2677 κυριακων

68 2662 227 2716 ἡμέραι
269 2665 454 2717 γίιονται
497 2667 618 2706 πέντε
653 2665 760 2719 πρὸς
805 2674 897 2716 ταῖς
939 2665 971 2708 λ
988 2666 1371 2723 ,προστιθεμένου
1402 2666 1449 2705 δὲ
1475 2662 1552 2705 καί

67 2721 146 2759 τοῦ
170 2720 360 2772 μεγάλου
398 2720 645 2791 σαββάτου,
689 2725 764 2764 καί
804 2727 885 2764 τοῦ
925 2703 1098 2789 ἡμίσεος
1132 2724 1207 2775 τῆς
1247 2722 1447 2787 λαμπρᾶς
1474 2720 1548 2761 ami

67 2777 327 2830 φωτοειδοῦς
350 2776 506 2834 νυκτός,
539 2777 698 2835 ἡμέραι
726 2780 911 2834 γίνονται
949 2776 1022 2834 λς’,
1055 2777 1129 2820 καί
1159 2777 1361 2833 ἡμίσεια,
1399 2775 1448 2819 τὸ
1479 2777 1549 2818 δε·
