1768 3268
267 223 330 269 82
486 226 768 269 ANASTAsn
809 223 1071 269 HISTORlA
1095 219 1515 268 ECCLESIASTICA

267 341 432 383 enolico
461 341 636 381 Zenonis
663 341 946 389 subscribere3
990 341 1062 395 qui
1092 340 1201 379 facta
1241 336 1401 394 synodo
1433 335 1732 390 episcoporum

265 399 580 453 subdegentium
597 399 830 438 multorum
861 411 1054 437 versuum
1072 396 1287 451 epistolam
1313 393 1492 448 scripsit,
1509 393 1732 432 Nicaenam

267 455 774 509 Constantinopolitanam
805 460 847 494 et
873 453 1123 509 Ephesinam
1152 453 1351 493 confitens
1381 449 1577 506 synodoS,
1608 449 1734 489 Chal-

262 513 535 552 cedoneusem
552 517 689 552 autem
714 511 861 552 tacuit.
923 510 1169 566 reprobavit
1191 515 1329 548 autem
1345 506 1600 559 Diodorum,
1629 506 1728 546 sub-

262 568 358 609 dens
391 569 572 623 capitula
614 574 842 624 quattuor,
875 582 954 622 per
983 581 1089 623 quae
1118 581 1211 606 cum
1245 562 1569 605 Chalcedonensi
1599 577 1732 618 appa·

261 631 328 665 ret
358 620 456 665 non*
475 638 706 666 consonare
734 624 926 676 concilio,
969 623 1143 664 maxime
1172 637 1318 663 vocem
1348 620 1527 660 duarum
1555 625 1732 660 natura-

261 697 355 723 rum
386 683 645 736 impugnans.
705 681 823 722 aiunt
852 686 1072 735 praeterea
1114 679 1281 735 quidam
1311 677 1414 718 haec
1443 677 1584 717 Aeacii
1616 677 1730 716 Con-

259 738 586 792 stantinopoleos
617 751 711 778 esse.
743 732 879 792 porro
899 737 1116 777 Flavianus
1145 742 1347 776 secretam
1378 733 1598 788 epistolam
1626 733 1732 774 scri-

259 795 341 849 psit
373 796 610 846 Anastasio,
644 793 918 835 intentionem
947 795 1032 834 eius
1072 800 1267 834 sectatus.
1327 790 1519 832 similiter
1549 790 1732 831 Xenaias

260 853 422 905 impius,
453 852 526 906 qui
548 857 590 892 et
607 857 950 905 praesumptuose
979 865 1124 905 gerens
1143 849 1304 890 addidit
1323 848 1384 888 his
1415 847 1607 902 capitulis
1630 862 1732 888 ana-

260 907 397 947 thema
428 913 577 947 contra
605 907 899 947 divinissimum
924 908 1108 947 Leonem
1127 908 1363 946 Romanum
1392 911 1434 946 et
1449 904 1657 960 synodum
1682 918 1732 944 ac

260 964 335 1003 illis
370 964 682 1004 consentientes.
741 969 783 1004 at
812 979 914 1004 vero
936 963 1230 1004 Constantinus
1262 962 1480 1017 episcopus
1508 961 1729 1003 Seleuciae

260 1021 634 1061 Clialcedonensem
653 1019 857 1076 synodum
890 1020 1279 1061 anathematizabat.
1337 1031 1474 1073 porro
1503 1017 1726 1059 Flavianus

257 1084 305 1117 ut
321 1077 523 1132 derogans
539 1077 704 1131 scripsit
722 1077 979 1132 imperatori,
998 1077 1180 1117 indicans
1198 1076 1312 1117 haec.
1336 1077 1570 1130 imperator
1589 1082 1731 1116 autem

257 1134 490 1188 indignatus
512 1140 572 1174 est
604 1133 796 1174 adversus
829 1148 934 1185 eum,
956 1133 1275 1174 Constantinum
1304 1133 1446 1186 potius
1471 1138 1512 1173 et
1526 1132 1730 1173 Xenaiam

254 1191 488 1244 suscipienS.
514 1190 655 1231 Heliae
676 1203 778 1231 vero
805 1190 1002 1244 episcopo
1024 1189 1408 1246 Hierosolymitano
1429 1189 1598 1244 scripsit
1614 1191 1731 1229 Ana-

253 1247 393 1286 stasius
418 1247 561 1287 iubens
577 1253 725 1288 contra
745 1246 1122 1288 Chaldeconensem
1141 1244 1372 1288 decernere
1397 1247 1623 1302 synodum3
1656 1244 1730 1301 qui

253 1303 464 1358 rescripsit
481 1303 725 1358 imperatori
748 1303 1093 1344 anathematizans
1113 1303 1351 1344 Nestorium
1361 1302 1580 1359 Eutychen
1602 1308 1744 1358 atque

47 1359 515 1411 p.23315Di0d01-um,
558 1365 599 1399 et
643 1360 868 1400 concilium
907 1360 1242 1401 Chalcedonense
1287 1360 1507 1414 recipiens.
1567 1360 1731 1400 interea

253 1416 446 1456 monachi
476 1415 644 1471 quidam
675 1416 878 1458 haeretici
906 1416 1090 1468 ducenti,
1122 1418 1334 1458 venientes
1369 1417 1420 1456 ab
1452 1417 1631 1457 Oriente
1647 1417 1731 1472 By-

251 1473 433 1512 zantium
471 1489 552 1513 una
593 1488 687 1512 cum
715 1473 871 1514 Severo
906 1474 1061 1528 impio,
1093 1479 1244 1514 contra
1271 1472 1571 1514 Macedonium
1601 1479 1730 1528 atque

252 1530 477 1569 concilium
510 1530 793 1570 decertabant.
851 1530 926 1570 hos
947 1531 1179 1572 Anastasius
1205 1530 1440 1570 honorifice
1472 1530 1654 1584 suscepit
1683 1534 1731 1569 ut

250 1586 436 1625 veritatis
468 1586 671 1636 inimicos,
703 1592 744 1627 et
783 1601 851 1627 eos
897 1587 967 1642 qui
1017 1587 1378 1627 conturbaverant
1424 1586 1658 1637 Orientem,
1689 1591 1732 1626 et

250 1640 318 1680 hic
351 1642 494 1681 eadem
537 1650 769 1696 operantes,
828 1644 1001 1684 Ioannes
1040 1658 1144 1684 vero
1175 1643 1478 1684 Alexandrinus
1510 1644 1731 1699 episcopus

253 1697 336 1737 duo
368 1699 478 1737 milia
509 1698 710 1738 librarum
741 1700 832 1739 auri
864 1701 965 1741 dare
991 1700 1223 1755 spopondit
1253 1700 1532 1755 imperatori,
1564 1700 1597 1740 si
1626 1714 1729 1755 per-

253 1755 359 1794 fecte
387 1755 556 1795 eiiceret
572 1755 903 1797 Chalcedonense
933 1758 1177 1798 concilium:
1212 1757 1450 1812 imperator
1481 1762 1620 1798 autem
1636 1759 1730 1797 Ma-

253 1810 475 1851 cedonium
503 1813 678 1866 cogebat
716 1814 995 1867 apocrisiariis
1028 1810 1343 1855 communicare
1389 1814 1566 1865 Ioannis,
1602 1815 1730 1853 Ioan-

256 1881 435 1922 nemque
475 1868 662 1921 recipere
689 1870 907 1925 synodum,
952 1886 1087 1926 neque
1117 1872 1391 1926 recipientem
1422 1885 1559 1927 neque
1589 1870 1728 1926 proii-

256 1924 445 1963 cientem.
505 1926 769 1965 Macedonius
799 1934 936 1967 autem
968 1928 1132 1982 restitit,
1163 1929 1302 1969 dicens
1327 1941 1410 1968 non
1442 1927 1518 1967 illis
1542 1942 1586 1968 se
1608 1941 1729 1967 com-

255 1980 562 2019 munieaturum
581 2012 592 2031 ,
625 1982 700 2021 nisi
741 1985 1023 2024 confiteantur
1052 1992 1230 2025 matrem
1269 1990 1312 2026 et
1338 1985 1579 2040 magistram
1605 1998 1730 2041 syno-

257 2035 355 2075 dum
387 2036 771 2078 Chalcedonensem.
831 2046 1016 2080 ceterum
1041 2043 1267 2082 Deuterius
1296 2042 1515 2096 episcopus
1546 2041 1729 2083 Ariano-

259 2107 352 2131 rnm
379 2093 564 2147 Byzantii
595 2095 806 2148 baptizans
852 2098 1062 2151 quendam
1103 2099 1240 2139 virum
1285 2094 1456 2139 nomine
1483 2098 1730 2148 Barbarum,

257 2154 430 2203 praeter
460 2149 710 2191 dominicam
753 2153 1023 2194 traditionem
1053 2170 1170 2195 ausus
1197 2161 1259 2196 est
1288 2155 1432 2196 dicere
1462 2155 1732 2210 “baptizatur

257 2206 468 2244 Bai-barus
499 2205 538 2244 in
573 2208 740 2247 nomine
770 2210 900 2262 patris
930 2225 1008 2265 per
1037 2212 1167 2252 filium
1199 2213 1242 2252 in
1276 2212 1430 2268 spiritu
1459 2217 1604 2252 sancto
1624 2213 1661 2260 ;'’
1690 2217 1732 2253 et

257 2260 397 2301 statim
428 2261 639 2301 lavacrum
668 2265 913 2305 exsiccatum
944 2274 1018 2307 cst.
1077 2269 1289 2309 Barbarus
1319 2282 1421 2309 vero
1442 2269 1600 2310 timore
1628 2282 1731 2322 per-

257 2317 431 2357 territus
470 2318 607 2372 fugit,
640 2327 682 2359 et
722 2322 911 2361 omnihus
953 2331 1101 2364 notum
1143 2326 1245 2366 fecit
1272 2324 1536 2366 miraculum.
1594 2338 1732 2380 porro

258 2374 495 2427 imperator
525 2375 816 2415 Macedonium
848 2379 1269 2437 Constantinopoleos
1313 2383 1559 2437 episcopum
1606 2396 1731 2436 coge-

259 2431 334 2470 hat
361 2430 711 2471 anathematizare
740 2433 1072 2478 Chalcedonense
1102 2439 1346 2491 concilium,
1374 2437 1731 2493 quemadmodum

261 2492 303 2525 et
320 2486 477 2526 Heliam
494 2487 927 2542 Hierosolymitanum.
957 2499 1018 2531 ast
1038 2495 1303 2536 Mac-edonias
1320 2497 1478 2552 absque
1506 2493 1732 2536 universali

261 2542 433 2596 synodo,
459 2557 566 2598 quae
586 2544 817 2598 praesulem
829 2547 1061 2589 Romanum
1078 2552 1251 2592 liaberet
1267 2552 1523 2607 episcopum,
1543 2550 1733 2606 impossi-

261 2598 345 2662 pile
391 2600 484 2639 fore
515 2600 596 2639 hoc
625 2614 666 2640 se
691 2602 828 2642 facere
857 2603 1079 2646 fatebatur.
1135 2609 1244 2649 unde
1274 2604 1462 2650 inimicus
1493 2609 1531 2650 ei
1561 2603 1730 2649 effectus

132 2673 167 2708 p.
180 2662 495 2708 2351mperator
529 2657 813 2710 confugientes
843 2658 894 2698 ad
915 2661 1100 2702 ecclesias
1127 2665 1334 2706 violenter
1353 2665 1573 2707 extrahere
1602 2663 1731 2714 iussit,

262 2717 304 2774 et
350 2711 528 2752 ecclesiis
567 2711 878 2754 haereticorum
917 2716 1204 2761 intemeritatis
1245 2722 1513 2763 diffinitiones
1558 2735 1731 2762 conces.-

261 2773 338 2806 sit:
374 2773 586 2822 quotquot
617 2776 756 2809 autem
786 2771 924 2812 clerici
960 2780 1001 2814 ct
1023 2776 1114 2816 laici
1145 2780 1332 2827 Byzantii
1363 2786 1496 2830 erant,
1527 2778 1640 2834 apud
1657 2777 1733 2817 Se-

260 2837 408 2865 verum
438 2831 480 2865 et
511 2826 772 2868 Manichacus
802 2828 1035 2872 Orientales
1066 2826 1299 2876 haereticos
1328 2837 1550 2889 vacabant,
1579 2840 1730 2876 contra
