1728 3184
661 181 867 224 NOTAE.
1394 180 1492 229 523

28 303 117 334 ctae
142 293 345 347 delpame
367 293 587 348 specimina
625 305 897 348 consecratae,
940 309 978 338 et
1006 300 1061 340 ab
1086 314 1140 340 ea
1164 314 1325 356 semper
1349 314 1493 340 cerva-

25 360 92 390 tae
107 351 340 390 memoriam
353 350 614 391 oetebramm.

137 421 236 472 611,
275 421 343 463 20.
406 421 581 474 Σέργιος
628 418 1026 476 πρωτοσπαθάριος]
1061 425 1104 466 in
1148 428 1333 469 obsessae
1376 428 1491 470 urbis

25 485 207 532 tempus,
250 478 293 519 id
337 484 399 519 est
434 479 694 532 proximum,
734 480 872 535 Sergii
920 480 1192 524 defectionem
1231 483 1491 539 Nicephorum

26 542 215 576 revocat.

135 604 240 657 612,
269 601 310 646 4.
338 603 662 658 Ὀνομαγοῦλου]
694 608 760 647 cui
784 609 900 648 asini
924 609 1121 651 maxilla.
1151 605 1391 663 μάγουλον,
1421 627 1488 654 re.

24 663 278 704 cautioribus
307 662 503 702 maxilla.
534 663 705 704 Portius
732 671 774 704 et
802 665 1018 708 meursius.

144 739 254 782 lbid.
300 741 364 781 15.
443 738 749 795 πλησιάζοντας
793 742 839 782 ἐν
874 743 1105 799 Καλαβρίᾳ
1140 740 1486 801 Λογγιβᾰρδους]

24 810 88 837 res
114 796 167 836 ab
201 797 257 837 eis
283 803 413 853 gestas
440 797 591 838 Paulus
632 799 829 839 diaconus
868 800 907 839 in
940 799 1147 839 historicis
1177 808 1375 840 recenset.

132 866 229 920 613,
252 867 293 909 5.
350 867 618 925 φασκιαὶσας]
649 872 874 913 barbaram
908 887 1054 913 vocem
1083 872 1266 913 barbare
1293 887 1486 927 pronun-

21 925 98 966 tiat
129 925 342 966 recentior
381 928 554 967 Graecia
584 927 852 981 φασκιώνειν,
871 930 1026 982 fasciis
1057 929 1282 968 involvere.
1341 931 1486 970 Meur-

19 981 112 1023 sins.
142 983 376 1024 Anastasius
406 983 615 1023 reddidit:
632 985 759 1035 saxa
789 986 981 1024 condit-e.-
1016 985 1207 1036 miscella,
1233 1000 1361 1039 pusca
1390 1001 1485 1026 con-

19 1037 128 1078 dire.
187 1039 299 1078 favet
340 1038 435 1081 cod.
476 1040 602 1079 Barb.
645 1039 767 1080 lectio
809 1038 1096 1093 φουσκιοόσας.
1158 1042 1214 1081 ita
1249 1041 1484 1082 involutum

18 1101 147 1148 caput
178 1093 278 1140 illud
305 1102 425 1149 put0,
456 1103 504 1135 ut
531 1110 655 1149 pusca
687 1097 751 1136 vel
779 1097 951 1152 myrrha
979 1112 1149 1152 quoque
1175 1097 1305 1139 fuerit
1335 1098 1482 1142 condi-

19 1157 125 1197 tum,
157 1156 199 1191 et
227 1150 504 1203 ἐσμυρμὲνον,
537 1159 583 1192 ut
600 1151 726 1193 habet
756 1160 909 1193 auctor
940 1153 1110 1194 inferius
1139 1154 1193 1195 ad
1222 1154 1483 1198 Constantini

18 1206 279 1263 copronymi
311 1222 465 1246 annum
484 1206 548 1252 10,

126 1280 234 1320 Ibid.
267 1278 331 1320 10.
389 1275 442 1319 τὰ
486 1274 661 1331 ἑσπέρια
690 1277 814 1335 μέρη]
860 1296 967 1336 quae
995 1281 1064 1322 hic
1090 1282 1143 1325 ad
1171 1282 1485 1324 Saracenorum

15 1335 234 1377 historiam
256 1336 486 1390 spectantia
516 1338 555 1376 in
595 1337 765 1393 Peyrez.
803 1338 951 1379 codice
982 1339 1187 1394 legantur,
1218 1340 1329 1381 inter
1356 1339 1478 1381 huius

15 1407 110 1448 pag.
145 1392 342 1433 lectiones
363 1392 493 1431 varias
527 1395 722 1447 reperies.

129 1465 237 1505 Iln'd.
274 1464 340 1505 12.
399 1462 738 1518 ἅποκιυησάντων
767 1466 815 1506 δὲ
844 1465 928 1506 τῶν
944 1465 1203 1521 Σαρακηνιὸν
1242 1469 1294 1523 τῇ
1322 1464 1369 1507 ιε’
1399 1466 1478 1508 τοῦ

15 1515 291 1576 Λιῖγοιῗστου]
322 1521 568 1562 triennalem
600 1523 679 1562 CP.
709 1522 967 1563 obsidionem
998 1525 1148 1564 Paulus
1178 1523 1376 1564 diaconus
1407 1524 1478 1564 lib.

15 1574 43 1616 6
73 1591 165 1631 cap.
205 1576 259 1617 47
308 1577 360 1618 de
405 1578 674 1632 Longobard.
714 1579 846 1634 gestiS.
887 1581 1147 1635 Nicephorus
1182 1580 1234 1620 ad
1277 1580 1482 1621 tredecim

16 1648 186 1683 menses,
213 1640 366 1674 auctor
394 1634 446 1675 ad
480 1650 633 1674 annum
663 1641 826 1675 tantum
856 1637 1073 1691 producit.
1106 1638 1345 1678 masalmam
1373 1638 1483 1677 enim

14 1691 185 1745 Augusti
218 1690 287 1731 die
320 1690 369 1731 15
399 1705 491 1731 eam
521 1692 703 1746 posuisse
732 1707 842 1733 auno
866 1693 1115 1747 superiore,
1146 1693 1215 1733 hic
1241 1693 1387 1734 eadem
1414 1692 1484 1734 die

14 1748 191 1786 solutam
223 1747 382 1788 scribit.
443 1747 666 1788 adventum
697 1756 739 1788 et
774 1764 976 1789 recessum
1003 1750 1253 1790 memoravit
1271 1748 1485 1805 Nicepho-

16 1817 112 1844 rus:
146 1804 254 1845 alter
281 1803 554 1859 expeditionis
581 1813 855 1860 praeparatae
884 1812 1045 1860 tempus
1067 1806 1244 1858 inclusit,

126 1871 224 1928 614,
252 1876 297 1918 8.
355 1872 530 1928 πιάσαι]
557 1873 708 1929 πιάνω,
736 1879 907 1935 accipio,
938 1879 1185 1920 recentioris
1212 1878 1378 1935 linguae
1405 1893 1483 1920 vo·-

14 1931 223 1972 cabulum.
252 1933 455 1975 Mem-sius
484 1940 527 1976 et
544 1935 724 1975 Portius.

128 2010 245 2053 Ibid.
267 2011 332 2052 11.
369 2009 580 2054 ἐκώλυσεν
598 2007 798 2067 Οῧμαρος
826 2011 902 2054 τὸν
929 2007 1060 2065 οἶνον]
1087 2013 1366 2055 Mahometem
1394 2013 1482 2053 vini

14 2067 202 2118 abusum,
233 2083 319 2109 non
346 2083 466 2110 usum
492 2070 757 2124 prohibuisse
784 2071 943 2111 Turcas
985 2072 1210 2111 referentes
1239 2069 1390 2110 audivi.
1448 2070 1480 2110 is

13 2124 137 2175 enim,
163 2125 310 2176 aiunt,
340 2139 436 2165 cum
465 2140 511 2167 ex
550 2127 635 2167 vini
663 2133 771 2181 potu
813 2127 1080 2167 convivantes
1111 2127 1316 2178 laetiores,
1348 2126 1482 2166 canti-

11 2179 90 2220 bus
119 2186 164 2221 et
192 2181 387 2236 tripudiis
415 2181 673 2238 indulgentes
720 2184 803 2224 iter
840 2197 959 2238 agens
1001 2184 1286 2238 comperisset,
1315 2183 1412 2222 vino
1437 2187 1482 2223 et

12 2236 98 2278 cius
127 2238 248 2292 potui
271 2238 439 2279 assuetis
466 2239 572 2280 bene
590 2245 785 2294 precatus
803 2245 887 2280 est:
919 2238 1061 2281 eadem
1093 2247 1232 2280 autem
1261 2238 1328 2279 via
1361 2253 1384 2278 e
1406 2252 1480 2279 ne-

11 2293 130 2348 gotio
162 2294 295 2335 redux
336 2295 570 2350 iurgantes,
611 2301 653 2336 et
694 2296 869 2337 dissidiis
910 2311 995 2337 sese
1034 2302 1182 2337 mutuo
1212 2294 1479 2337 conficientes

10 2350 341 2404 contemplatus,
371 2353 539 2399 vinum,
578 2358 621 2392 et
661 2353 734 2408 qui
764 2353 959 2394 biberent
987 2353 1086 2394 diris
1128 2352 1311 2394 devovit.
1377 2351 1479 2390 hinc

11 2406 247 2462 prophetae
283 2408 347 2448 sui
388 2408 509 2448 dictis
555 2410 748 2463 crapulas
789 2411 986 2464 proprias
1036 2408 1230 2459 laudant,
1273 2413 1316 2449 et
1366 2407 1478 2447 eius-

9 2461 105 2503 dem
138 2464 275 2505 verbis
305 2479 331 2505 a
361 2464 461 2505 vino
488 2464 568 2506 sibi
595 2471 874 2520 temperantes
912 2467 964 2507 de
992 2467 1078 2507 eius
1106 2463 1353 2505 abstinentia
1381 2462 1479 2517 glo-

10 2519 192 2566 riantur.

119 2592 227 2634 Ibid.
264 2592 333 2641 18.
390 2592 547 2646 ἐτέχθη
591 2593 648 2648 τῷ
682 2593 888 2646 δυσσεβεῖ
918 2596 1111 2647 βασιλεῖ]
1156 2598 1253 2648 post
1283 2592 1478 2633 historias

9 2648 126 2690 mis
169 2650 458 2704 superioribus
496 2651 694 2704 ascriptas
747 2652 959 2706 subiungit
999 2651 1161 2704 pariter
1201 2648 1477 2703 Nicephorus‚

7 2699 118 2757 μετά
147 2706 284 2758 τοῦτο,
311 2707 426 2763 quasi
455 2721 566 2747 anno
598 2707 743 2759 tertio,
772 2708 953 2748 τίκτεται
982 2702 1075 2754 υἱὸς
1101 2704 1159 2761 τῷ
1185 2706 1365 2758 βασιλεῖ’.

121 2775 217 2831 615,
254 2781 289 2820 1.
345 2779 400 2835 τῇ
425 2778 472 2820 δὲ
510 2775 572 2820 κα’
603 2779 681 2821 ποῦ
715 2777 985 2832 Ὀκτωβρίων]
1030 2779 1244 2820 Palatinus
1272 2777 1403 2819 codex
1433 2783 1475 2819 et
