1728 3184
464 188 650 232 NOTAE
687 190 1069 239 POSTERIORES.
1397 193 1490 241 591

153 300 250 353 25¹,
277 301 317 341 2.
373 300 419 342 ἐν
444 302 503 359 τῷ
530 299 716 354 Βυζάντ.

150 371 263 412 Ibid.
292 371 334 413 8.
389 370 669 427 ἀνεχώρησαν
707 373 755 415 td
794 372 934 430 πλήθη
971 379 1052 417 τῶν
1077 382 1297 435 κληρικῶν]
1339 385 1435 425 vat.
1471 384 1491 424 l

41 433 90 467 ut
118 428 275 482 clerici,
301 443 386 468 non
417 429 532 483 plebs
564 431 768 471 rusticana
808 435 1067 486 promotioni
1094 451 1171 489 per
1202 440 1342 479 laicam
1371 446 1494 494 pote-

41 490 187 526 statem
216 485 350 525 factae
386 485 648 536 obstiterint,
693 495 864 542 tumque
907 490 1039 529 eidem
1069 497 1357 546 consenserint,
1391 510 1440 535 ac
1469 511 1494 536 a

39 554 83 580 se
109 540 339 595 probatum
377 541 532 582 iterum
574 542 874 587 ordinaverint.
941 546 1010 585 alii
1037 553 1170 588 tamen
1197 551 1388 602 χωρικῶν
1414 551 1493 591 ha-

38 597 154 646 hent,
186 597 409 651 redditque
434 599 680 639 Anastasius.
747 602 994 650 rto-cicorum,
1037 604 1327 657 oppidanorum
1358 607 1492 649 mulci-

38 653 168 704 md05
198 659 249 693 ut
274 653 380 694 solet
407 653 490 694 hoc
518 668 644 709 genus
674 655 886 696 hominum
914 660 1132 711 procacius
1156 674 1254 700 esse.

151 742 246 794 252,
277 741 321 783 9.
379 742 478 795 περὶ
504 740 658 784 τούτου
685 744 982 799 παρεκάλεσεν]
1024 749 1122 803 Reg.
1151 752 1308 804 rogavit
1332 752 1492 803 itgfeslos

41 799 252 840 daemones
293 798 538 856 depelleret3
568 806 612 839 et
656 808 703 841 ut
731 805 870 844 Anast.
900 819 1019 860 super
1053 806 1127 846 hoc
1154 804 1392 862 deprecatus
1421 817 1490 849 est.

39 853 206 905 α’δειάν,
234 854 283 896 δὲ
311 855 512 908 παρέσχε.
533 857 634 911 Reg.

149 926 245 980 254,
274 925 314 968 6.
372 925 562 982 ζηλωτής
604 925 836 983 ὄρθοδόξου
870 931 1048 980 πίστεως
1089 929 1291 985 ἔμπυρος]
1315 934 1493 985 set-vem

39 983 317 1049 zelator-fidei
339 984 603 1028 orthodoxae.
660 986 759 1041 Reg.
787 987 910 1036 bene;
941 1003 1024 1028 non
1061 995 1108 1030 ut
1128 988 1284 1030 editum
1310 991 1492 1041 seorsim,

37 1053 252 1093 εμπειρος.

146 1121 253 1163 Ιόἰιί.
283 1122 349 1164 20.
376 1121 607 1165 ἐπισκόπου
632 1123 808 1178 Ῥώμης,
835 1125 999 1181 σπουδῇ
1007 1128 1274 1179 Βιταλιανοῦ,
1302 1124 1364 1168 ἔτι
1387 1128 1492 1179 ζῶν.

38 1193 109 1226 τος
130 1175 329 1220 Ἰωάννου
375 1177 604 1222 ἐπισκόπου
634 1183 759 1231 ΚΠ.]
792 1184 890 1237 Reg.
933 1184 1056 1223 Barb.
1097 1185 1221 1239 Peyr.
1263 1185 1384 1224 Cedr.
1410 1192 1489 1225 etc.

38 1235 150 1276 clara
179 1235 317 1276 litera.
374 1238 530 1278 factum
561 1237 603 1277 id
632 1238 875 1278 Hormisdae
899 1239 1079 1293 episcopi
1106 1240 1282 1280 Romani
1309 1242 1492 1280 auctori-

38 1299 138 1342 tate,
163 1292 303 1333 studio
334 1293 561 1345 vitaliani,
590 1309 685 1335 cum
725 1296 889 1335 Ioannes
921 1296 1142 1349 Cappadox
1167 1297 1245 1336 CP.
1275 1296 1492 1351 episcopus

39 1348 175 1388 adhuc
191 1348 246 1445 {ln
276 1350 377 1390 vivis
405 1356 562 1406 ageret.
594 1352 653 1392 sic
681 1356 723 1392 et
753 1357 887 1393 Anast.
912 1351 1023 1406 legit,
1054 1365 1137 1392 non
1167 1360 1213 1393 nt
1242 1352 1388 1392 vitiose
1417 1353 1490 1392 ha-

38 1405 140 1446 bent
165 1419 188 1446 e
221 1406 290 1446 'ta.

154 1486 250 1539 256,
282 1489 319 1530 2.
384 1485 573 1543 ἔπαρχον
603 1490 871 1546 πραιτορίων]
915 1491 1037 1531 Barb.
1076 1490 1200 1546 Peyr.
1232 1495 1310 1531 etc.
1367 1491 1491 1532 etiam

38 1541 138 1600 Reg.
170 1545 452 1599 πραιτωρίων.
484 1543 526 1586 οἱ
553 1541 819 1600 α’στρόνομοι.

148 1617 245 1669 257,
277 1617 318 1659 3.
372 1619 686 1672 κρυπτομένους
712 1616 895 1665 α’νιόντες
920 1615 1141 1674 ἐφόνευον]
1173 1619 1272 1674 Reg.

152 1700 246 1752 258,
279 1700 321 1743 3.
392 1699 655 1756 προτραπείς
699 1699 800 1742 κατὰ
841 1703 1050 1752 Περσῶν]
1098 1705 1235 1742 Anast.
1273 1692 1497 1742 barbarini.

38 1757 164 1808 scuie,
194 1759 370 1798 hor-tatus
396 1760 585 1800 adversus
609 1760 778 1800 Persas.
809 1759 1050 1798 azm'liarius
1062 1759 1249 1798 Romanis
1276 1761 1318 1798 in
1350 1759 1493 1798 Persas

35 1815 195 1910 {coitu-5.
221 1814 429 1870 interpres
459 1818 595 1855 forsan
630 1817 813 1856 scribere
850 1815 1003 1863 voluit,
1047 1829 1140 1859 num
1170 1817 1232 1856 ita
1262 1814 1493 1855 delmlendis

77 1885 188 1922 erus,
219 1876 299 1911 etc.

150 1941 247 1994 260,
279 1942 347 1984 19.
404 1940 458 1983 τὰ
488 1940 598 1984 κατὰ
629 1941 704 1984 τὸν
733 1939 850 1996 ἅγιον
874 1942 1066 1996 Ἀρὲθαν]
1113 1943 1170 1982 sic
1199 1956 1340 1983 omnes
1369 1940 1489 1982 codd.

37 2013 134 2039 cum
164 2001 265 2054 Reg.
299 2013 384 2040 non
414 1997 536 2040 κακά.
565 2002 714 2041 caedes
742 2002 901 2054 connigz‘t
926 2002 1055 2038 sancti
1084 2000 1271 2039 Arethae.

145 2070 243 2122 262,
272 2071 314 2112 5.
368 2071 562 2113 ἐκέλευσε
605 2073 810 2124 κομβέιτα
851 2072 1062 2124 γενέσθαι]
1098 2071 1221 2110 Barb.
1259 2071 1380 2124 Peyr.
1410 2076 1488 2109 etc.

36 2128 142 2169 male
179 2129 339 2170 editum
367 2144 415 2170 ex
450 2130 551 2184 Reg.
583 2130 806 2180 κομμέντα.
849 2131 1081 2183 iterumque
1108 2127 1153 2168 ἐν
1176 2125 1235 2182 τῷ
1265 2127 1485 2181 κομβέντῳ.

36 2198 116 2224 vox
146 2199 170 2226 e
194 2186 344 2225 Latino
374 2194 590 2227 conventus
616 2199 817 2239 expressa.

144 2252 255 2294 Ibid.
286 2251 351 2293 16.
407 2252 695 2306 στρατεύματι
723 2251 867 2306 αὕιοῦ]
898 2253 995 2305 Reg-

148 2322 243 2375 263,
270 2323 314 2366 6.
371 2324 446 2365 καί
474 2322 572 2372 τοὺς
592 2324 636 2364 ἐν
658 2325 763 2364 ΚΠ.
795 2319 954 2375 δήμους
981 2318 1206 2374 εἰρήιέυσε]
1235 2321 1333 2375 Reg.
1361 2319 1486 2359 Barb.

34 2379 164 2435 Peyr.
200 2382 348 2437 populi
364 2383 578 2434 sactiones·
620 2380 704 2420 GP.
743 2380 802 2420 ad
836 2393 979 2434 pacem
1026 2378 1268 2429 composuie,·
1308 2390 1489 2430 quarum

34 2437 224 2489 superius
258 2437 492 2492 tragoedias
529 2437 744 2490 descripsit
775 2436 849 2474 sub
889 2436 976 2488 ipso
1023 2434 1190 2482 Iustino,
1217 2432 1491 2496 saevientibus

35 2491 194 2548 ubique
220 2493 263 2533 in
295 2493 491 2534 Prasinos
520 2494 703 2534 Venetis.
761 2492 871 2531 edita
908 2490 1067 2530 mutila.
1097 2495 1191 2542 post
1220 2489 1491 2539 Αυγουσταν,

34 2547 169 2603 iiquet
196 2549 355 2605 aliquid
387 2550 614 2590 desiderari
641 2564 687 2589 ex
710 2548 913 2599 Cedreno,
943 2548 1012 2601 qui
1039 2545 1149 2584 hunc
1175 2543 1402 2610 loc'umnsie
1428 2542 1492 2582 ef·

34 2604 136 2656 fert,
163 2601 242 2654 τὴν
267 2610 446 2658 γυναῖκα
475 2605 613 2645 αὐτοῦ’
635 2602 916 2655 Αύγούσταν,
954 2604 1026 2654 τῆς
1059 2599 1288 2652 Ἐυφημιας
1316 2597 1396 2652 ηδη
1420 2611 1491 2637 τε-

33 2658 302 2714 λευτησοέσης.
333 2664 538 2702 coronavit
574 2670 611 2701 et
645 2660 896 2699 Theodoram
915 2671 1086 2698 ustor-em
1113 2669 1224 2694 suam
1252 2658 1491 2707 Augustam,

32 2730 120 2756 cum
165 2717 400 2774 Euploemia
433 2719 554 2773 prior
577 2718 728 2756 coniux
758 2716 845 2754 iam
882 2715 987 2754 vivis
1026 2712 1275 2752 excessisset:
1319 2718 1491 2764 tumque

32 2778 257 2828 sequatur,
287 2773 340 2814 de
378 2774 522 2815 eadem
549 2771 799 2827 Euphemia‚
839 2766 890 2822 ἢν
917 2766 1089 2820 ἔστεψεν
1119 2763 1372 2820 Αὐγούσταν
1399 2764 1491 2816 ἅμα
