1768 3268
252 223 319 270 ’98
473 222 754 268 ΔΝΑΒΤΛὸῙΙ
796 219 1056 265 HISTORIA
1098 216 1513 263 ECCLESIASTICA

259 347 366 388 rium
396 350 693 402 properarent.
753 358 839 400 quo
868 342 980 383 hune
1006 346 1171 383 certum
1201 337 1476 381 iureiurando
1508 335 1729 393 reddente,

82 413 195 461 p.307
222 403 469 458 7assumptis
510 403 703 443 omnibus
757 399 1053 455 Carthaginem
1106 398 1230 439 venit.
1318 395 1538 436 Betis-arius
1587 401 1729 435 autem

257 461 366 501 hunc
399 466 618 516 gratanter
656 458 832 513 recepit.
889 463 932 497 at
975 471 1077 497 vero
1121 455 1305 496 Gelimer
1347 451 1524 492 ridendo
1565 451 1617 492 ad
1649 454 1731 493 Be·-

253 517 437 558 lisarium
479 515 684 557 introivit.
757 528 880 570 quein
923 513 988 553 alii
1033 512 1200 568 quidem
1242 507 1534 565 superfluitate
1567 509 1731 564 passio-

252 575 312 615 nis
348 573 559 615 excessisse
597 586 706 638 quae
749 577 845 612 sunt
875 576 1076 620 naturae,
1110 569 1374 622 delirumque
1405 567 1730 621 suspicabantur

251 632 468 672 effectum:
503 629 625 670 amici
652 642 754 669 vero
796 627 916 667 huius
957 633 998 667 et
1025 640 1212 681 sagacem
1254 623 1467 664 hominem
1500 623 1615 664 hunc
1645 637 1730 665 esse

250 688 516 743 cogitabant,
548 691 591 727 et
628 700 723 726 cum
752 684 878 724 fuerit
908 698 976 723 rex
1009 689 1050 723 et
1089 682 1192 737 regii
1232 681 1421 736 generis,
1452 685 1495 721 et
1523 680 1729 722 virtutem

249 745 428 785 validam
459 742 742 800 pecuniasque
761 756 925 796 magnas
946 739 1155 790 habuerit,
1188 738 1387 793 quoniam
1407 737 1449 782 in
1469 738 1615 793 fugam
1634 752 1730 778 ver-

247 816 313 841 sus
344 806 403 842 est
433 807 475 841 et
495 800 600 840 mala
632 799 674 838 iu
693 800 835 852 Papua
868 798 1044 852 pertulit
1071 802 1113 836 et
1138 810 1250 836 nunc
1280 800 1328 834 ut
1357 794 1546 849 captivus
1577 794 1728 835 ductus

249 864 321 910 est,
355 857 455 898 nihil
487 862 656 912 praeter
688 856 820 895 multo
853 855 938 894 risu
969 853 1106 908 digna,
1140 867 1246 908 quae
1265 851 1488 893 bominum
1515 857 1625 903 sunt,
1655 866 1730 892 ar-

247 915 450 955 bitratum
478 929 572 954 eum
601 927 685 953 esse
715 911 1009 966 perhibebant.
1068 909 1288 951 Belisarius
1319 916 1460 949 autem
1491 908 1604 950 hunc
1631 924 1728 949 cum

246 971 509 1027 principibus
558 969 745 1010 omnibus
785 967 1072 1009 Vandalorum
1114 982 1198 1007 non
1243 967 1284 1006 in
1325 965 1663 1006 dehonoratione
1691 966 1730 1016 *)

247 1027 531 1077 custodiebat,
562 1033 608 1066 ut
637 1025 690 1066 ad
722 1025 1021 1080 imperatorem
1063 1023 1335 1064 lastinianum
1365 1022 1616 1079 Byzantium
1645 1022 1729 1063 du-

247 1091 377 1125 ceret.
454 1082 612 1139 Cyrillo
660 1097 762 1123 vero
798 1082 935 1122 statim
968 1081 1187 1122 Belisarius
1226 1095 1323 1121 cum
1365 1080 1506 1136 capite
1534 1081 1728 1122 Zatzonis

247 1141 389 1182 fratris
417 1138 633 1181 Gelimei-is
664 1138 704 1178 in
726 1139 904 1179 Sardum
934 1140 1107 1178 insulam
1138 1138 1275 1189 misso,
1309 1152 1417 1193 quae
1443 1139 1616 1194 Kyrnus
1646 1151 1727 1177 vo-

247 1198 435 1246 cabatur,
467 1197 647 1252 primum
670 1195 778 1236 hanc
798 1196 992 1236 Romanis
1022 1195 1198 1251 subegit.
1230 1195 1273 1235 in
1293 1195 1540 1236 Caesaream
1567 1200 1724 1244 autem,

244 1267 353 1310 quae
369 1260 428 1295 est
446 1253 487 1294 in
503 1252 768 1303 Mauritania,
801 1253 998 1292 Ioannem
1021 1252 1148 1293 alium
1173 1251 1409 1304 destinavit,
1436 1266 1545 1308 quae
1560 1250 1614 1293 30
1635 1250 1727 1292 die-

247 1326 340 1351 rum
375 1311 523 1351 itinere
551 1325 573 1349 a
594 1308 842 1364 Carthagine
863 1309 1016 1350 distans
1037 1323 1160 1364 penes
1180 1309 1341 1350 Ga‘dira
1361 1315 1403 1350 et
1418 1309 1513 1350 solis
1533 1322 1727 1350 occasum

245 1367 363 1407 iacet.
393 1366 601 1421 aliumque
626 1368 823 1406 loannem
850 1380 897 1406 ex
925 1366 1197 1421 praetoribus
1224 1382 1355 1407 unum
1375 1367 1417 1407 in
1437 1367 1593 1407 fretum
1611 1365 1728 1422 quod

244 1430 303 1464 est
333 1424 373 1464 in
408 1422 588 1474 Gadiris,
618 1428 658 1463 et
693 1423 733 1462 in
764 1424 977 1464 castellum
1011 1423 1127 1479 quod
1159 1425 1335 1479 Septum
1363 1429 1531 1474 vocant,
1559 1422 1727 1464 direxit.

243 1494 379 1535 porro
423 1479 463 1520 in
505 1479 654 1520 insulas
687 1495 794 1536 quae
826 1479 937 1520 iuxta
966 1481 1185 1521 Oceanum
1211 1486 1334 1531 sunt,
1364 1481 1615 1522 Maioricam
1644 1480 1727 1521 sci-

114 1537 338 1588 p.3081icet
369 1542 411 1577 et
440 1537 716 1588 Minoi-icam,
750 1537 1057 1591 Apollinarium
1101 1537 1338 1590 destinavit,
1370 1538 1512 1580 vit-um
1543 1538 1725 1579 bonum.

242 1594 355 1634 misit
399 1599 538 1634 autem
580 1599 622 1633 et
664 1594 704 1633 in
747 1594 932 1634 Siciliam
958 1594 1162 1650 quosdam
1197 1596 1425 1648 Afrorum,
1471 1601 1513 1636 et
1542 1600 1726 1635 castrum

243 1650 534 1692 vandalorum
564 1651 921 1705 comprehendere
939 1651 1069 1693 iussit.
1134 1652 1266 1694 Gothi
1299 1666 1401 1693 vero
1435 1653 1509 1708 qui
1538 1651 1622 1693 hoc
1649 1665 1728 1692 cu-

243 1707 493 1757 stodiebant,
525 1707 646 1747 matri
679 1707 904 1749 Athritai-ici
934 1708 1040 1750 haec
1077 1716 1177 1750 nota
1209 1709 1417 1751 fecerunt.
1479 1724 1589 1766 quae
1619 1710 1729 1750 seri-

243 1764 308 1805 bit
339 1763 390 1803 ad
422 1763 664 1804 Belisarium
698 1779 748 1805 ne
782 1764 889 1806 idem
919 1771 1102 1807 castrum
1131 1766 1358 1823 tyrannide
1394 1772 1582 1822 caperet,
1613 1780 1729 1822 quo-

246 1834 377 1875 usque
407 1820 640 1874 imperator
672 1822 916 1863 lastinianus
945 1823 1095 1877 sciret,
1131 1831 1173 1864 et
1204 1824 1321 1879 quod
1352 1824 1428 1865 sibi
1460 1830 1566 1865 esset
1594 1824 1729 1863 visum

247 1876 444 1918 efficeret.
506 1877 545 1916 in
593 1876 654 1918 his
686 1893 785 1933 ergo
805 1880 1082 1920 vandalicum
1106 1880 1263 1922 bellum
1286 1882 1413 1922 finem
1444 1880 1623 1936 accepit.
1651 1895 1730 1921 ve·-

248 1947 343 1974 rum
371 1933 550 1984 invidia,
583 1940 731 1987 utpote
764 1936 802 1975 in
837 1952 982 1992 inagna
1024 1937 1224 1979 felicitate
1267 1938 1359 1979 fieri
1398 1938 1518 1989 solet,
1550 1937 1729 1992 contigit

249 1991 373 2031 etiam
401 1991 441 2030 in
458 1990 718 2031 Belisariuin:
751 1993 918 2048 quidam
944 1995 1054 2035 enim
1085 1994 1401 2050 derogaverunt
1419 1995 1457 2038 ei
1485 2009 1612 2051 penes
1645 1995 1731 2035 im-

247 2053 514 2101 peratorem,
548 2048 662 2103 quod
707 2051 972 2104 tyrannidem
1008 2052 1302 2094 meditaretur.
1385 2059 1447 2094 ast
1490 2054 1729 2108 imperator

249 2103 372 2144 misso
405 2103 628 2144 Salomone
659 2110 794 2146 tentat
811 2107 996 2148 Belisarii
1022 2109 1301 2162 voluntatem,
1335 2115 1481 2151 utrum
1512 2125 1609 2151 cum
1641 2111 1728 2150 Ge-

250 2159 395 2201 limere
436 2165 478 2200 et
517 2160 712 2202 Vandalis
750 2165 913 2206 veniret
942 2166 1213 2222 Byzantium,
1247 2183 1299 2207 au
1327 2182 1498 2208 manens
1529 2168 1629 2208 illuc
1657 2180 1728 2206 eos

249 2216 568 2257 transmitteret.
646 2218 865 2261 Belisarius
913 2229 1051 2263 autem
1091 2225 1340 2280 Byzantium
1390 2225 1609 2280 profectus
1653 2229 1727 2275 est,

249 2273 475 2337 Salomone
504 2282 704 2328 praetore
723 2277 878 2333 Libyae
893 2278 1108 2321 derelicto.
1138 2296 1321 2338 cumque
1336 2282 1557 2323 Belisarius
1569 2282 1731 2337 Byzan·-

249 2335 355 2394 tium
386 2344 467 2370 una
491 2345 585 2371 cum
600 2331 806 2374 Gelimere
834 2342 875 2375 et
891 2334 1090 2378 Vandalis
1121 2339 1390 2393 pervenisset,
1419 2354 1570 2395 magna
1600 2351 1730 2393 prue-

251 2401 331 2426 mla
362 2387 586 2441 percipere
620 2389 797 2442 meruit,
829 2392 1019 2446 qualibus
1053 2394 1253 2436 nimirum
1285 2396 1548 2451 temporibus
1580 2394 1729 2450 priscis

251 2443 541 2484 Romanorum
577 2452 793 2500 praetores
836 2448 875 2488 in
907 2450 1091 2491 maximis
1116 2453 1305 2495 victoriis
1339 2449 1454 2509 digni
1486 2451 1753 2494 efficiebam-⁶

252 2505 337 2544 tur.
393 2502 595 2541 sexcentis
625 2502 735 2559 enim
765 2503 879 2543 annis
909 2509 1126 2549 transactis
1155 2524 1277 2550 nemo
1309 2509 1360 2550 ad
1379 2511 1506 2551 talem
1533 2509 1730 2564 pervenit

127 2554 458 2605 p-309houorem
488 2557 563 2597 nisi
591 2558 710 2599 Titus
742 2560 944 2602 Traianus
975 2571 1017 2604 et
1053 2565 1124 2605 alii
1156 2566 1458 2622 imperatores,
1492 2567 1566 2623 qui
1594 2567 1730 2620 magi-

302 2706 333 2751 ')
360 2706 659 2756 dehonoratione}
697 2710 917 2746 Flodoardus
944 2714 1025 2749 hist.
1051 2717 1072 2749 2
1102 2717 1164 2751 20:
1192 2719 1374 2767 quidquid
1400 2721 1438 2754 in
1469 2721 1582 2767 ipsius
1609 2721 1726 2765 impe-

350 2756 476 2788 ratoris
511 2756 799 2794 dehonoratione
835 2768 971 2804 gestum
1000 2764 1127 2800 suerat.
1183 2767 1298 2802 Vetus
1337 2770 1516 2816 interpres
1549 2769 1724 2815 epistolae

349 2801 393 2835 ad
420 2803 691 2850 Philippenses,
719 2819 813 2853 quae
848 2810 883 2842 S.
913 2810 1052 2854 ignatio
1087 2813 1322 2851 adscribitur:
1359 2816 1436 2852 dies
1472 2818 1584 2852 festos
1609 2817 1725 2852 nolite

350 2848 585 2885 dehonorare.
638 2855 741 2888 [mun.
