1728 3242
530 165 602 206 Ex
641 164 989 211 mmmmm.
1397 159 1498 208 239

35 279 107 321 nin
136 292 170 318 a·
188 278 324 330 mania
339 307 358 329 ,v
392 277 436 319 id
475 285 536 321 est
565 279 745 330 insania,
776 278 1050 321 nominatum.
1106 280 1176 322 sed
1207 280 1297 336 quis
1328 278 1500 321 idoneus

33 334 86 375 ad
112 333 346 376 enarranda
385 335 584 376 scelerata
615 335 770 377 horum
810 336 1002 390 piacula,
1044 351 1152 391 quae
1183 337 1339 390 partim
1367 336 1448 376 suis
1475 351 1499 376 a

34 391 153 432 nobis
181 390 501 439 conscribentur
533 392 574 432 in
605 391 718 433 locis.
753 393 892 433 omnia
924 393 1035 433 enim
1065 407 1138 432 seu
1161 393 1318 448 singula
1346 391 1502 432 horum

34 462 168 502 opera
188 447 228 490 ,si
258 448 641 499 conscriberentur,
671 463 780 503 quae
806 447 859 489 ad
879 448 1141 489 curationem
1166 449 1405 503 imperantis
1437 448 1499 489 ef-

33 504 144 545 fecta
171 508 290 558 sunt,
318 518 399 545 nec
430 503 566 558 ipsum
596 505 813 558 arbitror,
845 510 894 544 ut
925 504 1104 559 proprie
1131 519 1226 545 cum
1254 504 1502 560 evangelista

35 559 215 612 dicatur,
243 560 450 602 mundum
477 574 627 615 capere
654 575 723 603 eos
753 561 826 617 qui
851 561 1062 602 scribendi
1092 567 1188 601 sunt
1218 561 1360 601 libros.

142 646 263 686 Anno
293 643 438 685 mundi
457 642 580 695 6259,
609 644 775 685 divinae
796 644 1093 685 incarnationis
1129 658 1238 684 anno
1262 642 1357 694 759,
1387 658 1498 683 anno

32 700 196 754 imperii
226 701 488 742 Constantini
510 700 563 742 27
584 701 817 756 Stephanus
838 703 1049 742 Romanae
1075 700 1179 741 sedis
1213 700 1391 740 habetur
1422 715 1501 739 an-

34 756 163 798 tistes..
230 757 525 798 Constantinus
570 772 700 809 vero,
730 757 819 798 falsi
864 758 1040 797 nominis
1069 756 1323 812 patriarcha,
1352 755 1499 796 ductus

29 817 92 853 est
119 812 239 853 nonis
268 813 525 854 Octobribus
567 821 703 855 sextae
745 813 983 854 indictionis
1022 829 1045 854 a
1077 813 1271 867 principe
1311 812 1351 851 in
1383 812 1498 851 insu-

30 868 137 916 lam3
176 882 302 925 quem
339 876 380 911 et
420 869 570 912 cecidit
606 875 833 926 tyrannus,
875 869 990 926 quod
1029 868 1181 910 vadere
1214 883 1300 908 non
1327 869 1497 909 valeret.

30 924 144 966 iussit
169 931 310 981 autem
329 941 425 967 eum
454 926 496 967 in
525 926 680 981 phorio
703 926 884 981 portari,
913 933 955 967 et
973 931 1141 967 euntem
1159 925 1303 966 sedere
1330 925 1372 965 in
1406 938 1500 979 gre·

30 982 116 1022 mio
146 981 342 1029 ecclesiae
366 998 560 1038 magnae;
592 991 766 1038 eratque
789 983 979 1024 asecretis
1008 997 1104 1022 cnm
1133 996 1184 1022 eo
1213 982 1345 1022 ferens
1373 981 1497 1021 char.

30 1042 99 1078 tae
127 1044 303 1090 tomum,
339 1038 382 1079 in
412 1055 498 1095 quo
529 1045 650 1080 erant
681 1040 827 1094 scripti
857 1039 975 1079 buius
1003 1053 1198 1079 excessuS.
1249 1037 1364 1077 omni
1395 1050 1496 1091 ergo

27 1093 396 1149 populocivitatis
443 1111 490 1137 ex
526 1103 756 1150 praecepto
799 1097 915 1149 regio
957 1095 1040 1135 illic
1080 1100 1333 1148 congregato
1364 1099 1408 1134 et
1436 1094 1626 1139 vi-p-682

28 1149 153 1190 dente
182 1150 397 1205 legebatur
430 1152 575 1192 charta
609 1153 649 1192 in
679 1152 934 1192 audientiam
972 1151 1102 1192 totius
1130 1150 1302 1205 populi,
1348 1155 1391 1190 et
1419 1164 1499 1203 per

28 1206 187 1261 singula
220 1208 486 1262 percutiebat
526 1207 718 1249 asecretis
759 1208 906 1248 faciem
945 1208 1045 1257 eius,
1086 1208 1228 1248 Niceta
1257 1205 1499 1260 patriarcha

26 1263 67 1302 in
95 1263 352 1304 confessori«)
381 1264 550 1306 sedente
579 1279 628 1305 ac
656 1265 855 1305 intuente.
913 1269 1010 1318 post
1032 1263 1135 1304 haec
1161 1277 1266 1303 vero
1294 1277 1389 1303 cum
1417 1262 1498 1302 im-

27 1318 258 1372 posuissent
287 1334 382 1360 eum
411 1321 454 1360 in
483 1321 705 1361 ambonem
737 1326 778 1360 et
810 1326 973 1360 rectum
1001 1326 1114 1360 stare
1145 1319 1345 1369 fecissent,
1376 1332 1499 1359 acce-

26 1375 91 1429 pit
108 1374 268 1416 Nicetas
294 1376 483 1418 chartam
517 1384 559 1417 et
587 1377 698 1417 misit
726 1377 948 1431 episcopis,
980 1383 1022 1416 et
1050 1376 1193 1416 ablato
1220 1375 1499 1428 superhume-

25 1431 104 1471 rali
135 1431 220 1471 eius
250 1432 705 1474 anathematizaverunt
725 1447 833 1482 eum,
863 1438 906 1472 et
933 1431 1048 1472 hunc
1066 1432 1302 1486 Scotiopsin
1333 1439 1498 1486 cogno-⁴

24 1487 227 1528 minantes
266 1488 560 1530 abstraxerunt
604 1490 655 1530 ab
697 1489 896 1538 ecclesia,
945 1488 1204 1543 gradientem
1243 1494 1494 1530 retrorsum.

25 1549 197 1598 postera
225 1557 328 1585 vero
355 1545 423 1586 die
454 1560 550 1586 cum
582 1545 668 1585 ludi
698 1545 908 1585 Circenses
942 1550 1183 1598 agerentur,
1214 1549 1406 1584 raserunt
1434 1543 1495 1582 fa-

24 1598 132 1640 ciem
159 1600 257 1651 eim,
287 1607 330 1642 et
359 1602 534 1643 barbam
562 1599 879 1642 denudaverunt
907 1600 1069 1654 capitis,
1098 1614 1147 1640 ac
1173 1599 1495 1653 superciliorum

24 1655 118 1711 pilis
147 1657 322 1709 ablatis,
364 1663 407 1698 et
438 1658 629 1698 indutum
664 1657 776 1697 hunc
818 1658 939 1696 laneo
979 1656 1098 1696 brevi
1129 1663 1172 1697 et
1202 1657 1289 1696 sine
1324 1655 1496 1696 manicis

27 1713 289 1765 vestimento,
319 1714 464 1755 sedere
507 1715 697 1755 fecerunt
724 1713 895 1768 oblique
923 1727 1050 1767 super
1079 1713 1241 1753 asinum
1266 1727 1405 1766 sagma
1434 1712 1495 1752 fe-

24 1774 200 1819 rentem,
225 1776 269 1811 et
291 1769 416 1825 ipsius
445 1776 587 1811 tenere
618 1769 804 1819 caudam,
826 1776 869 1809 et
896 1769 1131 1810 eduxerunt
1159 1783 1255 1809 eum
1273 1783 1352 1823 per
1369 1767 1495 1822 Diip-

26 1825 145 1879 pium
176 1825 220 1865 in
251 1825 632 1882 Hippodromium,
670 1830 824 1867 cuncto
857 1825 1019 1880 populo
1048 1831 1091 1866 et
1119 1825 1245 1880 vulgo
1276 1824 1383 1864 mala
1413 1824 1495 1864 im-

23 1888 224 1935 precante
251 1882 310 1923 illi
338 1890 382 1924 et
412 1891 680 1938 conspuente.
709 1882 906 1923 trahebat
930 1887 1069 1922 autem
1097 1882 1256 1922 asinum
1287 1882 1494 1921 Constan-

22 1938 133 1978 tinus
163 1951 294 1992 nepos
319 1939 459 1994 ipsius,
486 1955 586 1980 naso
619 1939 764 1980 reciso.
836 1953 1016 1993 cumque
1051 1939 1228 1979 venisset
1258 1936 1310 1977 ad
1336 1936 1494 1991 vulgus,

26 1993 334 2036 descenderunt
360 2002 404 2037 et
434 2002 720 2050 conspuerunt
749 2001 793 2037 et
819 1994 1038 2049 pulverem
1067 1995 1344 2048 proiecerunt
1370 2007 1495 2047 super

24 2064 135 2090 eum.
196 2054 239 2092 et
268 2065 365 2092 cum
394 2052 655 2093 adduxissent
692 2067 787 2092 eum
812 2049 864 2091 ad
899 2051 1194 2091 consistorium
1211 2083 1222 2103 ‚
1250 2049 1494 2091 deiecerunt

25 2106 79 2146 de
106 2106 234 2157 asino,
263 2113 306 2148 et
337 2110 549 2150 calcavere
581 2108 738 2150 collum
766 2106 865 2158 eius,
897 2113 939 2148 et
966 2106 1193 2148 collocatus
1222 2113 1371 2147 contra
1398 2105 1493 2145 vul-

24 2177 98 2216 gus
131 2161 328 2205 audiebat
363 2164 415 2205 ab
447 2165 525 2206 illis
561 2165 723 2206 ludicra
769 2164 901 2205 verba
929 2177 1061 2219 usque
1103 2163 1156 2205 ad
1188 2162 1492 2204 absolutionem

23 2218 224 2259 ludorum
250 2221 523 2276 equestrium.

133 2303 296 2344 Eodem
323 2318 496 2359 quoque
525 2319 663 2346 mense
691 2304 819 2345 missis
866 2303 1014 2358 impius
1044 2303 1279 2358 imperator
1307 2300 1491 2356 patriciis
1503 2303 1621 2347 p·683

22 2359 227 2414 significat
253 2361 291 2402 ei
331 2361 470 2402 dicens
509 2362 639 2417 “quid
678 2361 779 2402 dicis
818 2359 870 2401 de
907 2360 989 2401 fide
1025 2367 1167 2400 nostra
1213 2364 1256 2399 et
1298 2357 1492 2408 concilio,

58 2416 144 2456 uod
172 2417 390 2458 fecimus?”
421 2417 494 2472 qui
520 2418 702 2458 sensibus
734 2417 787 2457 ad
819 2417 1046 2457 vanitatem
1076 2415 1284 2456 conversis
1314 2427 1493 2467 respon-

57 2471 103 2519 st·
129 2473 289 2514 “bene’'
322 2474 511 2530 inquiens
539 2475 614 2514 “et
641 2473 773 2514 credis
791 2504 803 2525 ,
835 2479 878 2513 et
903 2474 1010 2513 bene
1038 2471 1263 2513 concilium
1294 2476 1492 2523 operatus

26 2531 108 2579 es,''
135 2535 287 2583 putans
314 2545 357 2571 se
386 2531 442 2570 ob
470 2530 554 2571 hoc
581 2530 696 2571 illum
727 2545 869 2570 rursus
897 2530 1080 2584 placare.
1115 2534 1158 2567 at
1187 2527 1243 2566 illi
1275 2525 1492 2566 confestim

25 2584 328 2636 respondentes
355 2587 550 2628 dixerunt
580 2591 683 2627 “nos
709 2587 812 2627 haec
839 2586 986 2626 audire
1006 2585 1195 2624 nolumus
1224 2582 1275 2622 ab
1306 2595 1383 2622 ore
1415 2588 1490 2622 tuo

25 2640 203 2693 polluto.
262 2658 309 2684 ex
336 2643 420 2684 hoc
447 2658 549 2698 ergo
581 2643 688 2684 vade
715 2644 756 2682 in
790 2643 981 2683 tenebras
1012 2647 1053 2681 et
1079 2641 1119 2679 in
1149 2638 1404 2678 anathema?
1448 2645 1491 2679 et

25 2696 85 2737 sic
112 2706 282 2754 accepta
321 2701 525 2741 sententia
567 2700 780 2741 descendit
819 2699 871 2739 ad
900 2700 1079 2738 claustra
1110 2697 1312 2746 fetarum,
1341 2701 1384 2735 et
1413 2694 1488 2735 de-

25 2753 201 2796 collatus
233 2763 306 2798 est.
364 2763 407 2797 et
434 2764 563 2812 caput
591 2755 760 2818 quidem
788 2756 874 2797 eius
902 2770 981 2810 per
1009 2768 1127 2794 aures
1157 2753 1326 2808 ligantes
1354 2751 1487 2792 tribus
