1768 3268
897 171 1437 179 *w-
1446 170 1510 176 »-

250 687 526 733 CARoLUS
562 687 825 733 ANNIBAL
859 688 1177 734 rAssRorUs
1213 689 1333 735 lcT.

367 821 420 879 L
496 820 552 880 E
630 818 681 880 C
759 820 816 879 T
895 817 954 881 Ο
1035 818 1098 879 R
1179 820 1209 879 I

253 963 343 1003 DE
373 963 727 1005 ANASTASH
760 963 1334 1005 BlBLlOTHECARII

476 1086 702 1122 HISTORIA
739 1086 1108 1122 ECCLESIASTICA.

62 1302 312 1362 Historiam
355 1322 682 1363 Ecclesiasticam
727 1324 928 1365 Anastasii
970 1324 1022 1364 de
1058 1326 1229 1366 Graecis
1283 1324 1533 1380 Nicephori‚

61 1379 235 1433 Georgii
268 1379 448 1433 Syncelli
478 1385 520 1419 et
556 1380 824 1432 Theophanis
855 1389 1106 1435 excerptam,
1138 1397 1248 1422 nunc
1278 1382 1464 1436 primum
1495 1381 1539 1420 in

62 1437 196 1475 lucem
228 1435 386 1475 damus.
460 1436 607 1490 quanti
638 1443 777 1476 autem
815 1438 1003 1477 facienda
1033 1438 1085 1478 sit
1118 1438 1289 1478 historia
1320 1437 1423 1478 haec
1452 1451 1537 1477 non

62 1493 261 1547 ignorant
287 1491 357 1545 qui
390 1491 691 1546 Theophanem
721 1494 880 1532 Graece
928 1494 1168 1548 loquentem
1219 1495 1423 1548 legerunt,
1463 1494 1538 1549 qui

65 1563 149 1588 non
179 1547 344 1587 minore
373 1548 456 1588 lide
502 1563 626 1603 quam
658 1548 871 1603 diligentia
913 1563 960 1589 ea
993 1565 1099 1604 quae
1129 1557 1213 1590 tam
1244 1551 1296 1592 ad
1327 1565 1416 1590 rem
1449 1551 1540 1590 Ro..

62 1619 223 1644 manam
253 1610 385 1659 quam
410 1606 680 1660 Byzantinam
722 1608 937 1658 pertinent
982 1608 1215 1661 exequitur.
1283 1606 1397 1647 hunc
1428 1609 1542 1646 Ana-

63 1663 206 1701 stasius
237 1675 342 1715 pene
374 1666 511 1701 totum
543 1675 627 1701 non
656 1662 805 1701 infelici
843 1677 1029 1702 successu
1063 1665 1102 1702 in
1134 1664 1326 1702 Latinum
1360 1677 1541 1702 conver-

66 1719 129 1759 tit.
189 1715 305 1772 quod
332 1732 429 1756 sane
458 1718 644 1772 quisquis
672 1734 815 1758 verum
843 1724 975 1766 amat,
1015 1719 1165 1760 infitias
1196 1734 1279 1759 non
1313 1720 1416 1759 ibit:
1446 1733 1543 1758 nam

64 1781 108 1814 et
138 1774 342 1828 pleraque
372 1779 468 1813 sunt
498 1775 537 1813 in
567 1774 827 1828 Theophane
859 1775 1275 1827 Graeco-barbara,
1304 1790 1412 1830 quae
1443 1775 1541 1815 viris

65 1832 190 1870 etiam
222 1831 386 1872 Graece
415 1829 658 1870 doctissimis
692 1831 818 1871 hodie
859 1833 1072 1886 negotium
1105 1833 1367 1873 facesserent.
1426 1832 1542 1871 cuius

68 1887 128 1927 rei
161 1885 284 1925 fidem
313 1887 465 1925 facient
493 1887 689 1940 glossaria
735 1893 877 1928 nostra
915 1889 1022 1928 mixo
1044 1916 1065 1923 -
1083 1889 1288 1937 barbara,
1319 1903 1426 1943 quae
1454 1888 1542 1928 aliis

68 1956 242 1998 quoque
257 1943 406 1983 saeculi
437 1943 641 1997 sequioris
660 1945 904 1983 auctoribus
925 1945 1247 1999 interpretandis
1269 1947 1398 1985 facem
1419 1959 1546 1999 prac-

67 2000 181 2039 serre
214 2007 430 2052 poterunt.
491 2001 695 2054 quaedam
729 2015 815 2040 esse
844 2001 1023 2041 barbara
1054 2008 1096 2040 et
1124 2016 1273 2041 eorum
1304 2008 1546 2056 temporum

69 2054 352 2095 infelicitatem
389 2055 619 2096 redolentia
652 2057 693 2096 in
725 2056 801 2096 hac
833 2057 1024 2097 versione
1052 2058 1247 2112 equidem
1279 2072 1362 2098 non
1383 2058 1544 2111 abnue--

69 2112 176 2151 rim:
209 2110 279 2151 sed
308 2111 412 2152 haee
439 2114 568 2166 magis
606 2111 806 2153 ineruditi
836 2114 987 2153 saeculi
1023 2114 1120 2154 vitia
1152 2112 1250 2155 sunt
1281 2129 1406 2170 quam
1438 2114 1545 2154 sci‘i-

70 2175 258 2220 ptorum,
288 2169 439 2222 quibus
471 2170 736 2223 propositum
766 2176 859 2209 erat
889 2172 1169 2211 monumentis
1191 2171 1272 2211 suis
1307 2171 1545 2225 posteritati

70 2224 279 2278 prodesse,
313 2239 395 2263 non
425 2226 597 2264 Latinae
629 2226 792 2280 linguae
833 2233 1066 2266 venustates
1095 2234 1135 2268 et
1166 2228 1433 2283 eloquentiae
1465 2226 1546 2266 sso-

71 2295 134 2320 res
166 2282 206 2319 in
236 2280 366 2320 sterili
391 2282 480 2320 solo
513 2297 730 2336 quaerere.
790 2282 893 2338 quid
931 2290 1070 2323 autem
1102 2284 1143 2323 in
1175 2283 1340 2324 edendo
1372 2287 1547 2323 Anasta-

67 2337 128 2375 sio
158 2337 499 2390 praestiterimus,
530 2338 743 2389 breviter,
770 2339 931 2390 lector,
965 2340 1197 2380 monendus
1226 2355 1280 2390 es,
1313 2341 1545 2379 Romanuin

74 2393 202 2446 igitur
232 2393 442 2446 exemplar
468 2393 519 2432 ad
547 2409 621 2434 nos
638 2396 772 2434 Roma
807 2396 1089 2436 transmissum
1120 2397 1324 2436 beneficio
1345 2396 1549 2436 Eminen-

71 2449 213 2487 tissimi
244 2449 475 2489 Cardinalis
498 2451 706 2490 Francisci
738 2452 974 2499 Barberini‚
1007 2453 1242 2493 litterarum
1274 2453 1474 2506 parenti3‚
1505 2459 1548 2491 et

71 2518 203 2557 opera
229 2507 364 2545 Lucae
391 2506 617 2557 Holstenii,
664 2508 742 2546 viri
786 2508 909 2563 longe
947 2509 1198 2558 doctissimi,
1235 2524 1331 2548 cum
1364 2509 1548 2562 optimae

73 2568 199 2600 notae
225 2561 373 2601 codiee
414 2563 680 2613 contulimus,
708 2579 832 2618 quem
863 2565 982 2604 nobis
1001 2566 1273 2606 celeberrima
1289 2565 1462 2604 Thuana
1481 2565 1549 2604 bi-

71 2617 282 2656 bliotheca
304 2619 600 2672 suppeditavit.
631 2620 751 2659 liuius
773 2634 857 2674 ope
878 2621 996 2661 foeda
1016 2621 1164 2662 menda
1185 2622 1552 2675 sustulimus‚quae

72 2674 112 2711 in
142 2674 376 2714 Romanum
406 2675 595 2715 codicem
635 2677 797 2716 fortean
837 2677 1102 2732 exscriptoris
1142 2678 1243 2717 vitio
1278 2678 1549 2731 irrepserant,

71 2735 117 2767 ut
147 2728 228 2768 hoc
257 2745 427 2785 quoque
450 2732 618 2771 nomine
639 2734 856 2787 praeclare
887 2734 938 2774 de
962 2749 1007 2774 re
1028 2735 1193 2788 publica
1226 2734 1429 2774 litteraria
1459 2749 1549 2773 me-

72 2785 176 2824 ritus
223 2787 273 2826 sit
317 2787 563 2841 perillustris
608 2789 671 2828 vir
703 2790 876 2830 Iacobus
909 2794 1113 2844 Augustus
1143 2790 1355 2842 Timauus,
1387 2794 1427 2830 in
1460 2791 1550 2844 pri-
