1768 3268
564 213 635 252 Ex
672 211 1017 254 THEOPHANE.
1412 210 1503 254 201

54 322 199 363 “veni''
232 322 380 378 inquit,
415 326 486 364 “et
516 325 716 366 recedost‘
768 331 810 366 et
831 332 1003 380 accepto
1025 333 1198 380 praetor
1228 328 1280 368 ab
1300 341 1351 366 eo
1379 326 1510 367 verbo
1523 342 1557 377 p.
1572 328 1644 364 594

50 393 146 419 cum
173 381 369 420 trecentis
398 381 606 435 equitibus
627 382 742 422 venit
765 382 818 421 ad
851 381 979 422 illum.
1039 382 1219 424 videntes
1250 390 1390 424 autem
1418 397 1513 423 eum

50 436 232 489 Agareni
259 435 397 477 vestiti
424 437 568 478 loricis
588 437 669 478 suis
697 444 903 479 venerunt
931 439 968 478 ei
1002 439 1185 490 obviam,
1220 440 1295 494 qui
1321 439 1515 479 manebat

56 490 228 532 dimidio
258 493 411 546 procul
437 508 461 533 a
491 494 635 534 castris
663 508 811 535 eorum
838 494 1038 534 miliario.
1088 509 1168 548 per
1196 502 1280 535 tres
1304 510 1402 537 sane
1430 495 1515 535 dics

51 562 103 587 eo
137 549 395 601 procedente
424 549 478 590 ad
505 551 654 604 ipsum,
684 565 793 605 quae
823 550 875 590 ad
905 565 1051 605 pacem
1080 556 1189 600 sunt,
1218 551 1515 605 loquebantur,

52 610 96 643 et
121 609 169 643 ut
196 617 220 642 a
248 605 417 646 civitate
434 605 706 647 recederent:
738 612 780 646 at
808 607 866 647 illi
885 607 1122 647 asserebant
1150 607 1334 661 “sponde
1354 622 1514 662 pacem,

51 666 95 699 et
125 658 421 702 recedimus.''-
469 668 691 716 comperto
730 677 833 704 vero
872 669 1050 716 praetor
1086 662 1202 718 quod
1230 678 1326 704 eum
1363 664 1515 704 vellent

50 715 258 766 retinere,
301 717 469 758 vocavit
504 720 658 759 multos
684 733 731 760 ex
776 719 1002 760 illustribus
1031 719 1246 760 Saracenis
1273 719 1325 760 ad
1355 734 1514 767 cenam,

53 777 97 811 et
124 773 382 813 vescentibus
411 774 467 814 eis
498 775 609 815 misit
638 774 876 815 Suheliman
906 776 989 816 tria
1018 775 1129 815 milia
1158 776 1435 817 loricatorum
1461 776 1514 815 ad

51 827 396 869 circumdandum
425 844 519 870 eum
552 846 604 872 ne
632 832 804 886 sugeret,
834 837 877 872 et
907 831 1171 872 servandum.
1228 847 1314 887 quo
1341 832 1512 886 cognito

52 883 239 925 custodia
270 886 478 926 nuntiavit
505 887 543 928 ei
572 888 670 942 quia
699 887 982 928 multitudines
1011 887 1266 943 equestrium
1283 889 1515 928 Saraceno-

48 954 143 980 rum
171 940 219 980 in
246 941 429 983 circuitu
474 949 620 984 nostro
657 950 781 984 stant.
856 945 1020 985 veniens
1058 951 1197 984 autem
1242 959 1347 984 unus
1386 959 1433 985 ex
1460 945 1515 984 eis

49 1010 187 1050 eques,
214 998 384 1039 nomine
411 999 564 1052 Zuber,
594 1001 635 1040 in
661 1000 898 1054 praesentia
929 1001 1045 1041 stetit
1074 999 1212 1042 dicens
1242 1003 1415 1041 “servus
1446 1000 1515 1040 fu-

47 1052 108 1106 git
139 1053 300 1094 furatus
328 1057 549 1108 pecuniam
576 1058 761 1107 multam,
790 1063 832 1098 et
866 1063 1045 1111 propter
1077 1056 1192 1097 illum
1220 1057 1335 1112 equis
1364 1055 1516 1097 insedi-

47 1111 198 1148 mus-'²'
240 1123 376 1164 porro
420 1112 610 1166 ipsorum
648 1114 786 1168 agnita
823 1119 1003 1167 praetor
1034 1113 1296 1168 deceptione,
1327 1113 1431 1154 dixit
1461 1112 1510 1153 ad

47 1178 118 1206 eos
148 1168 229 1207 “ne
266 1167 518 1208 turbemini:
570 1184 665 1209 nam
703 1183 958 1225 quocunque
1000 1170 1263 1223 perrexerit,
1296 1169 1338 1208 in
1370 1169 1513 1210 castris

48 1221 199 1261 nostris
226 1223 484 1276 reperiemus
517 1228 650 1278 eum?
707 1225 893 1266 tristatus
914 1231 1053 1266 autem
1080 1225 1223 1280 potuit
1252 1225 1415 1267 occulte
1434 1240 1514 1280 per

48 1276 263 1318 h'ominem
292 1293 411 1319 suum
439 1280 701 1322 innotescere
720 1281 783 1321 his
819 1281 1066 1337 quiAmorii
1097 1288 1230 1333 erant,
1261 1282 1398 1323 dicens
1427 1282 1510 1321 “ti-
1522 1280 1637 1329 P·595

45 1339 156 1374 mete
187 1333 337 1385 deum,
371 1350 423 1376 ne
454 1338 723 1392 vosmetipsos
751 1337 955 1392 prodatiS.
1028 1352 1126 1379 ecce
1155 1338 1265 1379 enim
1293 1345 1335 1379 et
1362 1338 1513 1378 Masal-

46 1404 131 1428 mas
164 1391 522 1446 appropinquat.''
591 1401 634 1434 et
675 1394 772 1434 exiit
801 1394 923 1434 etiam
965 1394 1181 1449 episcopus
1220 1394 1272 1434 ad
1315 1409 1442 1446 eum,
1471 1401 1515 1434 et

46 1445 190 1487 eadem
216 1447 302 1500 ipsa
341 1447 444 1488 dicit
485 1449 535 1489 ei.
609 1464 702 1489 cum
731 1465 833 1491 vero
864 1450 1100 1492 Suheliman
1148 1450 1355 1491 didicisset
1397 1450 1515 1505 quod

45 1501 190 1542 exisset
219 1502 273 1542 ad
316 1517 411 1544 eum
444 1505 689 1560 episcopus,
719 1506 853 1546 mittit
894 1506 1229 1560 adspraetorem,
1259 1507 1340 1547 “da
1368 1506 1513 1547 nobis?

46 1557 185 1599 dicens
214 1560 524 1614 “episcopum.’'
583 1562 654 1617 qui
685 1569 861 1603 maestus
889 1563 1020 1603 factus
1039 1563 1258 1603 abscondit
1278 1578 1388 1610 eum,
1420 1563 1513 1602 cni-

47 1614 142 1655 dam
176 1613 391 1656 hominum
430 1631 604 1658 suorum
636 1619 907 1672 praecipiens.
978 1620 1151 1659 “nobis''
1184 1619 1322 1674 inquit
1351 1619 1513 1658 “collo-

49 1671 269 1725 quentibus
299 1673 423 1714 indue
451 1689 547 1714 eum
581 1674 668 1715 aliis
697 1676 842 1725 stolis,
882 1681 923 1716 et
953 1676 1066 1730 quasi
1099 1681 1280 1730 propter
1311 1675 1419 1730 ligna
1451 1675 1514 1715 vel

48 1741 199 1782 aquam
226 1729 393 1769 missum
419 1731 508 1771 siue
529 1737 576 1770 ut
605 1731 734 1771 vadat
761 1732 804 1771 in
832 1734 1033 1772 montes-'²
1064 1731 1342 1773 insistentibus
1375 1739 1514 1771 autem

45 1798 126 1836 pro
158 1784 354 1839 episcopo
385 1786 600 1828 Saracenis
631 1787 734 1828 dicit
760 1795 938 1843 praetor
964 1792 1078 1830 “non
1111 1794 1172 1829 est
1200 1787 1282 1828 hic.
1340 1802 1512 1828 verum-

45 1844 181 1880 tamen
213 1843 376 1896 pergite
413 1842 465 1882 ad
491 1859 685 1894 ameran‚
730 1850 771 1885 et
798 1845 921 1885 venio
963 1846 1089 1885 etiam
1116 1845 1216 1899 ipse,
1247 1851 1291 1885 et
1322 1843 1374 1884 de
1405 1858 1512 1883 cun-

44 1895 120 1935 ctis
146 1896 407 1951 loquemur.'’
477 1902 553 1954 ipsi
594 1907 733 1941 autem
776 1902 1005 1956 cogitantes
1042 1902 1158 1956 quod
1188 1916 1283 1942 cum
1313 1901 1510 1940 introiret

44 1951 95 1990 ad
127 1967 332 2005 ameram,
369 1954 410 1994 in
441 1957 579 1996 medio
626 1958 812 2010 ipsorum
841 1958 1072 1998 retinerent
1104 1973 1212 2011 eum,
1243 1957 1353 1997 hunc
1382 1955 1507 1996 dimi-

41 2014 200 2049 serunt.
273 2017 317 2050 at
344 2010 412 2051 ille
456 2027 551 2052 cum
597 2027 706 2068 equo
746 2013 976 2065 insedisset,
1017 2015 1287 2069 profecturus
1320 2013 1505 2052 cumbis

41 2070 210 2104 centum
241 2065 478 2109 hominibus
520 2071 635 2124 quasi
675 2076 927 2121 venaturus,
970 2070 1086 2112 dedit
1129 2071 1169 2111 in
1208 2076 1374 2124 partem
1402 2069 1505 2108 sini-

41 2127 184 2160 stram.
257 2123 452 2164 Saraceni
495 2139 619 2179 erg0‚
660 2127 732 2180 qui
761 2132 881 2167 erant
909 2141 1005 2167 cum
1034 2142 1098 2180 eo,
1127 2127 1271 2168 dicunt
1300 2125 1358 2164 illi
1389 2128 1502 2179 “quo

40 2176 152 2216 vadis
164 2177 204 2216 ?''
234 2178 304 2217 “in
335 2181 487 2234 pratis''
516 2183 575 2221 ait
604 2183 730 2223 “volo
758 2186 965 2224 manere.’'
998 2189 1039 2223 at
1064 2183 1123 2224 illi
1152 2183 1345 2224 dixerunt
1373 2184 1503 2220 “con-

41 2232 180 2272 silium
209 2239 329 2274 tuum
358 2250 442 2276 non
474 2243 535 2278 est
562 2238 737 2286 bonum,
770 2245 812 2280 et
840 2254 925 2281 non
952 2240 1163 2280 veniemus
1195 2240 1370 2280 tecum.''
1403 2244 1503 2277 tunc

40 2287 142 2328 dicit
170 2296 344 2342 praetor
381 2293 461 2333 suis
501 2295 659 2335 “verbo
692 2295 810 2336 nobis
850 2296 949 2337 dato
991 2302 1137 2337 tenere
1166 2311 1240 2336 nos
1266 2295 1632 2351 voluerunt,p.596

38 2351 80 2385 ct
118 2352 298 2400 propter
340 2363 413 2388 nos
441 2349 695 2391 Christianos
734 2352 930 2405 perdere.
1006 2367 1150 2392 verum
1193 2366 1240 2392 ex
1268 2349 1503 2389 hominibus

39 2402 191 2441 nostris
220 2403 284 2443 vel
314 2405 602 2456 animantibus,
632 2422 739 2461 quae
762 2415 1064 2458 remanserunt,
1094 2408 1251 2448 nullum
1281 2406 1503 2446 retinent.''

39 2462 81 2498 et
108 2472 202 2498 cum
233 2458 326 2500 isset
357 2461 519 2501 milibus
549 2463 705 2513 decem,
732 2466 896 2504 mansit.
955 2471 1124 2518 postera
1153 2478 1254 2504 vero
1277 2462 1344 2502 die
1375 2460 1503 2500 mittit

39 2521 271 2554 stratorum
300 2531 470 2557 suorum
493 2517 778 2570 domesticum,
809 2526 850 2561 et
869 2521 1071 2575 significat
1098 2522 1152 2561 eis
1177 2519 1303 2573 “quia
1330 2517 1504 2558 verbum

37 2569 138 2609 mihi
169 2570 338 2613 dedistis
372 2580 414 2613 et
444 2573 542 2614 dolo
575 2590 641 2615 me
674 2577 857 2617 retinere
896 2577 1094 2626 voluistis,
1128 2575 1284 2615 idcirco
1318 2573 1504 2614 recessi.''

39 2631 83 2664 at
113 2641 214 2666 vero
243 2629 452 2669 Masalmas
483 2632 691 2670 clausuras
723 2634 954 2683 transierat,
987 2632 1224 2671 Suheliman
1255 2636 1393 2670 autem
1420 2629 1503 2668 hoc

40 2682 273 2733 ignorabat.
333 2700 466 2740 porro
498 2688 737 2727 tumultuati
764 2695 859 2728 sunt
888 2689 1042 2728 amerei
1075 2694 1113 2727 et
1144 2686 1322 2740 populus
1354 2691 1502 2725 contra

39 2737 295 2790 sabelium-1,
326 2742 589 2794 perhibentes
619 2748 695 2784 “ut
715 2745 817 2798 quid
836 2746 1071 2785 obsidemus
1097 2757 1252 2790 muros,
1284 2748 1326 2782 et
1356 2742 1499 2780 incur-

38 2794 169 2834 siones
199 2810 281 2836 non
314 2799 484 2840 facimus
497 2799 537 2838 ?⁷·'
596 2800 869 2856 repositisque
902 2800 1177 2842 tabernaculis
1211 2798 1498 2840 discesserunt.
