1728 3184
708 163 911 204 NOTAE.
1425 155 1526 204 495

142 285 151 288 ⁴
169 272 265 326 514,
317 273 380 317 15.
436 270 723 325 ἐπανέστησαν
743 271 932 323 Πέρσαι]
966 270 1163 311 brevibus
1193 270 1295 312 haec
1321 272 1528 326 perstrin-

58 331 119 386 git
152 329 411 384 Nicephorus
439 343 537 383 pag.
574 323 638 368 14.

169 403 275 446 Ibid.
310 400 373 442 19.
443 400 699 454 α’μηραιόυς]
730 399 849 439 duces
879 398 1163 453 interpretor,
1197 413 1301 454 quos
1331 399 1522 454 Sigeber.

55 466 121 500 tus
152 460 194 499 in
232 457 437 499 chronico
468 466 694 513 praetores·
765 457 811 496 ἰη
852 469 972 509 regno
1013 455 1305 496 Saracenorum
1345 465 1531 512 quattuor·

47 524 265 571 praetores
293 516 463 565 statuit,
493 514 567 569 qui
591 512 766 553 andr-aei
801 512 1069 552 vocabantur.
1113 513 1215 567 ‘ipse
1245 526 1345 552 vero
1373 513 1528 552 amiras

51 571 282 612 dicebamr:
312 572 378 612 vel
409 567 807 624 πρωτοσύμβουλος.
864 564 1159 621 ὅδηγηθέντας,
1187 568 1303 607 duces
1317 575 1435 608 vocat
1452 583 1527 608 au-

52 634 150 668 ctor
180 641 292 668 anno
322 625 599 668 succedente:
628 627 908 681 imperatorem
931 624 1139 680 Abraham
1161 624 1434 665 Ecchellensis
1462 625 1526 665 di·

53 684 113 725 cit
132 685 328 725 amiram.

163 757 260 807 515,
299 758 336 800 1.
397 754 618 806 Μουχέων
645 750 766 810 κώμῃ
801 752 1025 809 λεγομένῃ]
1057 752 1248 794 Mecham
1278 758 1383 807 puto
1415 752 1526 793 indi..

51 812 176 868 gitari
205 811 435 854 Mahometi
463 810 687 866 sepulchro
707 841 719 864 ,
751 824 836 851 non
869 811 952 851 iam
985 811 1152 861 vicum,
1180 809 1252 849 sed
1279 810 1428 850 urbem
1455 825 1528 850 ce-

51 869 337 911 leben-imam.

164 941 279 984 Ibid.
311 942 350 982 2.
407 941 616 992 βικαριός]
659 939 858 990 tribunis,
887 945 930 979 et
955 938 1216 993 principibus
1243 938 1421 978 vicarios
1451 953 1526 978 an-

52 1004 249 1040 numerat
279 998 475 1053 vegetius
517 998 687 1037 Latinus
721 997 793 1036 lib.
821 995 861 1046 3,
904 995 1083 1035 tribunis
1115 996 1215 1035 item
1237 1000 1280 1035 et
1306 996 1526 1049 campidu-

49 1055 237 1096 ctoribus
257 1054 504 1095 Mauricius.
566 1053 830 1107 superiorem
876 1050 1147 1106 dignitatem,
1186 1053 1429 1106 provinciae
1459 1053 1526 1091 ni..

51 1113 213 1153 mirum
237 1110 486 1166 praesidem,
514 1109 695 1150 ostendit
726 1108 893 1162 imperii
926 1108 1089 1148 notitia.

163 1185 275 1226 Ihid.
305 1182 345 1224 3.
403 1180 706 1231 εἰδωλοθυσία]
751 1181 809 1220 ita
841 1180 1169 1221 Mahometicum
1200 1181 1348 1221 festum
1380 1186 1523 1220 vocat:

50 1242 103 1283 de
134 1256 222 1297 quo
254 1238 615 1294 Chalcocondylus
655 1238 728 1278 lib.
757 1237 784 1278 3
817 1244 860 1277 et
888 1236 1125 1277 Barthema.

161 1324 267 1365 Ibid.
290 1321 330 1364 4.
389 1321 653 1375 Κορασινοῦ]
686 1337 708 1363 e
727 1321 870 1361 Corasi
898 1321 1048 1374 stirpe,
1075 1320 1126 1361 de
1157 1334 1241 1375 quo
1273 1319 1524 1374 praecedens

50 1380 214 1436 pagiua.
273 1380 450 1420 Corasus
475 1379 541 1419 iue
588 1378 724 1429 idem,
765 1392 832 1417 me
876 1377 1030 1428 iudice,
1058 1377 1130 1430 qui
1158 1376 1415 1417 Eccheliensi
1447 1376 1524 1416 Co-

46 1439 233 1488 raiscius,
261 1452 289 1477 a
314 1450 393 1492 quo
425 1435 674 1476 Coratscitae
705 1434 935 1475 Mahometi
956 1432 1326 1489 pseudoprophetae
1353 1435 1522 1487 cognati,

47 1503 88 1534 et
114 1496 242 1534 hostes
266 1493 372 1533 dicti
410 1502 520 1532 sunt.-
565 1507 651 1547 quo
683 1491 732 1531 fit
761 1491 855 1530 satis
895 1490 1121 1530 admiranti
1149 1490 1261 1529 unde
1292 1490 1523 1530 Saracenus

48 1550 117 1591 hic
146 1549 321 1591 Catabas
348 1549 578 1589 Mahometi
610 1547 866 1588 contribules
895 1545 1136 1599 prodiderit
1164 1544 1217 1586 ad
1246 1559 1413 1586 necem:
1442 1546 1521 1586 ho..

46 1607 119 1649 stis
148 1607 259 1648 enim
290 1604 560 1646 Mahometici
587 1604 794 1660 sanguinis
824 1603 960 1643 extitit
998 1602 1299 1645 infensissimus.

157 1679 267 1723 Ibid.
298 1678 338 1720 9.
397 1677 608 1727 Χάλεδος]
643 1678 695 1718 de
718 1690 802 1732 quo
835 1675 1110 1716 Eccbellensis
1138 1689 1231 1730 pag.
1267 1674 1363 1715 158.

158 1745 254 1798 516,
283 1745 324 1788 6.
381 1746 588 1786 κτείνεται
618 1744 796 1796 πρῶτος]
828 1758 954 1798 genus
986 1742 1161 1794 mortis,
1191 1749 1233 1782 et
1262 1756 1424 1782 causam
1453 1755 1525 1781 re-

48 1805 132 1845 fert
149 1803 427 1858 Nicephorus.
485 1803 786 1842 Abubacharus
809 1815 944 1855 porro
975 1814 999 1840 a
1030 1814 1115 1855 quo
1147 1798 1374 1850 occiditur,
1406 1798 1523 1838 Abu-

45 1861 196 1901 baerus
228 1860 282 1900 ab
305 1858 543 1900 Abrahamo
573 1858 758 1899 Eccbell.
789 1857 1001 1900 scribitur.
1060 1855 1114 1897 de
1145 1855 1295 1897 eodem
1321 1855 1525 1896 Leuncfla-

47 1919 136 1958 vius
168 1916 266 1957 hist.
295 1915 489 1957 Musulm.
521 1915 593 1959 lib.
627 1916 662 1954 1.

163 1984 274 2026 [bid.
308 1979 373 2024 14.
442 1981 763 2034 Ἀλεξανδρείας
808 1979 1032 2026 ἐπίσκοπος
1069 1977 1233 2029 Κῦρος]
1275 1991 1359 2016 non
1401 1976 1523 2029 longe

42 2042 98 2082 ab
131 2040 361 2082 indictione
393 2038 434 2090 6,
468 2054 577 2095 quae
604 2037 834 2092 superioris
877 2043 938 2076 est
962 2034 1060 2075 anni
1089 2035 1405 2088 promotionem
1437 2032 1522 2072 eius

46 2099 255 2153 assignant
286 2095 486 2136 Anastasii
530 2095 784 2135 collectanea
816 2094 857 2132 in
896 2091 1121 2132 collatione
1161 2091 1202 2129 S.
1232 2089 1397 2130 Maximi
1427 2103 1521 2128 cum

43 2153 298 2195 Theodosio.
329 2154 439 2192 scitis
459 2152 672 2202 novitates,
697 2151 962 2205 quaefactae
993 2157 1083 2188 sunt
1106 2161 1134 2186 α
1160 2156 1276 2187 sexta
1302 2144 1523 2186 indictione

45 2210 250 2252 transacti
276 2209 429 2260 circuli,
473 2210 653 2262 inceptas
684 2208 735 2246 ab
768 2203 1037 2246 Alexandria
1058 2218 1137 2259 per
1162 2216 1309 2243 novem
1338 2201 1522 2256 capitula

43 2282 72 2308 a
93 2266 220 2319 Cyro,
252 2267 327 2323 qui
354 2265 486 2305 nescio
510 2278 588 2320 quo
604 2273 727 2319 pacto
739 2263 885 2316 factus
913 2270 972 2302 est
997 2260 1085 2300 illic
1109 2259 1293 2315 praesul.

154 2337 255 2388 517,
284 2334 324 2377 4.
386 2334 610 2387 Θεόδωρον
638 2331 930 2386 σακελλάριον]
970 2331 1243 2385 Nicephorius.
1286 2323 1521 2381 στρατηγόν

41 2408 86 2434 τε
117 2393 326 2446 ἀνατολῆς
353 2392 556 2443 ἐκπέμπει
587 2388 810 2444 Θεόδωρον
824 2390 908 2430 τῶν
932 2388 1162 2441 βασιλικῶν
1190 2382 1419 2438 χρημάτων
1442 2397 1522 2423 τα·-

40 2448 147 2501 μῖαν
172 2449 248 2491 τὸν
276 2446 446 2503 ἐπίκλην
478 2444 725 2498 Τριθύριον.
795 2445 1049 2487 Theodorum
1079 2444 1236 2482 aerarii
1263 2442 1428 2496 privati
1448 2454 1521 2479 oo-

41 2509 191 2557 mitem,
220 2515 477 2560 cognomento
510 2505 551 2544 Τ
545 2506 771 2554 ritlucrium,
800 2503 942 2543 ducem
977 2501 1136 2540 Orienti
1157 2498 1353 2555 praeficit.

155 2573 254 2625 518,
282 2572 344 2613 17.
403 2575 695 2625 κατηγορεῖται
739 2570 787 2610 δὲ
817 2567 838 2609 ὁ
872 2570 1034 2619 Κῦρος]
1080 2565 1223 2606 eadem
1261 2562 1519 2618 Nicephorus

45 2630 243 2680 referens,
277 2630 318 2669 in
350 2629 559 2668 nonnullis
589 2628 835 2674 adversatur
857 2623 1120 2678 Theophani.

154 2702 265 2746 Ibid.
290 2700 355 2742 18.
411 2695 646 2749 διαδόντος]
682 2714 864 2755 pravam
891 2697 1009 2752 Regii
1044 2694 1266 2735 lectionem
1297 2692 1520 2746 corrigunt

45 2757 261 2799 variarum
289 2757 558 2799 collectanea.
