1728 3184
244 173 342 224 524
744 183 799 223 ιΝ
836 182 1212 225 ΤιιΕοΡιιΑΝΕΜ

242 297 411 351 Peyrez.
438 294 491 350 τῇ
518 292 570 334 κε’
603 294 1026 350 legunt.Anastasius,
1060 302 1100 337 et
1127 295 1319 345 miscella,
1349 303 1497 335 octavo
1527 295 1608 335 kal.
1632 297 1712 337 Ia—

240 353 388 402 nuarii,
418 351 586 393 habent.
644 353 894 393 Barberinus
925 359 1088 407 tempus
1119 353 1290 392 omnino
1319 357 1443 392 tacet.

352 422 447 476 615,
459 423 498 465 3.
557 420 849 479 ἕμσπράκτως]
880 426 1110 466 Anastasius
1142 424 1294 476 reddit,
1323 438 1416 466 cum
1447 425 1616 465 solemni
1639 425 1711 466 ob-

240 483 386 538 sequio.
444 481 616 523 eandem
645 483 956 538 significantiam
985 482 1135 524 tribuit
1166 481 1513 522 'sarco-Graecia
1546 481 1615 522 lib.
1645 480 1684 521 3.

353 553 464 595 Ibid.
484 550 525 596 4.
581 551 663 609 πρὸ
696 555 772 608 τῆς
795 553 980 609 εισόδου]
1016 555 1139 606 idem,
1167 556 1347 595 οναιιοηε
1375 563 1468 594 ante
1496 555 1712 608 ingressum

241 627 389 668 altan’s
415 626 558 682 effusa.
630 629 821 669 obscure.
854 629 1004 669 clarius
1049 643 1223 683 repono.
1274 628 1458 668 oracione
1498 635 1714 693 antequam

241 684 356 724 dona
393 698 511 724 sacra
552 685 615 724 ad
640 686 778 726 altare
820 685 1088 738 ufir-rentur,
1119 685 1257 738 efficsa.
1325 688 1384 724 est
1413 683 1521 723 enim
1551 679 1715 730 εισοὸος

242 739 284 779 in
314 738 484 795 liturgia
512 740 761 794 offertorium
779 771 791 793 ‚
838 756 923 795 quo
957 757 1050 781 cum
1087 741 1352 795 processione
1383 746 1422 780 et
1451 754 1607 793 pompa
1636 753 1715 792 pa..

243 796 303 837 nis
339 802 381 837 et
409 797 554 837 vinum
583 798 787 838 sacrificio
817 796 1014 852 deputata
1058 797 1323 838 sacerdotum
1352 797 1540 836 manibus
1570 795 1623 835 ad
1650 795 1712 834 al-

180 891 183 893 *
242 858 333 894 tare
364 852 663 908 deportantur,
692 861 734 894 et
761 853 813 894 ad
844 854 961 908 illud,
988 860 1034 894 ut
1065 854 1121 893 ita
1153 854 1300 904 dicam,
1325 847 1606 895 εἰσοδευουσι.
1637 851 1713 892 ad-

243 908 438 960 eundum,
467 909 500 949 si
534 909 706 950 dubium
739 910 934 965 supersit,
950 887 1174 964 '5eucholov
1153 910 1281 965 giuti).

352 981 460 1022 Ibid.
494 981 532 1023 9.
590 980 914 1037 ἅφοδεύσαντος
944 981 1095 1033 αὐτοῦ]
1121 983 1219 1023 hinc
1249 982 1421 1022 ascitum
1453 979 1714 1036 Copronymi

243 1064 409 1090 nomen.
467 1050 535 1090 alii
570 1065 593 1090 a
627 1050 841 1091 caballino
872 1057 1084 1103 stercore,
1113 1051 1228 1091 cuius
1259 1051 1293 1090 ei
1336 1050 1446 1090 odor
1479 1050 1517 1089 in
1547 1048 1715 1100 deliciis,

244 1107 505 1147 Cabaliinum
533 1113 575 1148 et
603 1107 923 1164 copronymum
955 1108 1113 1149 dictum
1135 1106 1404 1148 contendunt.
1437 1105 1488 1148 de
1519 1105 1579 1146 his
1610 1119 1715 1146 con-

242 1163 435 1204 sulendus
465 1164 661 1204 Zonaras.

351 1237 463 1279 Ibid.
479 1236 545 1277 15.
607 1235 872 1294 ἀνεδέξαντο]
902 1237 997 1280 vide
1029 1238 1135 1279 illius
1166 1236 1370 1292 temporis
1399 1237 1539 1292 plures
1569 1234 1610 1275 in
1638 1234 1716 1275 ba-

241 1294 396 1349 ptismo
429 1301 703 1350 susceptores.

353 1367 463 1413 Ibid.
482 1366 545 1408 17.
603 1364 810 1409 ὑπατείαν
831 1366 983 1423 δοῦσα]
1012 1364 1206 1421 ὑπατεία,
1235 1367 1440 1408 consulare
1460 1379 1620 1418 munus,
1643 1364 1717 1405 do-

244 1442 431 1482 nativum
460 1441 672 1482 Anastasio
706 1440 933 1482 redditum.

356 1513 463 1569 616,
510 1514 574 1556 10.
640 1513 1044 1568 πρωτοασηκρῆτιν]
1089 1509 1323 1568 πρώτιστον
1362 1513 1445 1554 τῶν
1485 1507 1718 1565 βασιλικῶν

247 1573 530 1624 γραμματέων
559 1572 800 1628 Nicephoro
829 1572 1045 1626 scriptum.

358 1645 467 1689 Ibid.
526 1659 712 1700 αρχοντα
733 1646 809 1686 τοῦ
828 1646 1008 1698 τείχους]
1039 1644 1313 1698 Nicephorus,
1338 1636 1522 1694 α’ρχοντα
1553 1639 1721 1693 τειχῶν,

247 1703 491 1800 gpgrandzs
518 1712 558 1743 ec
583 1701 858 1766 custodiendis
880 1702 988 1744 urhis
1017 1702 1223 1743 moembus
1250 1701 1520 1757 praefectum.-
1553 1696 1603 1738 de
1634 1709 1720 1752 quo

284 1772 308 1797 o
344 1773 431 1799 mus

359 1829 1037 1901 Ιὸιᾱ.12.κόμητα’οψικιόυ]
1070 1830 1210 1879 idem,
1239 1829 1315 1870 τοῦ
1347 1826 1571 1881 βασιλικοῦ
1599 1828 1723 1877 λεγο-

249 1886 381 1939 μένου
407 1885 601 1939 Ὀψικίου
630 1885 827 1942 ἡγεμόνα.
883 1888 1076 1931 Petavius
1118 1888 1339 1942 intmpres,
1368 1884 1626 1940 imperatorii
1652 1882 1725 1923 ob-

249 1945 378 2001 sequti
395 1947 658 2000 praefixe-tum.

365 2017 467 2058 Ihzssd
504 2017 566 2059 16.
633 2016 862 2058 [vertunum
900 2014 1034 2073 τρίτῃ]
1078 2016 1222 2056 eadem
1256 2029 1427 2071 quoque
1457 2012 1584 2054 teitia
1615 2010 1724 2051 indi-

250 2074 391 2115 ctione
420 2075 738 2114 Constantinum
776 2080 1056 2128 cognomento
1097 2074 1417 2128 Copronymum
1447 2069 1614 2136 imperii
1648 2083 1725 2108 co.-

252 2146 358 2171 rona
388 2132 626 2171 redimitum
656 2136 832 2170 testatur
829 2107 1126 2184 ⁰Nicephor11s.
1183 2129 1351 2184 πέμπτῃ
1381 2124 1454 2167 καί
1480 2124 1616 2166 amida
1646 2122 1725 2165 τοῦ

249 2184 456 2239 Mapu‘m·
487 2183 630 2239 μηνός,
657 2186 733 2239 τῆς
758 2183 897 2241 τρίτης
924 2186 1190 2237 ἰνὸικτιῶνος,
1220 2185 1266 2241 τῇ
1296 2183 1485 2239 σωτηρία)
1517 2181 1592 2221 τοῦ
1610 2182 1727 2245 Χρι-

250 2243 357 2283 στοῦ
386 2241 633 2286 ἀναστάσει.
703 2258 833 2298 quare
880 2258 973 2283 cum
1016 2243 1243 2297 praesentis
1272 2244 1368 2281 anni
1397 2245 1545 2295 qualta
1575 2239 1627 2278 sit
1656 2237 1724 2276 in-

252 2300 381 2340 dictio
412 2300 569 2354 (coepit
600 2299 734 2351 enim,
765 2308 811 2341 ut
839 2300 1028 2354 superius
1067 2300 1211 2355 liquet,
1243 2313 1336 2338 cum
1361 2297 1510 2338 Leonis
1542 2294 1722 2349 imperio

252 2356 490 2397 indictionis
517 2358 711 2407 circulus,
738 2363 779 2397 et
813 2371 922 2397 anno
953 2357 1135 2398 eiusdem
1156 2355 1316 2396 decimo
1350 2369 1443 2408 pag.
1465 2351 1546 2392 339
1580 2359 1621 2391 et
1650 2350 1722 2391 de-

250 2414 362 2454 cimo
413 2414 542 2453 tertio
574 2428 666 2468 pag
710 2413 792 2454 342
840 2429 919 2468 par
960 2428 1131 2469 quoque
1171 2418 1417 2452 numeratur
1456 2408 1646 2459 indictio)
1678 2407 1720 2447 in

252 2485 406 2510 annum
438 2478 712 2524 piaeeuntem
744 2470 1006 2511 Constantini
1037 2470 1259 2510 coronatio
1292 2464 1552 2508 remittenda.

363 2543 474 2583 Ibid.
509 2543 571 2584 17.
630 2542 674 2583 ἐν
703 2542 758 2598 τῷ
777 2542 1059 2598 τριβουναλίω
1088 2542 1171 2583 τῶν
1191 2536 1246 2582 13'
1277 2538 1556 2591 ακκουβίιων]
1583 2538 1623 2578 S.
1650 2536 1726 2576 Ni-

252 2599 372 2654 ceph.
402 2599 448 2642 ἐν
477 2601 534 2640 mii
562 2599 842 2656 τριβουναλάυ
873 2599 1080 2655 λεγομένω
1110 2597 1165 2639 ιθ’
1200 2595 1474 2649 ἆκκουβιᾛτων

363 2672 460 2724 617,
493 2673 531 2716 9.
601 2670 702 2721 τούς
737 2670 1005 2727 Μοντανούς]
1054 2672 1243 2712 Montani
1291 2668 1500 2724 discipulis
1531 2683 1552 2708 a
1585 2665 1728 2730 bapti-

252 2745 342 2770 smo
369 2745 454 2770 non
483 2730 819 2780 abhorrentibus,
847 2729 1118 2769 Montanistas
1156 2728 1282 2770 hosce
1303 2727 1568 2768 manichaeos
1597 2722 1728 2764 existi-

253 2792 340 2827 mat
369 2787 571 2829 Batonius
601 2788 654 2828 ad
683 2803 717 2827 a.
750 2787 794 2827 C.
828 2789 909 2830 722
943 2800 1056 2827 num.
1093 2787 1128 2825 1.
