1768 3268
548 214 621 255 nx
658 211 1006 255 ruizorum.
1411 199 1508 254 235

40 326 275 380 intimabat,
298 327 386 368 “nil
417 329 515 368 vos”
541 326 734 383 inquiens
762 326 935 368 “turbet
954 325 1306 368 irrationabilium
1330 326 1511 367 militum

44 383 338 426 immoderatio
370 390 414 426 et
439 383 728 441 inquietudo.”
783 383 937 425 Veneti
973 389 1114 423 autem
1145 384 1340 424 dixerunt
1368 383 1560 440 “deus‚p,
1578 386 1649 427 444

44 442 117 497 qui
148 439 264 482 iussit
283 447 326 481 te
346 441 570 496 imperare,
590 440 741 482 subdat
755 440 834 480 tibi
856 453 1021 480 omnem
1040 439 1112 495 qui
1141 440 1363 494 imperium
1390 447 1513 480 tuum

43 498 286 553 impugnat3
321 503 364 538 et
403 497 437 537 si
465 498 676 539 Romanus
718 502 779 538 est
809 496 882 552 qui
910 496 994 536 fide
1023 502 1152 551 rupta
1182 503 1299 550 terga
1330 497 1460 537 vertit
1488 510 1514 537 a

39 560 95 604 te,
128 553 240 594 bunc
268 553 348 594 tibi
387 553 429 594 in
474 554 722 596 servitutem
763 553 926 607 redigat
955 552 1112 608 absque
1142 553 1379 607 sanguine.''
1434 552 1513 593 hos

42 610 278 665 imperator
305 625 468 652 armans
498 617 543 652 et
557 610 818 651 sermonibus
836 609 996 650 blandis
1018 623 1284 663 compescens
1306 624 1388 649 una
1417 624 1515 649 cum

43 665 275 707 demarchis
305 681 450 708 muros
484 667 601 708 urbis
644 665 858 707 custodire
885 666 1115 721 praecepit.
1173 673 1396 720 praeterea
1426 666 1512 705 filio

41 723 310 777 imperatoris
349 723 591 764 Theodosio
619 738 703 764 una
736 737 831 763 cum
861 725 1075 764 Germano
1117 736 1267 763 socero
1297 736 1373 762 suo
1402 721 1514 776 apud

40 779 323 820 callicratiam
366 780 607 821 venationes
647 786 892 830 exercente,
924 780 1100 820 mittunt
1136 779 1315 819 Romani
1354 778 1515 818 litteras

39 836 92 877 ad
120 836 431 888 Theodosium,
478 837 532 877 ab
561 850 613 878 eo
643 836 844 891 imperari
889 843 1128 891 poscentem
1158 836 1219 874 sin
1250 841 1403 883 autem,
1434 836 1516 874 sal-

42 899 128 933 tem
156 894 412 934 Germanum
442 892 745 948 imperatorem
788 892 1178 947 pronuntiandum:
1209 895 1376 947 “neque
1404 891 1517 931 enim

39 951 141 988 nos''
169 950 288 990 aiunt
312 949 544 1004 “imperari
586 965 610 989 a
648 950 853 990 Mauricio
896 949 949 990 de
976 955 1119 990 cetero
1147 949 1396 1003 patiemur.''
1454 947 1517 988 his

40 1005 269 1046 Mauricius
303 1006 530 1061 compertis
552 1007 730 1047 accersit
758 1005 811 1046 ad
838 1021 881 1047 se
898 1006 1041 1058 filium,
1073 1005 1385 1046 Comentiolum
1411 1018 1515 1044 vero

39 1075 184 1102 muros
210 1062 437 1103 observare
467 1063 696 1117 praecepit.
730 1064 988 1104 Germanum
1017 1067 1158 1103 autem
1189 1077 1273 1102 una
1302 1076 1398 1102 cum
1426 1060 1516 1101 filio

38 1132 115 1159 suo
149 1119 370 1162 accusabat
409 1119 561 1160 barum
598 1120 718 1160 fuisse
746 1120 1028 1160 calamitatum
1072 1125 1278 1159 auctores.
1336 1132 1518 1173 cumque

37 1189 81 1216 se
107 1176 340 1216 Germanus
370 1189 567 1216 excusare
607 1177 828 1226 niteretur,
868 1175 1095 1216 Mauricius
1116 1175 1175 1215 ait
1203 1177 1258 1214 “o
1290 1176 1516 1224 Germane,

39 1230 124 1271 duo
155 1237 253 1272 sunt
294 1238 538 1286 argumenta
579 1232 823 1287 suspicionis
858 1247 998 1284 meae,
1031 1231 1180 1287 populi
1208 1231 1365 1272 scilicet
1395 1230 1447 1271 ad
1474 1235 1518 1271 te

37 1287 217 1338 litterae,
248 1294 290 1328 et
321 1287 436 1343 quod
466 1295 616 1328 cuncta
649 1289 808 1343 depasti
838 1294 947 1340 sunt,
989 1294 1031 1329 et
1059 1288 1179 1328 nullis
1209 1287 1404 1341 exceptis,
1434 1287 1516 1326 tuis

38 1345 323 1399 pepercerint.
391 1359 522 1399 parce
564 1348 774 1386 Germane
800 1345 1013 1400 prolixum
1053 1343 1230 1385 faciendi
1259 1349 1647 1397 sermonem-p.445

38 1400 143 1440 nihil
172 1401 336 1440 suavius
386 1415 514 1455 quam
543 1416 624 1455 per
655 1401 839 1456 gladium
879 1402 1028 1442 mori.'’
1084 1415 1182 1441 sane
1209 1403 1441 1442 Germanus
1472 1399 1517 1439 in

36 1457 244 1512 templum
274 1456 341 1497 dei
357 1458 517 1507 matris,
548 1457 664 1512 quod
697 1458 935 1512 appellatur
953 1458 1067 1513 Cyri,
1096 1458 1215 1510 fugit.
1273 1455 1389 1511 quod
1419 1470 1516 1496 cum

37 1514 274 1568 imperator
300 1513 525 1565 didicisset,
570 1514 831 1569 Stephanum
855 1514 1096 1554 eunuchum
1126 1513 1277 1554 direxit
1299 1513 1351 1552 ab
1380 1512 1516 1553 eccle-

35 1570 96 1610 sia
119 1572 378 1610 Germanum
409 1569 630 1610 educendi.
691 1584 871 1625 cumque
900 1569 1137 1623 Stephanus
1168 1569 1376 1609 violenter
1403 1569 1516 1608 hunc

37 1627 220 1668 educere
246 1626 457 1678 voluisset,
488 1628 672 1668 fautores
704 1626 903 1667 Germani
933 1627 1168 1666 resistentes
1198 1625 1410 1679 expellunt
1424 1627 1515 1666 Ste-

37 1682 234 1737 phanum,
265 1690 308 1724 et
335 1683 584 1737 excipientes
616 1685 872 1724 Germanum
917 1683 958 1722 in
989 1682 1204 1722 ecclesiam
1234 1697 1425 1736 magnam
1456 1681 1516 1721 ef-

33 1740 212 1794 fugiunt.
244 1747 287 1779 at
318 1755 421 1780 vero
455 1740 690 1794 imperator
704 1740 831 1795 virgis
853 1739 1054 1780 caedebat
1070 1739 1357 1779 Theodosium
1385 1738 1517 1778 filium

32 1811 182 1836 suum:
214 1796 421 1837 asserebat
449 1797 559 1837 enim
574 1799 829 1837 Germanum
850 1811 930 1850 per
962 1810 1059 1835 eum
1089 1795 1212 1836 fnisse
1239 1796 1441 1849 fugatum.
1473 1801 1517 1834 ct

35 1853 169 1894 mittit
196 1853 457 1894 excubitores
488 1869 510 1893 a
538 1868 686 1908 magna
705 1853 876 1894 ecclesia
895 1851 1099 1893 educendi
1117 1853 1388 1892 Germanum.
1417 1850 1515 1890 hinc

34 1924 205 1964 magnus
219 1909 314 1950 urbi
334 1910 698 1950 rumorincubuit.
719 1912 952 1950 Germanus
970 1914 1109 1949 autem
1129 1907 1273 1963 egredi
1291 1914 1334 1948 et
1353 1906 1455 1947 darc
1471 1921 1515 1947 se

35 1966 182 2006 voluit.
239 1981 388 2007 verum
415 1967 705 2007 multitudines
736 1966 850 2006 hunc
879 1966 991 2006 exire
1017 1965 1189 2005 minime
1215 1964 1515 2018 permiserunt,

30 2021 104 2063 sed
131 2022 288 2077 magnis
316 2022 567 2077 imperatori
593 2023 792 2063 conviciis
824 2022 1150 2076 derogaverunt,
1182 2020 1365 2061 dicentes
1396 2024 1511 2060 “non

34 2078 185 2130 habeat
211 2078 361 2132 pellem
393 2079 466 2134 qui
494 2086 538 2120 te
565 2085 687 2130 amat,
710 2079 891 2119 Maurici
906 2078 1221 2119 Marcionistast
1280 2077 1410 2130 igitur
1437 2076 1509 2130 qui

34 2149 177 2175 muros
193 2135 495 2187 custodiebant,
518 2136 578 2176 his
597 2135 824 2191 compertis
844 2134 1076 2176 custodiam
1096 2134 1371 2190 negligentiae
1400 2147 1509 2186 pro-

33 2191 246 2232 diderunt.
303 2192 527 2233 Mauricius
559 2199 701 2233 autem
733 2192 869 2233 media
908 2197 1032 2232 nocte
1063 2197 1206 2231 exutus
1233 2188 1505 2244 imperatoria

29 2248 137 2288 stola
169 2254 214 2288 et
249 2248 416 2302 privata
461 2249 823 2302 circumamictus,
864 2248 1119 2288 dromonem
1161 2247 1365 2302 ingressus
1410 2260 1506 2284 cum

30 2318 161 2345 uxore
203 2303 382 2359 filiisque
419 2306 500 2345 suis
538 2311 581 2346 et
609 2306 884 2346 Constantino
927 2306 1068 2358 sugam
1094 2304 1296 2357 arripuit.
1357 2301 1642 2354 copiaep.446

28 2375 132 2401 vero
162 2375 242 2414 per
269 2367 403 2402 totam
434 2368 600 2402 noctem
630 2363 811 2417 pessimis
842 2363 1146 2416 imperatorem
1178 2359 1339 2398 iniuriis
1369 2371 1504 2410 appe-

28 2417 198 2458 tebant:
225 2417 296 2458 sed
327 2424 370 2458 et
394 2418 617 2473 Cyriacum
649 2419 935 2472 patriarcham
972 2416 1351 2471 reprehendebant.
1409 2419 1504 2452 tnr-

27 2473 126 2514 bine
155 2473 298 2529 itaque
328 2474 485 2527 ingenti
517 2475 726 2514 saeviente
751 2489 848 2515 cum
881 2474 1065 2514 maximis
1091 2471 1287 2527 periculis
1317 2467 1428 2523 apud
1459 2469 1502 2507 S.

28 2533 300 2570 Autonomon
328 2531 513 2571 salvatur
542 2531 781 2571 Mauricius.
848 2536 974 2570 nocte
1003 2543 1105 2569 vero
1135 2526 1435 2581 superveniunt
1464 2525 1503 2564 ei

29 2586 155 2627 etiam
185 2587 405 2641 languores
448 2587 671 2638 arthritici,
712 2601 818 2642 quos
846 2602 1047 2627 manuum
1075 2585 1241 2625 dolores
1273 2589 1316 2622 et
1347 2580 1503 2635 pedum

26 2648 191 2682 vocant.
220 2658 358 2697 porro
389 2644 518 2682 mittit
545 2643 831 2684 Theodosium
861 2644 994 2683 filium
1021 2657 1142 2681 suum
1172 2655 1268 2679 cum
1296 2639 1503 2678 Constan-

29 2699 118 2738 tino
146 2699 198 2738 ad
228 2698 443 2740 Chosroen
481 2715 622 2754 regem
652 2701 900 2749 Persarum,
940 2705 987 2738 ut
1019 2696 1322 2737 recordaretur
1353 2709 1504 2734 eorum

29 2758 136 2809 quae
166 2756 245 2795 sibi
289 2757 396 2796 sacta
430 2757 600 2796 fuerant
629 2772 652 2796 a
684 2772 753 2807 se,
782 2762 825 2796 et
865 2754 1190 2795 vicissitudinem
1219 2750 1411 2791 beneficii
1440 2750 1504 2788 sui

27 2811 278 2866 rependeret
307 2812 406 2853 filio.
452 2815 684 2854 Germanus
709 2819 850 2854 autem
877 2812 1004 2852 mittit
1036 2808 1087 2848 ad
1116 2808 1309 2861 Sergium
1337 2807 1503 2848 demar=
