1768 3268
564 212 632 253 Ex
675 211 1031 256 -ΤΗΕΟΡΗΑΝΕ,
1427 213 1456 257 -1
1465 210 1528 259 59

59 345 149 380 ctus
180 343 244 380 est
268 335 633 380 eiGundabundas
656 338 907 381 chiliarchus
936 339 1289 382 militiaeSarburi
1315 355 1411 382 cum
1441 341 1529 381 aliis

60 396 265 453 quinque,
290 396 432 437 tribus
475 395 645 452 quidem
679 397 931 451 comitibus,
975 396 1137 437 duobus
1174 413 1278 438 vero
1309 399 1530 438 axiomati-

58 455 116 493 cis
129 457 176 505 *),
208 458 252 494 et
279 452 398 493 duxit
412 467 482 494 eos
503 451 555 493 ad
582 452 897 508 imperatorem·
928 453 1014 509 qui,
1046 454 1241 495 videlicet
1272 454 1531 496 Gundabun-

58 509 160 562 das,
185 523 252 550 res
283 509 532 551 necessarias
556 510 807 564 imperatori
839 510 1128 562 annuntiavit,
1160 510 1300 552 dicens
1330 512 1529 567 “quando

58 566 166 622 fugit
195 566 400 607 Chosroes
430 581 454 606 a
480 566 714 621 Dastagerd
743 572 787 607 et
814 565 918 607 adiit
944 566 1264 622 Ctisophontem
1296 574 1420 623 atque
1451 570 1531 608 Se-

57 623 247 675 leuciam,
297 622 558 679 dysenteriae
595 623 843 678 languorem
888 623 1093 675 incurrit,
1133 630 1175 664 et
1217 623 1353 665 voluit
1400 625 1530 664 filium

57 695 178 720 suum
208 680 445 731 Merdasan,
476 694 603 735 quem
627 680 773 736 genuit
798 695 846 721 ex
875 681 991 731 Sere,
1020 694 1241 721 coronare.
1300 686 1427 735 atque
1460 696 1530 722 re-

56 750 215 792 gressus
261 737 416 778 iterum
457 750 620 777 amnem
662 737 879 788 transivit,
910 742 953 777 et
988 751 1128 778 secum
1158 736 1276 777 duxit
1313 736 1528 777 Mei-<lasau
1542 741 1661 786 p.500

56 801 182 849 atque
213 793 359 834 Serem
389 799 433 834 et
465 793 590 833 alium
619 794 752 834 fllium
782 793 868 834 eius
884 793 998 842 Aak;
1027 794 1359 849 primogenitum
1390 799 1530 835 autem

55 850 187 890 filium
213 849 394 891 Sin-oben
426 856 470 891 et
495 850 648 891 fratres
678 850 791 903 eius,
820 864 898 891 nec
925 865 1012 890 non
1040 856 1083 891 et
1109 851 1303 892 mulieres
1332 865 1436 901 suas,
1464 850 1533 891 di·-

54 906 169 948 misit
195 907 308 947 ultra
340 906 514 948 flumen.
587 913 896 963 compertoque
934 906 1104 949 Sirohes
1153 907 1270 963 quod
1312 908 1531 948 Merdasan

56 976 270 1004 coronare
298 963 439 1016 vellet,
465 963 658 1004 turbatus
689 971 763 1015 est,
794 970 838 1004 et
861 963 975 1004 misit
1001 964 1301 1005 collactaneum
1331 978 1450 1004 suum
1481 965 1534 1005 ad

55 1018 392 1072 Gundabundan,
405 1019 605 1060 mandans
621 1020 659 1061 ei
675 1035 724 1061 ac
738 1020 879 1062 dicens
907 1021 1015 1061 ‘veni
1032 1021 1089 1062 cis
1103 1021 1273 1071 flumen,
1303 1027 1349 1061 ut
1381 1020 1534 1076 loquar

54 1079 222 1118 tecum?
280 1082 326 1117 at
353 1076 421 1118 ille
450 1076 592 1118 timuit
620 1077 867 1131 Chosroen,
896 1082 939 1119 et
969 1092 1054 1118 non
1084 1077 1290 1129 transivit,
1312 1077 1384 1118 sed
1413 1093 1534 1118 man-

54 1134 126 1175 dat
158 1133 211 1187 ei,
231 1132 404 1174 -‘scribe'
436 1134 625 1190 inquiens
656 1133 771 1174 ‘mihi
794 1149 874 1189 per
900 1134 1205 1175 collactaneum
1233 1148 1372 1174 meum
1405 1134 1533 1189 quid..

55 1190 159 1246 quid
189 1190 399 1231 volueris.'
475 1196 518 1231 et
543 1191 711 1246 scripsit
752 1191 790 1231 ei
820 1190 981 1231 Sirohis
1026 1191 1227 1246 quoniam
1255 1190 1363 1230 nosti
1393 1190 1533 1245 quali-

54 1255 125 1288 ter
151 1261 215 1288 res
243 1246 413 1301 publica
443 1247 668 1288 Persarum
695 1261 774 1303 per
805 1262 983 1303 nequam
1014 1245 1229 1288 hominem
1259 1247 1384 1287 istum
1404 1246 1532 1288 Chos-

55 1319 161 1344 roen
191 1309 362 1359 pereat,
399 1309 444 1344 et
472 1303 564 1345 vult
594 1318 803 1344 coronare
830 1303 1072 1353 Merdasan,
1106 1309 1148 1344 et
1175 1318 1242 1344 me
1269 1304 1532 1358 primogeni-

55 1367 147 1401 tum
175 1375 309 1401 suum.
333 1360 600 1414 contempsit.
671 1367 713 1402 et
742 1360 774 1402 si
814 1361 1016 1401 allocutus
1055 1360 1186 1401 fucris
1226 1360 1452 1401 exercitum
1483 1365 1532 1401 ut

57 1417 265 1471 recipiant
296 1431 396 1467 me,
438 1421 482 1457 et
511 1431 634 1471 rogas
668 1432 817 1458 corum
850 1417 1038 1471 augebo,
1069 1423 1110 1458 et
1139 1432 1285 1472 pacem
1316 1431 1412 1457 cum
1442 1417 1532 1457 Ro-

56 1488 278 1515 manorum
308 1473 567 1527 imperatore
599 1488 646 1514 ac
675 1473 826 1514 Turcis
855 1474 1022 1527 faciam,
1055 1479 1098 1514 et
1125 1475 1232 1514 bene
1260 1472 1456 1514 vivemus.
1491 1478 1534 1514 et

54 1530 176 1572 stude
204 1545 300 1571 cum
327 1530 489 1584 populo
517 1535 593 1571 tuo
623 1535 672 1570 ut
701 1544 780 1586 ego
805 1537 1000 1586 regnem,
1031 1537 1072 1571 et
1097 1545 1238 1572 omnes
1267 1544 1341 1571 vos
1372 1544 1533 1585 prove..

56 1589 153 1628 ham
183 1593 225 1628 et
254 1586 511 1636 auxiliabor,
538 1592 581 1627 et
620 1587 849 1642 praecipue
879 1594 937 1628 te.
998 1587 1270 1628 Gundabusas
1291 1592 1430 1627 autem
1461 1601 1532 1628 rc-

55 1645 165 1685 misit
194 1645 232 1685 ei
260 1658 339 1699 per
363 1642 667 1683 collactaneum
695 1658 825 1684 suum·
849 1643 989 1685 dicens
1019 1643 1236 1699 ‘quicquid
1268 1658 1434 1698 possum
1469 1643 1533 1683 lo-

56 1715 167 1757 quar
205 1716 301 1741 cum
349 1707 577 1755 praetore,
617 1705 660 1741 et
686 1700 887 1741 sollicitus
933 1700 1018 1752 fui,
1050 1706 1093 1741 et
1122 1701 1286 1741 locutus
1314 1715 1403 1741 sum
1433 1715 1529 1740 cum

54 1758 203 1812 viginti
232 1757 396 1798 duobus
425 1757 673 1809 comitibus,
719 1763 762 1798 et
801 1758 880 1798 feci
912 1771 982 1798 eos
1018 1772 1138 1798 meae
1163 1757 1391 1797 voluntatis
1420 1771 1528 1806 csse;

55 1815 124 1855 sed
155 1820 198 1853 et
227 1814 326 1855 alios
373 1814 584 1868 principes
628 1820 669 1854 et
712 1814 860 1855 milites
901 1814 1082 1855 multos-¹
1144 1819 1188 1855 et
1229 1813 1335 1855 haec
1360 1814 1577 1868 quidemp-
1592 1815 1660 1850 501

56 1871 328 1911 Gundabusas
374 1871 588 1911 mandavit
630 1870 789 1911 Sirohi.
858 1876 901 1911 at
946 1870 1015 1911 ille
1056 1870 1215 1912 remisit
1251 1871 1290 1912 ei
1315 1870 1454 1912 dicens
1485 1877 1533 1911 ut

57 1928 218 1969 decimo
251 1927 522 1968 kalendarum
566 1929 825 1982 Apriliarum
861 1933 1046 1969 sumeret
1073 1928 1290 1979 iuniores,
1334 1934 1378 1969 et
1419 1927 1532 1982 apud

57 1992 229 2038 pontem
278 1985 317 2026 ei
344 1984 526 2038 Tigridis
557 1990 809 2025 occurreret
836 1983 1044 2035 fluminis,
1075 1990 1125 2024 ut
1152 1985 1410 2040 susciperent
1437 1999 1533 2025 eum

57 2042 98 2081 in
131 2041 358 2082 exercitum
393 2047 436 2081 et
480 2047 755 2082 moverentur
799 2041 995 2082 adversus
1026 2041 1262 2083 Chosroen.
1320 2041 1533 2082 referebat

56 2104 195 2139 autem
226 2097 343 2155 quod
384 2112 477 2138 cum
508 2097 652 2139 Sirobi
682 2105 819 2140 essent
847 2099 972 2140 etiam
994 2097 1079 2139 duo
1109 2098 1184 2139 filii
1202 2098 1460 2140 Sarbarazan
1490 2105 1532 2139 ct

150 2268 269 2302 facere
299 2267 489 2302 nobiscum
527 2266 604 2302 dies
632 2267 774 2314 aliquot
801 2267 933 2302 valeas.
993 2268 1141 2302 Rufinus
1177 2267 1355 2313 interpres
1382 2266 1531 2300 Eusebii

149 2316 195 2350 Η.
224 2316 261 2350 E.
290 2315 359 2350 10:
387 2316 552 2362 quinque
577 2327 692 2350 annos
718 2316 815 2350 inter
830 2315 1109 2351 catechumenos
1134 2315 1281 2349 faciant.
1332 2314 1419 2349 Acta
1439 2315 1531 2347 Fru-

150 2365 267 2398 ctuosi
306 2363 413 2409 episc.
452 2365 669 2398 Tan-mcum:
697 2369 734 2398 et
758 2363 923 2399 fecerunt
954 2365 993 2399 in
1030 2375 1172 2399 carcere
1215 2363 1293 2397 dies
1319 2374 1391 2397 sex.
1416 2362 1531 2396 Vetus

152 2413 358 2459 inscriptio:
397 2423 475 2445 cum
502 2423 573 2458 qua
601 2411 690 2446 fecit
719 2423 834 2446 annos
872 2411 896 2447 9
925 2424 1065 2447 menses
1090 2411 1113 2447 6
1143 2412 1220 2446 dies
1245 2411 1303 2445 25.
1328 2411 1420 2443 alia:
1448 2421 1531 2443 cum

148 2462 277 2494 marito
305 2460 391 2494 fecit
418 2472 462 2493 m.
490 2459 513 2494 5
541 2459 577 2492 d.
601 2459 660 2494 20.
697 2459 733 2494 S.
761 2460 979 2495 Athanasius
1019 2461 1059 2495 in
1090 2460 1164 2494 vita
1202 2460 1238 2495 S.
1262 2458 1432 2493 Antonii:
1460 2459 1529 2499 ἔξω

147 2509 329 2547 πολλάκις
361 2507 506 2555 ἡμέρας
535 2508 599 2542 καὶ
637 2505 773 2548 νύκτας
795 2508 1004 2549 ποιοῦντες.
1034 2521 1068 2543 v.
1097 2510 1184 2542 Acta
1211 2512 1326 2554 apost.
1354 2505 1400 2541 18
1421 2505 1468 2540 23
1494 2511 1531 2540 et

150 2558 258 2604 epist.
286 2556 407 2591 Iacobi
431 2559 456 2590 4
486 2555 542 2590 13.
592 2556 696 2590 Fun.

102 2641 135 2687 ⁴¹)
164 2639 388 2673 axiomaticis
441 2637 681 2672 Glossarium:
722 2636 977 2686 ἀξιωματικός
1006 2636 1242 2677 honorarius,
1264 2636 1326 2681 qui
1353 2634 1530 2669 honorem

150 2688 253 2733 gerit.
303 2687 376 2720 aliu
431 2686 670 2720 Glossarium:
713 2684 915 2731 dignitosus
958 2683 1049 2727 ἇξιω
1083 2683 1231 2725 armoe,
1258 2683 1384 2729 quiin
1409 2683 1531 2727 digni-

150 2741 227 2769 tate
251 2735 470 2769 constitutus
498 2739 562 2767 est.
626 2734 741 2767 utitur
762 2740 944 2779 postremo
982 2745 1044 2766 ver
1072 2743 1093 2765 o
1121 2730 1332 2765 Aldhelmus
1359 2729 1405 2766 de
1430 2731 1529 2764 laud.

150 2783 311 2828 virginit.
337 2795 366 2816 c.
382 2782 449 2817 28:
477 2786 627 2827 propter
660 2781 879 2826 dignitosam
907 2780 1141 2817 innocentiae
1166 2779 1335 2825 palmam,
1361 2779 1385 2813 i.
1410 2791 1442 2813 e.
1471 2779 1529 2812 di-

155 2832 327 2876 gnatione
354 2829 607 2865 venerandam.
656 2829 763 2866 Fun.
