1728 3184
683 124 882 203 mona.
1399 154 1495 202 365

35 279 148 320 inter
175 277 712 333 utrumqne=interponat,
751 276 793 315 in
823 274 909 315 eius
937 274 1117 315 calculos
1156 274 1347 317 errorem
1387 276 1498 317 irre-

33 336 157 391 psisse
194 332 414 375 indubium
436 339 509 374 est.

149 400 254 453 124,
288 401 352 445 14.
412 397 652 454 Ἀρκάδιος
693 394 715 439 ὃ
757 395 959 452 βασιλεὺς
983 394 1219 451 γενόμενος]
1251 399 1303 439 ad
1331 398 1498 439 Arcadii

34 459 144 500 vitae
171 459 430 514 postremt‘un
459 465 622 513 tempus
670 456 748 497 hoc
786 455 1005 511 contigisse
1035 461 1180 495 narrat
1209 455 1396 497 Socrates
1425 455 1498 500 lib.

33 514 61 556 6
89 529 181 571 cap.
198 516 283 558 21.

147 584 241 633 125,
274 584 311 626 1.
369 575 486 636 αὖε-ᾦ
513 580 561 622 δὲ
586 579 642 636 τῷ
669 575 754 621 ἔτει
782 575 1015 631 Ἀρκάδιος
1046 573 1326 630 ἐτελεύτησεν]
1355 593 1500 618 verum

32 640 224 680 Socrates
253 638 326 679 lib.
355 636 383 677 6
411 652 502 692 cap.
542 636 615 677 ult.
644 637 775 677 refert
812 636 959 676 obiisse
990 634 1171 675 kalendis
1200 636 1337 674 Maiis:
1363 641 1409 674 ut
1436 649 1500 675 so-

34 696 165 736 lerter
195 695 380 735 advertit
403 694 592 735 Petavius
622 695 691 735 lib.
724 696 774 738 13
804 693 854 734 ad
903 708 1058 731 annum
1087 691 1248 745 period.
1283 692 1356 732 lul.
1376 693 1499 734 5121.

34 751 230 806 imposuit
255 749 502 804 Theophani
545 750 700 791 Zozimi
744 752 853 790 locus
883 748 953 791 lib.
983 747 1023 800 6,
1056 747 1127 788 uhi
1159 747 1209 787 de
1237 746 1355 788 obitu
1387 747 1501 787 Stili-

34 809 149 848 conis
178 807 276 863 agit.
332 804 508 847 Βάσσου
535 806 615 858 μὲν
660 800 712 861 ἦν
738 804 922 846 ὑπατεία
953 805 1027 844 καί
1057 804 1299 856 Φιλίππου,
1326 802 1424 843 καθ’
1450 798 1502 856 ἢν

31 861 107 904 καί
132 860 362 919 Ἀρκάὃιος
394 859 417 902 ὅ
442 860 646 914 βασιλεύς
689 860 814 914 ἔτυχε
852 861 926 914 τῆς
955 860 1227 914 εἱμαρμένης,
1260 858 1313 915 τῇ
1341 859 1390 900 δὲ
1418 855 1499 910 πρὸ

30 921 136 961 δέκα
174 918 397 960 καλανδῶν
441 919 742 972 Σεπτεμβρίων
780 916 930 974 ἡμέρᾳ.
990 917 1071 957 hoc
1109 922 1191 959 est:
1239 917 1337 957 obiit
1363 915 1502 956 Stilico

29 976 99 1017 sub
127 976 253 1017 Bassi
286 984 326 1016 et
364 975 552 1030 Philippi
587 975 789 1016 consulatu
832 974 1081 1031 (quoquz‘dem
1131 975 1249 1013 etiam
1292 972 1502 1013 Art-adius

32 1033 359 1089 imperatorsato
370 1034 542 1085 fimeta-5
570 1036 639 1083 est)
669 1032 736 1072 die
763 1031 916 1071 decimo
948 1030 1141 1070 kalendas
1169 1029 1429 1086 Septembris.
1460 1035 1504 1068 at

31 1088 116 1130 dies
147 1088 216 1129 hie
249 1103 331 1128 non
364 1088 415 1128 ad
433 1087 617 1139 Arcadii,
648 1088 719 1128 sed
748 1087 798 1126 ad
820 1087 1026 1127 Stiliconis
1057 1087 1219 1127 obitum
1248 1085 1502 1126 referendus.

32 1145 159 1199 ipsius
186 1143 451 1198 Theophanis
488 1145 690 1184 sententia
734 1157 841 1183 anno
873 1144 1122 1184 succedente
1151 1143 1306 1182 certius
1339 1156 1387 1181 ac
1416 1141 1504 1180 cla-

30 1197 116 1243 rius
147 1201 346 1255 exposita.
406 1201 618 1252 Arcadius,
648 1201 797 1256 inquit,
831 1200 946 1240 anuis
981 1199 1032 1240 14
1060 1200 1268 1253 regnavit,
1297 1198 1503 1238 mensibus

30 1257 71 1306 3,
102 1257 245 1298 diebus
280 1255 348 1297 14.
416 1263 459 1296 at
501 1257 610 1298 unde
653 1257 722 1296 hic
752 1271 957 1297 annorum
976 1286 988 1307 ‚
1018 1256 1241 1306 mensium,
1271 1260 1312 1295 et
1341 1254 1504 1294 dierum

32 1313 140 1354 adeo
171 1319 390 1353 accuratus
423 1328 636 1364 numerus,
672 1312 748 1352 nisi
783 1327 830 1353 ex
849 1312 1032 1353 Socratis
1063 1311 1279 1362 chronico,
1308 1326 1391 1366 quo
1427 1310 1500 1349 lib.

30 1371 56 1411 5
91 1384 182 1425 cap.
212 1370 290 1410 ult.
322 1384 516 1424 magnum
554 1370 839 1410 Theodosium
878 1369 1039 1410 decimo
1068 1374 1180 1409 sexto
1208 1368 1402 1409 kalendas
1422 1367 1502 1406 Fe-

28 1427 194 1468 bruarii
223 1431 405 1466 mortem
435 1427 671 1480 oppetiisse,
703 1431 794 1466 erat
823 1427 854 1466 is
883 1441 1013 1467 annus
1043 1425 1202 1479 pr³vnus
1241 1420 1322 1464 294
1354 1423 1501 1478 Olym-

29 1482 176 1538 piadis,
207 1482 339 1523 filium
367 1482 591 1522 Arcadium
632 1482 711 1522 kal.
742 1482 841 1522 Maii
874 1495 983 1522 anno
1015 1480 1196 1522 secundo
1228 1479 1323 1532 297,
1356 1480 1501 1536 Olym-

28 1539 161 1595 piadis
191 1539 284 1594 pari
315 1538 402 1579 fato
431 1545 601 1594 raptum
633 1538 733 1594 legit
763 1538 837 1580 lib.
867 1536 894 1578 6
926 1552 1016 1593 cap.
1052 1538 1121 1578 21.

149 1620 247 1675 126,
264 1620 309 1663 4.
357 1617 404 1670 ὃς
431 1621 702 1676 ἑβασιλευσεν
721 1618 831 1674 μετὰ
855 1619 930 1676 τὴν
950 1621 1163 1676 τελευτήν]
1192 1627 1240 1662 ut
1261 1626 1360 1663 nota
1377 1634 1505 1675 prae-

32 1679 182 1723 cedens
212 1679 413 1721 declarat.

142 1763 254 1804 Ibid.
281 1762 321 1804 7.
377 1759 779 1814 συμβασιλεύσαντα
811 1760 884 1802 καί
909 1761 966 1818 τῷ
993 1758 1125 1814 πατρὶ
1153 1760 1319 1813 αὐτοῦ]
1349 1762 1506 1802 Socra-

32 1825 92 1860 tes
122 1820 196 1860 lib.
219 1818 268 1860 6·
293 1834 384 1874 cap.
400 1819 456 1860 21
501 1834 655 1860 annum
689 1819 868 1860 alterum
899 1833 994 1859 cum
1023 1825 1147 1874 patre
1170 1819 1396 1859 Arcadium
1431 1819 1506 1858 im-

31 1889 197 1930 perasse
236 1877 406 1917 scribit:
446 1881 490 1917 at
541 1890 636 1916 cum
682 1875 943 1930 Merogando
985 1882 1028 1916 et
1057 1875 1286 1916 Saturnino
1316 1889 1419 1916 coss·
1453 1873 1507 1914 ad

34 1932 260 1987 imperium
289 1933 341 1972 ab
372 1948 421 1973 eo
455 1939 674 1987 acceptum
702 1934 858 1974 referat
889 1932 962 1972 lib.
995 1932 1037 1973 5.
1070 1932 1097 1971 ii
1126 1946 1228 1972 vero
1260 1946 1363 1972 coss.
1396 1945 1504 1971 anno

31 1988 258 2030 Theodosii
292 1994 445 2044 quarto
478 1989 773 2044 adiungantur,
801 2003 849 2029 ex
880 1988 1029 2029 chron.
1052 1988 1187 2038 Alex„
1211 2003 1287 2029 nec
1303 1988 1507 2028 Theodo-

33 2045 121 2086 sius„
145 2045 310 2099 imperii
354 2045 562 2086 decimum
595 2052 776 2096 sextum,
811 2059 858 2086 ex
889 2045 959 2085 lib.
993 2045 1018 2085 5
1058 2059 1149 2099 cap.
1179 2046 1252 2085 ult.
1280 2059 1506 2101 superave-

34 2101 120 2143 rit:
155 2115 241 2142 uno
272 2116 380 2143 anno
413 2102 631 2142 Socratem
662 2102 849 2143 delusum
872 2103 1081 2157 reliquum
1108 2107 1179 2144 est.

145 2185 256 2228 Ibid.
289 2184 327 2226 9.
385 2181 491 2226 ἐτῶν
534 2178 634 2226 ὄντα
663 2182 804 2238 ὀκτώ]
836 2193 988 2228 octavo
1015 2186 1211 2226 nimirum
1242 2184 1506 2234 decurrente,

35 2241 94 2283 ait
119 2242 313 2282 Socrates
344 2242 416 2282 lib.
441 2242 464 2282 7
498 2257 589 2296 cap.
619 2243 658 2282 2.
717 2250 837 2283 natus
867 2244 977 2284 enim
1008 2243 1173 2296 imperii
1204 2241 1367 2296 paterni
1398 2254 1506 2279 anno

35 2300 228 2353 septimo,
263 2299 318 2339 lv
350 2299 441 2339 idus
473 2298 659 2353 AprileS‚
691 2313 738 2339 ex
778 2299 925 2340 chron.
956 2298 1250 2348 Alexandrino,
1281 2298 1358 2337 kal.
1390 2296 1508 2337 Maiis

37 2355 136 2395 anni
180 2354 233 2395 14
283 2355 505 2410 imperium
547 2362 772 2410 paternum
815 2356 976 2411 excepit
1022 2355 1155 2402 solus,
1200 2354 1313 2394 cuius
1353 2351 1510 2407 collega

37 2425 147 2452 anno
179 2418 329 2452 octavo
362 2413 500 2452 suerat
528 2417 770 2466 assumptus.
923 2426 929 2431 ·

150 2495 258 2536 lbid.
315 2495 416 2535 δέκα
444 2495 518 2536 καί
545 2496 668 2535 πέντε
684 2495 791 2536 ἐτῶν
820 2493 1092 2548 ὑπάρχουσα]
1125 2493 1275 2534 nedum
1303 2491 1508 2532 decimum

41 2551 234 2606 quintum
266 2558 456 2607 agentem
487 2567 671 2604 annum,
703 2553 846 2593 asserit
872 2552 1163 2593 Theodoretus
1194 2550 1262 2588 lib.
1293 2547 1318 2588 9
1347 2562 1438 2602 cap.
1471 2547 1509 2598 1,

41 2607 158 2662 quod
189 2608 270 2648 kal.
303 2609 526 2649 Februarii
558 2614 675 2659 nata,
713 2623 760 2648 ex
791 2608 937 2649 chron.
971 2606 1161 2648 Alexand.
1192 2606 1274 2645 kal.
1305 2605 1403 2644 Maii
1434 2619 1511 2658 pa-

36 2669 151 2703 -trem
181 2665 407 2705 Arcadium
441 2666 639 2714 amiserit,
668 2670 716 2704 ut
744 2665 872 2719 paulo
902 2665 1090 2718 superius
1120 2664 1311 2703 Socrates
1338 2667 1530 2701 testatus*

41 2725 115 2759 est.
171 2733 220 2760 ex
248 2721 509 2763 Theodoreti
550 2727 592 2762 et
620 2721 886 2776 Theophanis
914 2720 1098 2768 calculo,
1137 2731 1222 2772 quo
1250 2716 1388 2771 puella
1416 2717 1508 2756 viro

43 2781 209 2816 matura
227 2806 239 2825 ,
268 2784 436 2820 maturo
481 2793 652 2834 quoque
695 2784 737 2820 et
765 2776 953 2832 regendis
984 2776 1081 2817 viris
1114 2773 1226 2814 haud
1255 2774 1398 2827 inepto
1427 2787 1511 2828 po-
