1728 3184
211 164 270 212 41
279 167 308 214 6
722 173 778 214 ΙΝ
811 169 1185 213 ΤΗΕΟΡΗΑΝΕΜ

329 284 425 339 249,
457 284 499 328 3.
563 279 718 328 Οὖννοι
745 283 957 339 λεγόμενοι
986 281 1161 340 Σαβὴρ]
1195 284 1246 325 de
1275 284 1425 339 quibus
1455 285 1596 328 variae
1623 287 1686 327 le-

212 344 386 384 ctiones.
461 343 634 384 Hunnos
666 343 865 384 Vitaliani
909 344 1122 383 auxiliares
1164 346 1341 382 testatur
1381 342 1605 383 Iornandes
1634 343 1687 384 de

212 415 326 455 regn.
377 405 418 440 et
446 406 573 454 temp.
614 414 765 440 succes.
806 400 982 441 Saheros
1028 399 1176 439 Unnos
1213 405 1423 439 memorat
1450 398 1685 454 Procopius

212 457 280 496 lib.
311 457 336 496 5
381 457 434 498 de
476 456 588 497 hello
624 456 791 497 Persico
835 455 886 496 ad
915 457 1082 497 calcem.
1149 454 1283 495 varias
1315 468 1462 494 eorum
1497 456 1685 496 nationes

211 513 409 553 Maeotim
455 512 650 567 paludem
694 514 918 554 incolentes
953 517 1147 553 numeiat
1186 509 1377 566 Agathias
1409 511 1481 551 lib.
1515 511 1553 566 5,
1584 513 1685 554 alios

211 569 495 624 Nephthalitas
527 570 761 624 Procopius
805 570 874 609 lib.
909 569 929 608 1
974 570 1155 609 ineunte.
1226 573 1370 607 utrum
1408 583 1430 608 a
1472 568 1686 623 Sabergan

213 627 466 667 Hunnorum
515 625 621 667 duce
655 626 797 666 Hunni
825 626 1000 666 Saberi?
1042 624 1143 665 mihi
1184 624 1373 664 dubium.
1432 624 1684 666 Hunnorum

214 683 493 723 incursionem
517 684 648 723 refert
677 682 945 722 Marcellinus
989 696 1096 722 anno
1123 681 1322 722 Anastasii
1354 677 1421 736 24,
1451 681 1524 736 qui
1553 697 1576 721 a
1608 682 1684 723 Se-

211 739 398 794 ptembri
426 739 477 779 25
511 746 572 780 est
601 739 866 793 Theophani.

275 852 278 853 γ
326 811 526 866 249,12.
596 811 868 853 Μακεδονιόυ
907 811 1059 864 νεκροῦ
1097 809 1307 863 κειμένου]
1338 809 1519 851 historia
1551 811 1682 853 verbo

212 875 330 910 tenus
360 884 406 910 ex
438 869 667 910 Theodoro
716 868 808 909 lect.
854 868 1131 922 deprompta·
1176 868 1291 908 cuius
1336 868 1519 922 proinde
1555 867 1681 909 lectio

211 925 477 980 Theophanis
537 931 695 965 textum
736 932 988 978 corruptum
1029 922 1220 966 emendat
1261 925 1302 964 in
1343 923 1455 964 hunc
1499 924 1683 967 modum.

214 982 490 1022 Μακεδοιιόυ
518 981 794 1028 τελευτῶντος
820 979 898 1021 τοῦ
914 978 1159 1030 ἐπισκόπου,
1189 977 1378 1045 φοβερόν
1395 995 1438 1020 τι
1467 981 1685 1034 συμβῆναι

215 1039 359 1091 φασίν.
416 1034 561 1091 ιεκρὸν
602 1034 684 1090 γάρ
726 1032 827 1077 ὄντα
869 1037 1195 1091 σφραγίσασθαι
1233 1051 1287 1092 τῳ
1327 1033 1473 1092 τάφῳ·
1533 1052 1682 1078 corre-

215 1097 318 1135 etius
351 1110 443 1135 meo
478 1094 631 1134 iudicio
676 1094 952 1147 Theophanes
991 1092 1047 1149 τῷ
1074 1092 1258 1147 σταυρῷ.
1333 1107 1423 1133 cum
1451 1102 1548 1133 esset
1572 1109 1681 1134 mor.

212 1160 315 1202 tuus,
344 1166 470 1191 manu
496 1153 743 1215 consignasse
769 1152 898 1191 crucis
940 1150 1074 1205 signo:
1105 1151 1245 1204 potius
1273 1150 1490 1205 populum,
1519 1164 1600 1205 pro
1632 1165 1682 1191 eo

213 1223 262 1248 ac
289 1208 456 1248 solenne
485 1208 697 1262 episcopo.

323 1281 430 1323 Ibzssd
466 1281 528 1322 18.
588 1281 632 1321 ἐν
658 1278 955 1337 Ἀλεξανδρεία
1004 1281 1191 1321 πλεῖστοι
1223 1273 1391 1334 ανδρες]
1423 1278 1517 1320 talia
1549 1292 1686 1334 passos

212 1336 445 1379 haereticos
476 1338 653 1378 affiunat
682 1339 885 1378 Baronius
914 1323 967 1377 ad
996 1352 1061 1377 an.
1092 1337 1172 1377 515
1202 1352 1314 1377 num.
1345 1336 1399 1379 50
1430 1343 1472 1377 et
1501 1336 1573 1382 51

323 1421 417 1473 250,
449 1421 488 1462 3.
541 1416 750 1476 Ἀρεάδνη
791 1419 817 1476 ἦ
846 1421 1106 1474 βασίλισσα
1121 1417 1406 1475 ἐτελεύτησεν]
1449 1420 1500 1461 ad
1530 1435 1685 1461 annum

213 1479 410 1520 Anastasii
443 1477 496 1519 24
530 1479 745 1519 Areadnae
787 1485 967 1519 mortem
1011 1479 1122 1519 locat
1162 1478 1455 1530 Marcellinus,
1498 1493 1519 1517 a
1566 1479 1684 1518 cuius

212 1550 351 1577 mense
383 1536 622 1590 Septemb1i
654 1536 895 1576 vicesimum
927 1537 1120 1591 quintum
1151 1534 1425 1590 Theophanes
1457 1539 1665 1575 numerat.

325 1621 430 1661 Ibid.
466 1619 528 1660 16.
589 1618 807 1674 Θεόδωρος
836 1616 1061 1674 ἱστορικός]
1092 1634 1185 1660 eum
1215 1626 1335 1685 puto,
1366 1619 1438 1675 qui
1470 1619 1591 1689 vulgo
1621 1618 1684 1658 le·-

212 1677 339 1718 ctoris
376 1691 526 1717 nomen
560 1678 743 1742 accipit,
775 1678 826 1717 de
854 1691 938 1746 quo
969 1677 1132 1717 suidas.
1203 1674 1427 1729 Θεόδωρος
1458 1673 1541 1715 αἠὀ
1577 1675 1682 1715 α’να..

209 1733 404 1786 γιωστῶν
429 1734 502 1799 τῆς
530 1729 724 1801 μεγάλης
753 1730 972 1799 ἐκκλησίας
1004 1734 1115 1774 ΚΠ.
1161 1728 1348 1786 ἔγραψεν
1385 1730 1574 1784 ἱστορίαν
1613 1731 1682 1771 ἐκ-

210 1787 506 1843 κὶησιαστικὴν
534 1786 617 1829 α’πὸ
665 1790 747 1830 τῶν
773 1785 943 1843 χρόνων
974 1790 1313 1840 Κωνσταντι’,νου
1343 1788 1424 1837 ε’ως
1451 1788 1525 1842 τῆς
1552 1789 1681 1840 βασι-

180 1862 181 1865 ’
209 1845 326 1894 λείας
347 1845 659 1888 Ἰουστινιανοῦ.
723 1845 960 1887 Theodorus
985 1861 1041 1886 ex
1068 1845 1272 1886 lectoribus
1302 1861 1473 1900 magnae
1496 1846 1683 1886 ecclestae

212 1903 295 1942 GP.
323 1903 486 1958 scripsit
520 1904 839 1943 ecclesiasticam
887 1904 1097 1944 histormm
1140 1918 1167 1942 a
1198 1902 1452 1942 Constantmi
1481 1902 1679 1958 tempori-

209 1960 292 2010 hus,
320 1960 380 1999 ad
405 1959 631 1999 Iustiniani
672 1962 900 2015 impechum
941 1960 1016 1998 sub
1059 1959 1294 2012 Philippico
1329 1960 1586 2013 imperatore
1614 1959 1682 1998 vi-

209 2016 266 2054 xis
269 2030 322 2064 se,
352 2030 461 2070 quae
480 2015 560 2056 de
552 2031 639 2070 ipso
662 2016 906 2082 Theodoxo,
935 2021 976 2057 et
995 2015 1181 2056 Himerio
1200 2017 1385 2056 Chaitul·
1378 2016 1467 2055 irio
1502 2030 1681 2054 nar‘rin-

209 2078 282 2112 tur
312 2087 336 2112 a
356 2072 482 2113 Suida
511 2087 548 2111 v.
577 2068 784 2126 κυνήγιον,
816 2072 939 2113 fidem
971 2073 1139 2112 faciunt.
1198 2072 1334 2112 Allatii
1367 2073 1418 2112 de
1445 2071 1682 2112 Theodoiis

211 2129 387 2169 diatriba
421 2128 573 2170 diutius
601 2135 828 2183 expectata,
859 2129 1032 2170 dubium
1072 2143 1194 2170 omne
1224 2129 1473 2184 propediem
1503 2129 1678 2169 exolvet.

321 2213 427 2254 Ibid.
462 2212 525 2257 19.
599 2208 831 2266 Διόσκορος
874 2210 895 2254 ὃ
937 2210 1103 2267 μικρός]
1145 2228 1296 2254 nomen
1344 2214 1429 2254 eius
1471 2219 1680 2253 memorat

207 2271 410 2325 Euagrius
442 2270 513 2311 lib.
539 2269 566 2310 3
614 2284 705 2324 cap
734 2269 787 2310 31
819 2270 871 2311 ad
912 2272 1081 2310 calcem.
1138 2271 1223 2311 eius
1263 2285 1434 2326 quoque
1462 2271 1681 2310 occasione

209 2327 422 2367 admissam
454 2327 679 2368 Theodosii
710 2327 899 2378 caedem,
933 2342 980 2367 ac
1010 2326 1189 2367 eiusdem
1219 2328 1259 2368 in
1285 2327 1485 2368 haelesim
1518 2327 1676 2380 lapsum

210 2384 783 2425 refertLiberatusbrevialii
806 2399 897 2438 cap.
918 2384 968 2425 18
985 2390 1171 2425 exeunte.
1201 2400 1328 2425 annos
1350 2383 1677 2439 pontificatum,

203 2441 292 2489 dies
326 2438 418 2492 146,
449 2441 612 2482 obtinet
642 2440 753 2495 apud
780 2441 1099 2482 Ecchellensem.

321 2514 415 2565 252,
438 2515 476 2555 2.
544 2511 704 2566 μεταξυ
733 2513 779 2554 δέ
804 2511 946 2555 Ἰνδων
989 2529 1055 2553 και
1088 2513 1288 2568 Περσῶν]
1321 2513 1539 2553 historiam
1570 2512 1679 2553 hanc

208 2570 301 2624 ipsis
332 2585 438 2625 pene
464 2571 601 2612 verbis
631 2586 654 2611 a
683 2570 912 2612 Theodoro
955 2571 1113 2612 lectore
1142 2577 1359 2611 mutuatur
1388 2569 1676 2624 Theophanes.

319 2655 430 2696 Ibid.
466 2654 531 2696 18.
584 2653 863 2704 Ἀναστάσιος
882 2652 903 2695 ὅ
929 2651 1145 2709 βασιλεύς]
1176 2663 1422 2711 excerptum
1449 2669 1471 2696 e
1500 2653 1675 2695 chroni-

209 2723 257 2749 co
288 2712 581 2753 Alexandrino.

318 2783 414 2836 253,
447 2785 483 2826 1.
540 2781 612 2827 διὰ
652 2781 726 2840 τὴν
764 2784 1052 2840 κακοπιστιάν]
1096 2785 1328 2826 chronicon
1357 2784 1573 2828 Alexandr.
1604 2782 1673 2824 δια
