1768 3268
585 176 655 216 Ex
695 174 1043 216 THEOPHANE.
1452 168 1472 209 1
1487 161 1547 210 19

79 291 240 338 Narsen
267 293 312 330 et
341 287 475 329 Prisci
502 287 589 329 eius
615 287 893 343 praesentiam
912 288 1052 328 facere
1082 287 1357 327 manifestam.
1415 284 1550 339 impe-

79 352 203 388 rator
229 345 338 387 enim
365 344 605 399 Philippico
646 345 819 385 iusserat
856 349 1009 400 quarta
1050 357 1178 399 rogae
1215 349 1339 397 parte
1381 341 1553 397 privare

79 403 289 444 militiam.
358 401 615 456 Philippicas
658 408 799 442 autem
840 402 989 441 timens
1029 415 1081 441 ne
1113 400 1273 441 occasio
1319 397 1552 455 tyrannidis

79 460 214 510 fieret,
239 473 366 513 super
395 457 479 499 hoc
508 457 757 513 imperatori
788 472 873 498 non
904 457 1061 512 paruit,
1091 457 1273 511 ideoque
1302 470 1324 495 a
1353 461 1555 511 praetura

80 515 326 570 deponitur.
382 515 547 556 Priscus
588 522 728 556 autem
769 515 1014 569 perveniens
1044 513 1311 554 Antiochiam
1337 509 1556 566 praecepit

80 573 228 614 milites
258 571 371 628 apud
386 574 683 613 Monoeartum
715 571 868 626 colligi.
927 570 1107 612 advocat
1134 577 1272 611 autem
1303 575 1344 609 et
1376 571 1556 609 Germa.

85 644 199 681 num,
229 630 297 670 cui
326 627 658 670 Hedessenorum
688 628 948 683 principatus
979 627 1162 668 creditus
1198 632 1315 676 erat,
1346 640 1427 665 una
1460 639 1556 664 cum

81 685 305 741 episcopo,
357 690 400 726 et
438 700 520 725 una
560 699 656 725 cum
700 685 755 726 eis
786 685 839 726 ad
866 685 1094 726 exercitum
1126 685 1226 734 ibat,
1252 682 1558 723 solemnitatem

81 742 258 798 paschae
287 757 381 782 cum
411 741 487 782 illis
520 742 717 782 facturus.
797 748 839 783 at
868 756 971 782 vero
1004 741 1126 782 duces
1156 740 1358 781 exercitus
1391 738 1557 779 obviam

80 804 289 840 venerunt
314 800 351 839 ei
371 813 467 839 cum
484 798 646 851 bandis,
661 798 826 840 duobus
855 798 978 853 signis
1005 797 1158 853 procul
1189 797 1239 837 ab
1270 796 1469 838 exercitu.
1499 799 1559 834 ast

79 856 246 896 Priscus
263 855 491 896 secundum
511 870 675 896 morem
698 870 782 896 non
806 854 1019 896 descendit
1041 855 1094 896 ab
1117 869 1242 911 equo,
1261 868 1337 894 nec
1352 850 1557 893 consuetis

81 912 400 953 salutationibus
431 926 526 952 usus
555 919 632 953 est.
702 913 800 953 hine
834 927 934 967 ergo
962 918 1004 953 et
1032 911 1118 952 odii
1153 910 1372 952 exordium
1402 910 1558 949 factum
1571 925 1608 960 p.
1630 910 1698 947 401

81 975 162 1011 est:
197 969 238 1009 in
275 969 567 1010 communibus
609 984 791 1025 namque
831 969 994 1010 iniuriis
1037 966 1325 1010 multitudines
1376 964 1557 1007 severius

80 1025 314 1082 patiuntur.
373 1032 470 1081 post
501 1026 650 1066 festum
670 1032 811 1067 autem
840 1026 950 1067 diem
974 1025 1376 1067 demonstrabantur
1406 1021 1560 1063 tetrice

83 1082 349 1138 imperatoris
377 1083 555 1124 litterae.
614 1082 836 1124 confluunt
863 1083 1005 1139 itaque
1032 1080 1320 1124 multitudines
1350 1079 1401 1121 ad
1430 1093 1561 1134 prae-

83 1139 188 1181 toris
217 1140 393 1180 fixuram
427 1139 712 1191 tabernaculi,
753 1140 841 1180 aliis
885 1139 1055 1195 quidem
1090 1138 1247 1195 gladios
1277 1135 1561 1193 portantibus,

82 1197 171 1237 aliis
211 1210 311 1237 vero
360 1194 515 1250 lapides
565 1196 627 1238 vel
671 1195 780 1252 ligna
825 1196 1085 1237 iactantibus.
1151 1196 1199 1235 fit
1230 1194 1361 1249 igitur
1387 1191 1562 1248 pavidus

81 1253 261 1306 Priscus,
290 1258 332 1293 et
366 1252 587 1293 ascendens
618 1268 774 1308 equum
803 1254 897 1308 fuga
930 1254 1057 1293 evasit
1088 1252 1336 1307 periculum.
1370 1250 1429 1290 illi
1458 1262 1561 1290 vero

81 1309 316 1351 scindentes
351 1310 475 1350 fixum
498 1309 619 1350 huius
647 1311 981 1360 tabernaculum,
1006 1309 1143 1350 omnia
1164 1323 1271 1364 quae
1290 1307 1415 1362 ipsius
1441 1311 1563 1347 erant

83 1366 366 1421 diripuerunt.
437 1372 499 1406 ast
538 1365 606 1407 ille
649 1367 934 1408 Constantiam
976 1365 1220 1421 perveniens
1251 1380 1272 1404 a
1312 1362 1482 1404 medicis
1510 1361 1563 1402 de

82 1423 419 1479 percussionibus
467 1422 655 1476 lapidum
695 1429 738 1464 et
778 1423 1019 1463 vulneribus
1062 1422 1319 1472 curabatur,
1363 1426 1404 1461 et
1432 1417 1564 1460 mittit

83 1480 327 1534 episcopum
362 1478 540 1520 civitatis
572 1480 781 1520 rationem
813 1480 967 1520 faciens
992 1494 1040 1520 ac
1060 1479 1261 1534 pollicens
1294 1476 1494 1518 exercitui
1521 1489 1564 1516 se

82 1552 300 1578 suasurum
333 1536 607 1591 imperatori,
637 1551 688 1578 ne
727 1537 818 1577 illos
859 1537 1002 1590 privet
1042 1537 1181 1592 aliqua
1212 1532 1566 1575 conferendarum

87 1593 440 1634 consuetudinum
471 1596 522 1643 *).
585 1599 646 1634 ast
676 1594 880 1634 exercitus
911 1594 1156 1648 episcopum
1174 1607 1270 1633 cum
1300 1590 1461 1631 iniuriis
1493 1603 1567 1629 re-

83 1657 302 1705 spuerunt,
334 1656 376 1690 et
406 1651 664 1690 Germanum
698 1650 878 1690 invitum
906 1655 1150 1704 praetorem
1180 1647 1567 1704 pronuntiaverunt

82 1722 210 1762 super
237 1714 400 1748 scutum
432 1706 598 1758 elatum,
622 1707 1025 1762 imperatoriamque
1045 1712 1223 1747 statuam
1253 1705 1566 1755 subverterunt,

83 1769 126 1805 et.
160 1763 278 1804 huius
308 1763 502 1818 imagines
535 1764 724 1805 demoliti
754 1770 864 1805 sunt.
925 1770 967 1805 et
993 1763 1034 1803 in
1066 1761 1334 1819 tyrannidem
1363 1774 1566 1815 prorum-

82 1826 236 1876 perent
265 1826 308 1861 et
339 1821 464 1860 urbes
502 1820 790 1875 dispoliarent,
838 1820 912 1860 nisi
943 1822 1174 1862 Germanus
1206 1819 1250 1859 id
1282 1832 1405 1873 agere
1434 1815 1564 1856 multa

85 1877 419 1918 commonitione
453 1883 494 1917 et
526 1877 821 1919 exhortatione
837 1877 1045 1918 vetuisset.
1105 1876 1270 1917 Priscus
1296 1880 1434 1915 autem
1462 1872 1564 1912 haec

85 1934 332 1988 imperatori
372 1933 586 1974 manifesta
613 1935 735 1986 fecit,
766 1942 808 1976 et
850 1935 1088 1988 imperator
1113 1932 1394 1986 Philippicum
1425 1929 1563 1970 denuo

84 1997 331 2045 praetorem
363 1991 548 2031 Orientis
579 1991 812 2032 constituit.
882 1991 1047 2031 Priscus
1079 2003 1180 2030 vero
1213 1988 1460 2044 Byzantium
1495 2000 1565 2025 re-
1578 1981 1704 2032 p·402

85 2047 180 2087 diit.
239 2062 374 2102 porro
404 2048 609 2088 exereitus
650 2047 893 2089 iuramentis
942 2061 985 2089 se
1030 2046 1264 2087 affirmabat
1294 2061 1315 2085 a
1358 2042 1563 2084 Mauricio

86 2105 321 2144 nullatenus
367 2105 582 2159 imperari.
651 2105 827 2145 barbari
873 2119 969 2145 sane
1008 2104 1206 2144 Romanis
1259 2100 1566 2142 calamitatibus

87 2161 423 2201 delectabantur.
493 2177 641 2202 verum
686 2162 921 2215 imperator
965 2159 1281 2210 Aristobolum,
1323 2164 1566 2198 curatorem

86 2218 367 2272 imperialium
410 2218 663 2270 domorum,
707 2219 760 2259 ad
793 2218 1021 2258 exercitum
1055 2217 1190 2267 misit,
1223 2215 1418 2270 quatinus
1449 2214 1568 2253 iura-

85 2274 234 2314 mentis
266 2280 308 2315 et
341 2275 460 2315 donis
490 2275 756 2331 tyrannidem
784 2276 989 2323 solveret;
1028 2274 1144 2330 quod
1177 2279 1218 2313 et
1246 2273 1356 2312 fecit.
1418 2277 1568 2325 tyran-

86 2330 183 2371 nide
228 2345 331 2371 vero
377 2332 588 2373 destructa
633 2333 680 2371 fit
708 2333 933 2372 Persarum
973 2338 1101 2386 atque
1138 2331 1427 2370 Romanorum
1455 2325 1568 2365 cirea

84 2388 413 2444 Martyropolim
456 2389 680 2428 maximum
707 2388 876 2428 bellum.
951 2387 1148 2429 Romanis
1176 2401 1278 2426 vero
1303 2383 1492 2439 potentia
1526 2386 1568 2422 et

88 2442 242 2484 ducum
287 2445 445 2486 virtute
486 2446 816 2501 expugnantibus
857 2445 1034 2495 Persas,
1081 2442 1335 2484 interficitur
1378 2441 1567 2479 Maruzas

87 2500 311 2541 Persarum
351 2508 540 2556 praetor.
609 2501 1032 2556 comprehenduntur
1078 2501 1203 2541 etiam
1243 2496 1472 2538 viventium
1519 2509 1567 2535 ex

90 2556 151 2597 bis
182 2557 263 2598 tria
278 2558 404 2612 milia,
436 2564 478 2599 et
493 2558 763 2599 Persicorum
782 2558 994 2612 principes
1024 2557 1234 2611 agminum
1261 2553 1372 2593 mille
1403 2558 1568 2592 tantum

72 2614 246 2658 ,reversi
282 2621 379 2655 sunt
414 2615 455 2655 in
498 2614 722 2656 Persidem.
787 2629 923 2670 porro
966 2613 1149 2655 Romani
1185 2609 1474 2652 transmittunt
1515 2608 1568 2648 ad

115 2748 147 2796 ')
173 2748 493 2794 consuetudinum]
531 2749 757 2785 cousuetudo
777 2749 986 2794 praestatio,
1013 2744 1173 2804 ”s‘Q⁰X{·
1193 2743 1369 2778 Glossae:
1397 2741 1567 2778 salarium

187 2796 381 2842 συνήθεια.
410 2810 440 2833 v.
470 2798 559 2833 Hist.
587 2797 689 2845 Trip.
721 2798 742 2832 l.
769 2797 793 2833 6
819 2809 847 2831 c.
874 2797 895 2832 7
922 2802 958 2831 et
984 2796 1006 2829 l.
1038 2795 1057 2828 7
1085 2804 1119 2827 c..-
1143 2805 1177 2827 o.
1227 2791 1332 2826 Fun.
