1728 3184
703 180 905 225 NOTAE.
1431 181 1522 226 371
1558 133 1571 150 '

68 291 227 350 ῥήτορα
269 293 488 350 rhetor-em,
518 294 588 337 lib.
615 295 667 340 14
695 310 786 351 cap.
812 295 885 339 32.
951 295 1003 338 de
1042 295 1284 339 scholastico
1325 304 1449 340 notae
1477 299 1528 337 ad

69 365 161 406 pag.
190 327 247 392 δό
276 349 518 392 edisserunt.

182 419 276 468 136,
309 420 374 462 19.
443 415 489 459 τὸ
521 417 702 474 φοβερὸν
726 419 881 470 θαῦμα
909 417 994 458 τῶν
1022 416 1150 471 ἁγίων
1183 420 1212 470 ζ
1241 415 1421 476 naiman]
1448 421 1530 460 Ba-

70 473 214 516 ronias
242 474 295 515 de
323 474 402 515 illis
431 474 473 514 in
502 474 719 530 martyrol.
750 475 871 514 Rom.
901 474 953 514 27
986 476 1090 517 Iulii.

182 543 276 589 138,
307 540 372 585 14.
429 539 456 594 ἦ
484 540 530 582 ἓν
555 538 715 597 Ἐφέσῳ
756 539 857 595 ἇγιά
893 538 968 581 καί
999 539 1291 594 οἰκουμενική]
1327 544 1534 597 Ephesina

67 596 245 652 synodus
258 598 369 637 Bassi
401 604 443 638 et
460 597 650 638 Antiochi
680 598 898 638 consulatu
914 597 1119 652 descripta
1151 600 1192 638 in
1225 614 1379 639 annum
1392 601 1532 640 Theo..

67 653 168 693 dosii
198 653 373 694 iunioris
402 649 457 694 24
484 660 526 693 et
554 654 607 694 25
653 668 700 695 ex
740 654 1007 708 Theophanis
1036 657 1132 694 anni
1155 654 1374 708 periodum
1405 671 1426 694 a
1458 657 1533 696 Se.-

66 709 252 763 ptembri
275 710 483 750 metientis
504 717 705 764 computo
721 710 889 750 incidit:
919 710 1036 750 Iunio
1065 712 1173 751 enim
1202 725 1342 752 mense
1362 712 1534 751 inchoa..

66 771 110 805 ta
126 765 304 805 Octobri
333 767 611 806 terminatur:
639 782 748 821 quae
768 781 891 807 causa
909 767 1048 807 forsan
1080 767 1229 820 extitit,
1259 774 1307 807 ut
1335 768 1387 808 ad
1415 782 1536 821 prae-

67 820 143 862 fati
170 821 438 875 imperatoris
468 837 622 862 annum
652 822 704 862 25
735 837 825 862 eam
856 824 1024 864 referet.

181 893 276 946 141,
308 897 349 939 8.
406 895 451 935 ἐν
479 893 534 949 τῇ
566 891 716 950 Θάσῳ]
742 892 884 935 Ὀἁσει
924 894 1156 936 correctius
1185 895 1340 937 habent
1370 895 1539 951 quidam

70 949 246 991 codices.
303 951 565 1004 provinciam
610 957 719 990 enim
765 953 943 1007 Aegypti
973 953 1196 1004 incultam,
1224 959 1266 992 et
1294 952 1539 1005 intemperie

68 1006 176 1047 aeris
205 1007 350 1047 incolis
383 1007 571 1060 rigidam,
605 1008 744 1047 Oasim
773 1009 956 1060 nomine,
989 1010 1167 1049 exulanti
1197 1009 1388 1049 Nestorio
1420 1008 1539 1048 fuisse

65 1062 315 1118 assignatam
346 1064 480 1103 tradit
499 1063 791 1104 Theodoretus
819 1065 871 1104 ad
901 1064 1151 1118 Sporadium
1183 1065 1301 1119 epist.
1335 1068 1371 1108 1.

178 1130 291 1171 Ibid.
324 1132 390 1174 19.
422 1128 583 1179 Νάννος
611 1128 633 1171 ὁ
665 1127 892 1187 θεοφόρος]
926 1132 1272 1188 martyrologium
1301 1133 1538 1173 Romanum

72 1186 98 1225 2
124 1187 385 1227 Decembris.

178 1253 287 1293 Ibid.
310 1252 379 1294 ΩΟ.
437 1253 652 1309 μιμάδων]
676 1255 977 1310 pantomimum
1004 1255 1125 1295 fuisse
1149 1260 1300 1295 auctor
1327 1255 1436 1296 vitae
1455 1255 1539 1296 eius

61 1309 237 1350 Iacobus
270 1308 469 1350 diaconus
501 1311 611 1351 inter
642 1318 811 1365 patrum
838 1312 943 1352 vitas
975 1317 1162 1351 testatur.

176 1388 270 1439 142,
300 1390 337 1431 1.
403 1388 709 1440 μαργαριτοῦς]
747 1403 795 1430 ex
831 1390 1148 1443 margaritarum
1190 1395 1232 1430 et
1273 1403 1534 1445 gemmarum
1589 1414 1593 1418 -

67 1442 218 1498 quibus
247 1444 506 1488 onerabatur
536 1445 668 1499 copia.

177 1521 289 1564 Ibid.
345 1522 575 1577 πελαγίαν]
608 1522 719 1579 quod
754 1539 778 1563 a
806 1524 1009 1565 natalibus
1042 1523 1298 1577 impositum,
1330 1523 1370 1563 in
1398 1523 1539 1578 bapti-

67 1592 155 1618 smo
185 1579 428 1620 restitutum
458 1593 621 1632 nomen,
655 1586 804 1621 auctor
830 1587 890 1621 est
920 1581 1091 1621 Iacobus
1122 1580 1288 1620 relatus.

177 1657 289 1699 lbid.
325 1660 391 1701 12.
447 1651 580 1711 ἦλθεν
614 1656 974 1708 Οὗαλεντινιανός]
1005 1673 1104 1714 quas
1123 1674 1218 1698 cum
1238 1657 1426 1698 Eudoxia
1452 1658 1541 1698 Va-

66 1712 316 1754 lentinianus
347 1715 497 1755 tertius
526 1716 737 1755 contraxit
766 1716 945 1770 nuptias,
975 1731 1099 1771 quam
1130 1715 1298 1754 diversis
1328 1715 1444 1755 annis
1459 1715 1540 1754 So..

65 1776 200 1811 crates
231 1770 300 1811 lib.
329 1769 354 1810 7
381 1785 459 1825 cap
505 1770 590 1820 43„
631 1777 674 1813 et
716 1771 947 1813 chronicon
978 1772 1087 1813 Alex.
1119 1787 1140 1810 a
1172 1768 1430 1825 Theophane
1460 1778 1541 1811 sta-

67 1826 241 1877 tuerint,
270 1827 367 1868 vide
397 1827 509 1881 apud
526 1828 746 1868 Petavium
767 1829 819 1870 de
851 1828 959 1869 doct.
977 1836 1109 1883 temp.
1134 1828 1202 1867 lib.
1221 1826 1271 1871 13
1306 1826 1357 1867 ad
1387 1842 1541 1866 annum

65 1883 194 1925 5150.
225 1883 312 1937 ipse
337 1882 533 1924 Petavius
549 1885 807 1938 Prosperum
837 1892 1039 1941 sequutus
1073 1885 1160 1925 aliis
1193 1898 1290 1924 coss.
1321 1898 1422 1939 quos
1454 1884 1541 1924 fixit

65 1939 259 1979 Socrates
291 1940 519 1980 celebratas
546 1942 705 1981 asserit.

175 2010 287 2051 Ibid.
323 2014 391 2055 17.
442 2007 645 2064 “Ησύχιος
674 2009 973 2067 πρεσβύτερος]
1017 2013 1394 2067 Hierosolymorum
1427 2012 1539 2052 anti..

64 2067 218 2114 stitem,
249 2067 366 2107 Sixto
397 2068 567 2108 Senensi
597 2069 637 2109 in
670 2070 888 2109 adversum
924 2070 1140 2120 sentiente,
1175 2070 1421 2124 Hesychium
1454 2083 1536 2108 non

64 2123 404 2220 Ξὲἓίἰῗίἱεῃῐνεώει
426 2123 527 2174 ista,
557 2131 599 2165 et
639 2126 850 2180 praefatae
878 2126 993 2166 urbis
1023 2126 1256 2167 antistitum
1287 2126 1532 2165 laterculum

176 2251 287 2293 Ibid.
309 2254 374 2296 19.
432 2251 477 2291 ἕν
495 2251 673 2305 α’σκήσει
701 2248 927 2307 ἐκοιμήθη]
959 2254 1151 2309 aliquotis
1186 2253 1300 2293 annis
1328 2253 1533 2307 posterio-

62 2322 151 2348 rem
183 2322 267 2348 esse
296 2309 501 2350 Melaniae
531 2309 645 2348 istius
674 2315 852 2349 mortem
881 2309 1035 2350 indicio
1063 2310 1163 2350 mihi
1194 2316 1268 2357 est,
1302 2308 1415 2364 quod
1443 2309 1533 2348 Eu-

61 2363 221 2404 dociam
250 2365 561 2419 imperatricem
605 2365 889 2420 Hierosolyma
932 2368 1164 2420 profectam
1207 2366 1291 2419 ipsa
1322 2367 1361 2404 in
1393 2370 1532 2403 sancta

63 2420 170 2461 urbe
198 2421 448 2476 susceperit,
489 2427 532 2461 et
573 2435 669 2461 cum
702 2436 747 2462 ea
780 2423 874 2462 novi
905 2423 1049 2476 templi
1089 2422 1355 2462 dedicationis
1385 2420 1533 2460 festum

63 2482 106 2515 et
135 2476 215 2516 alia
247 2478 475 2533 peregerit,
510 2491 616 2532 quae
646 2478 687 2517 in
716 2478 802 2518 eius
832 2478 916 2520 vita
946 2482 998 2524 31
1029 2481 1131 2519 Dec.
1163 2478 1327 2517 exhibet
1357 2476 1527 2516 Sur-ius:

61 2532 249 2573 Eudocia
277 2548 380 2573 vero
420 2548 528 2573 anno
570 2540 768 2588 sequente
811 2534 1190 2590 Hierosolymorum
1219 2532 1532 2586 peregrinatio-

63 2602 159 2629 nem
187 2603 388 2644 agressam
428 2596 575 2629 auctor
612 2590 698 2643 ipse
739 2590 851 2630 circa
882 2591 1083 2630 Melaniae
1121 2590 1226 2628 sacta
1257 2587 1529 2628 hallucinatus

64 2643 272 2686 describit.
302 2647 441 2686 obitus
456 2645 658 2686 Melaniae
686 2646 870 2687 incertus
899 2653 958 2687 est
990 2645 1168 2686 Baronio
1197 2644 1248 2683 ad
1277 2658 1432 2684 anuum
1446 2641 1530 2685 438

60 2704 173 2741 num.
209 2704 272 2745 17.

179 2774 270 2825 143,
306 2777 340 2818 1.
402 2769 631 2822 Θεοδόσιος
660 2768 684 2813 ὅ
714 2771 915 2826 βασιλεὺς
957 2771 1033 2827 τὴν
1062 2769 1264 2826 γαμετήν]
1294 2786 1401 2813 auno
1429 2774 1527 2827 qui-
