1728 3184
696 177 899 222 nonu.
1415 157 1509 222 53'7

36 295 121 335 dita
154 295 324 346 latebat,
353 293 543 336 Emesam
583 295 628 335 in
659 292 863 350 templum
897 297 1104 352 Baptistae
1137 297 1296 339 nomini
1328 297 1511 338 dicatum

33 351 219 393 seeundo
250 351 499 394 translatum
521 369 532 391 ε
561 352 710 392 Emesa
741 353 923 408 denique
942 361 984 394 et
1013 356 1205 394 Comanis
1238 355 1318 395 GP.
1349 355 1509 409 depor-

36 414 183 450 tatum.
241 409 423 463 primam
454 424 536 449 una
566 423 665 448 cum
686 409 875 449 secunda
906 411 1218 451 translationem
1249 412 1412 464 Graeci,
1443 417 1506 453 te-

30 470 93 506 ste
122 464 386 506 Genehrardi
422 464 667 505 brevissimo
698 465 935 520 menologio
966 467 1187 507 Februarii
1214 467 1283 508 die
1305 463 1385 519 24,
1425 482 1509 522 po-

30 528 227 561 stremam
254 521 355 562 Maii
386 520 440 562 25
470 521 697 561 celebrant.
726 524 946 563 Menaeum
975 528 1159 579 utroque
1181 520 1248 565 die
1273 523 1508 580 legendum,

28 576 345 618 disertissimum
373 577 427 618 de
446 577 679 618 Prodi-omi
716 579 854 632 capite
886 585 1111 620 tractatum
1140 594 1179 620 c.
1211 595 1248 620 v.
1279 580 1420 621 Caroli
1447 580 1506 622 du

29 633 66 674 F
68 648 187 674 resne
208 634 493 675 Ambianensis
522 635 889 688 praestolantibus.

143 710 241 762 665,
270 711 312 755 9.
369 710 621 766 κατάβασις]
652 715 936 763 cotfissionem
962 713 1036 753 snb
1066 713 1187 753 altari
1215 713 1270 754 ad
1297 714 1504 754 Romana-

33 782 129 808 rum
162 769 293 808 instar
327 782 517 822 expono:
562 770 782 810 κτισθεῖσα
825 770 982 825 quippe
1012 769 1190 823 legitur:
1222 770 1404 825 ideoque
1428 771 1503 812 sub

28 831 144 864 terra
169 823 283 865 calce
311 824 517 879 lapidibus
543 824 731 865 aedificio
763 826 963 876 revincta,
995 826 1110 882 quod
1129 826 1503 867 iconomachorum

28 881 289 935 temporibus
333 895 382 922 ex
424 896 518 936 pag.
547 880 629 922 370
661 883 787 923 etiam
819 897 960 923 sacrae
1003 883 1204 937 reliquiae
1231 883 1501 923 saevissimam

26 943 275 990 paterentur
303 939 654 991 persecutionem.
713 939 994 979 translationis
1024 940 1175 979 tertiae
1203 939 1384 979 officium
1401 939 1500 979 Maii

28 994 81 1033 25
116 999 246 1047 caput
275 1008 382 1034 urna
413 995 644 1049 repositum
674 1000 874 1050 terraque
906 1002 1102 1049 opertum
1132 1001 1233 1035 tunc
1262 995 1426 1035 demum
1454 996 1496 1036 in

26 1049 162 1090 lucem
180 1056 364 1102 erutum,
395 1056 438 1091 et
462 1059 659 1091 ornatum
690 1058 878 1103 argento,
908 1051 1214 1106 frequentibus,
1226 1052 1403 1092 modulis
1423 1052 1498 1092 de·

22 1105 318 1147 cantat22alias
349 1107 453 1163 quid
477 1107 581 1149 haec
611 1106 870 1161 κατάβασις,
902 1114 1008 1164 quae
1043 1109 1255 1148 Anastasio
1281 1109 1498 1161 descensus,

24 1162 127 1202 mihi
157 1163 314 1218 ignota.

135 1235 248 1278 Ibid.
305 1234 438 1288 μέχρι
477 1237 552 1289 τῆς
590 1235 794 1289 σήμερον]
839 1236 891 1277 ad
921 1235 1188 1291 Theophanis
1218 1236 1356 1276 adhuc
1386 1243 1494 1277 tem-

23 1305 145 1346 pora,
180 1306 266 1346 quo
295 1292 512 1333 translatio
557 1293 700 1334 eadem
734 1300 926 1347 peracta,
954 1294 987 1333 si
1017 1294 1117 1334 fides
1148 1300 1377 1334 coaetaneo
1408 1307 1494 1334 non

22 1347 256 1403 denegatur
295 1347 527 1389 historico:
574 1356 726 1389 auctor
753 1352 915 1391 Menaei
946 1350 1260 1391 translationem
1291 1349 1410 1389 istam
1438 1348 1493 1390 ad

21 1404 305 1446 Valentiniani
333 1405 510 1446 iunioris
535 1413 711 1447 aetatem
742 1407 979 1448 revocantis
1008 1407 1204 1461 deceptus
1234 1412 1307 1446 est.

133 1474 231 1528 666,
260 1475 301 1517 4.
358 1477 420 1525 εἰς
449 1474 522 1518 τόν
551 1472 664 1518 οἶκον
691 1478 764 1532 τῆς
791 1478 966 1534 πλάνης]
1003 1480 1045 1520 in
1077 1479 1279 1533 templum
1307 1477 1492 1519 Mechae.

131 1549 244 1592 Ibid.
272 1550 314 1590 5.
374 1545 564 1602 ὄνόματα
603 1548 667 1607 ξ’]
709 1558 755 1592 ut
797 1553 967 1593 nomine
1008 1552 1269 1608 dignoscitur
1296 1566 1492 1606 persona,

20 1607 76 1647 ita
103 1612 186 1647 ‘vox
214 1599 360 1658 ὄνομα,
390 1608 456 1648 vel
488 1605 704 1660 ὄνομάτος,
725 1623 940 1664 personam
965 1610 1108 1651 refert.
1166 1608 1264 1648 hinc
1286 1609 1493 1649 recentio—

19 1663 136 1703 ribus
164 1663 312 1704 usitata
342 1664 505 1704 dicendi
536 1679 690 1719 genera
721 1665 823 1705 δέκα
852 1661 1068 1719 ὄνομάτοι,
1104 1666 1246 1706 decem
1267 1679 1492 1722 personae.-

18 1717 134 1761 πόσα
163 1714 274 1767 εἶδες
299 1715 502 1773 ὄνόματα,
534 1731 632 1777 quot
658 1723 801 1762 vidisti
823 1727 1053 1777 personas?

130 1792 239 1833 Ibid.
259 1791 300 1834 8.
358 1793 601 1848 Κασιῶται]
637 1795 708 1849 qui
739 1809 874 1849 nuper
892 1795 1045 1836 Caisini
1076 1795 1179 1836 dicti
1209 1809 1302 1851 pag.
1317 1791 1414 1848 356,
1442 1792 1494 1834 de

18 1848 168 1904 quibus
196 1850 322 1904 plura
354 1849 398 1889 in
424 1851 552 1890 variis
580 1850 849 1892 lectionibus.

131 1933 239 1975 [bid.
271 1936 337 1978 11.
391 1935 614 1988 ζποντίσαι]
662 1941 710 1975 ut
757 1935 799 1975 in
829 1936 1114 1990 profundum,
1156 1936 1213 1977 ita
1240 1937 1282 1976 in
1314 1950 1491 1977 coenum

15 1990 153 2044 stupri
178 1990 416 2055 ‘mulierem
455 1991 713 2046 demergere.
787 1993 1044 2045 Anastasius,
1084 1994 1129 2034 in
1151 1991 1321 2049 pelagus
1360 1994 1493 2034 iacere

17 2052 221 2102 exposuit.

128 2118 225 2171 667,
267 2119 331 2163 14.
399 2118 423 2160 ὅ
468 2117 559 2170 υἱὸς
593 2122 667 2175 τῆς
709 2122 931 2178 Φατίμας]
969 2138 1016 2164 ex
1054 2123 1233 2178 posteris
1274 2121 1490 2162 Phatimae

15 2175 245 2218 Mabometi
276 2177 384 2218 filiae
410 2192 495 2218 non
527 2178 718 2233 ignobilis
750 2178 854 2219 dux:
889 2180 941 2220 de
971 2179 1215 2222 Phatemitis
1247 2177 1490 2220 Constanti-

16 2248 91 2273 nus
118 2233 526 2289 Porphyrogenneta
556 2235 607 2275 de
634 2235 743 2277 adm.
776 2235 944 2291 imperii
974 2251 1066 2292 cap.
1100 2236 1167 2278 15.

125 2318 237 2359 Ibid.
271 2317 334 2359 15.
394 2315 494 2367 τούς
522 2315 605 2358 u'nd
627 2319 775 2373 σειρᾶς
803 2321 1129 2376 καταγομένους]
1162 2318 1390 2360 Anastasius
1419 2318 1488 2358 in-

14 2380 304 2428 terpretatur,
345 2375 406 2415 ad
430 2389 474 2414 se
499 2377 546 2414 ἱη
579 2376 691 2416 iram
721 2376 944 2418 derivatos.
975 2379 1101 2430 magis
1130 2376 1307 2431 proprie
1339 2381 1381 2415 et
1412 2388 1487 2414 ve-

12 2430 113 2471 rius.
164 2446 244 2487 per
269 2433 414 2471 seriem
442 2431 556 2488 filiis
577 2441 749 2486 patrum
775 2433 865 2474 loco
888 2435 1107 2476 substitutis
1134 2435 1352 2473 derivatos.
1410 2430 1487 2469 Ni-

11 2488 189 2541 cephori
233 2487 360 2542 igitur
399 2488 523 2528 lectio
563 2488 735 2528 omnino
777 2489 927 2530 vitiosa
955 2497 1027 2532 est.
1084 2487 1183 2536 τούς
1211 2487 1290 2538 μὲν
1318 2487 1364 2527 ἐκ
1392 2481 1483 2539 ‚²3¹7-

11 2543 92 2596 ρᾶς
119 2540 195 2596 τὴν
223 2543 398 2597 κυρείαν
423 2540 500 2596 τὴν
529 2543 594 2584 ἐπ’
620 2541 780 2591 αὐτούς
808 2546 1080 2598 κεκτημένους
1112 2543 1358 2585 κτείνουσιν.
1397 2543 1485 2583 Xe-

9 2600 202 2651 n’nsibus,
225 2613 395 2657 quonam
424 2601 469 2640 in
499 2600 709 2640 dominatu
736 2611 870 2652 erant,
899 2603 1131 2654 interstetis.
1191 2613 1362 2652 repone,
1387 2596 1486 2645 τοὺς

9 2655 90 2704 μὲν
118 2654 165 2696 ἐκ
190 2655 353 2709 σειρᾶς.
411 2657 601 2710 legitimis
626 2657 869 2698 haeredibus
887 2659 1140 2698 successionis
1177 2657 1323 2697 ordine
1351 2655 1484 2695 domi-

13 2718 151 2752 natum
177 2713 350 2768 adeptis,
382 2718 462 2753 etc.

126 2785 234 2825 thid.
254 2783 316 2825 16.
384 2784 607 2839 Τελὲτζην]
635 2785 896 2839 Nicephorus
927 2786 1148 2825 Τελέσσιον
1178 2789 1316 2823 vocat.
