1728 3184
232 198 327 242 530
743 205 799 244 ιΝ
837 187 1214 247 THFOPH'ANEM

229 323 395 374 dranus,
425 326 511 370 τοῖς
540 322 770 377 διοικηταῖς
799 325 882 363 τῶν
914 323 1124 379 θεμάτων,
1157 339 1240 380 quo
1254 338 1334 380 per·
1360 325 1500 365 varias
1523 327 1702 382 provin-

226 382 314 420 cias
342 381 577 421 distributos
607 389 830 434 quaestores
857 382 1032 435 percipi·
1024 396 1078 420 is.

336 451 434 504 635,
469 451 507 492 6.
587 448 691 493 κατά
724 451 982 500 Μακεδόιας
1020 450 1145 512 α’Ξγ’]
1177 468 1335 507 repone
1365 449 1479 513 αξβ’,
1509 470 1544 494 a.
1575 453 1700 506 6232,

224 510 376 550 etenim
424 511 535 550 mille
580 515 621 549 et
663 511 872 564 sexaginta
915 499 1075 548 duobus
1120 510 1308 549 deductis
1341 518 1559 551 remanent
1589 511 1700 551 5170

226 581 431 606 annorum
467 581 679 631 numerus,
711 582 731 605 a
764 582 848 621 quo
882 582 952 606 aex
956 583 974 605 ι
995 569 1031 605 Μ
1041 567 1267 606 accdonica
1298 567 1514 620 procedit.
1546 574 1587 608 ct
1618 568 1698 608 ite-

225 639 320 663 rum
349 621 458 664 5170
483 624 515 663 si
552 621 658 662 1063
688 622 909 672 addideris,
941 622 1050 662 6233
1090 624 1369 677 consequeris,
1402 639 1449 663 ac
1478 625 1596 664 simul
1630 639 1700 664 er-

224 695 367 719 rorem
406 679 671 733 Theophanis
713 685 867 718 ass-etto
914 679 1188 719 contlaiium.
1267 678 1317 719 de
1361 681 1568 735 computis
1613 681 1697 720 istis

222 737 413 801 duobus,
447 743 487 776 et
536 751 656 790 quem
688 734 963 789 Theophanes
995 736 1201 787 observet,
1232 738 1558 777 air-‚notationum
1587 737 1610 778 7
1645 737 1696 776 nd

219 808 312 848 pag.
344 794 521 847 primam
555 794 832 846 exposuimus.

330 866 434 905 Jbid.
453 864 490 906 9.
547 865 709 918 ἡμέρας
738 860 820 913 κε’]
850 864 1017 918 corrige
1050 862 1124 905 κδ’.
1182 880 1203 904 a
1227 864 1327 905 Maii
1360 868 1517 921 quippe
1547 866 1697 921 quinto

219 937 343 976 supra
386 923 649 971 vicesimum,
696 935 781 975 quo
825 921 976 960 Leonis
1027 921 1193 974 imperii
1232 936 1389 962 menses
1432 929 1529 976 post
1568 937 1696 962 aniios

217 985 480 1019 enumeratos
521 978 813 1031 complentur,
858 977 1003 1017 diebus
1036 977 1086 1017 25
1124 979 1351 1019 numeratis
1397 981 1446 1019 ad
1484 980 1588 1019 Iunii
1621 979 1698 1019 dc-

217 1036 367 1075 cimum
392 1050 574 1089 nonum,
604 1034 716 1074 Maio
765 1035 848 1074 dies
879 1049 1007 1074 unum
1049 1040 1091 1074 et
1121 1035 1294 1089 triginta
1324 1035 1403 1076 sibi
1433 1037 1697 1087 vendicante,

217 1092 430 1147 pertingis.

326 1176 532 1216 Il1id.12.
589 1175 670 1224 ἕως
693 1175 766 1228 τῆς
798 1173 878 1231 ιδ’]
912 1183 1135 1230 computus
1168 1190 1383 1216 erroneus.
1423 1176 1531 1217 Iunii
1560 1178 1692 1233 siqui-

214 1233 308 1273 dem
341 1234 501 1273 decimo
532 1239 683 1273 octavo
713 1232 862 1272 additis
904 1234 1111 1273 mensibus
1154 1233 1304 1283 tlibus,
1339 1238 1381 1273 et
1411 1232 1555 1273 diebus
1587 1235 1697 1274 duo..

211 1290 314 1342 hus,
359 1290 618 1355 Septembris
676 1289 892 1330 vicesimus
932 1289 1126 1332 habetur.
1212 1291 1354 1345 itaque
1401 1291 1694 1344 reponendum

211 1346 290 1394 ἕως
315 1346 439 1400 τῆςν

321 1426 416 1481 636,
451 1431 512 1472 17.
573 1431 824 1482 καβαλλιάις
846 1444 891 1471 τε
926 1426 1116 1482 κάπροις]
1149 1430 1409 1482 καβαλλίναν
1443 1444 1527 1471 ιιηο
1559 1432 1692 1472 verbo

211 1489 469 1529 recentiores
514 1488 690 1538 dicunt,
734 1490 948 1544 equinum,
993 1488 1109 1542 quod
1142 1488 1401 1538 Anastasius,
1445 1488 1694 1528 caballinum

206 1554 367 1586 stercus.
442 1544 541 1585 hinc
584 1561 606 1585 a
638 1545 825 1585 moribus
860 1544 1077 1594 caballini,
1124 1558 1210 1598 quo
1243 1544 1327 1584 eius
1359 1545 1562 1585 memoria
1593 1559 1696 1584 con-

206 1607 448 1656 spurcatur,
481 1616 661 1652 nomen3
695 1607 741 1642 ut
769 1602 820 1641 ab
841 1608 994 1642 eventu
1014 1601 1291 1655 Copronymi,
1323 1607 1368 1640 ut
1395 1601 1446 1641 ab
1479 1601 1696 1641 haeleseos

207 1658 345 1698 studio
394 1660 679 1699 lconomwchi.
739 1658 1054 1698 'lheocteristus
1085 1656 1197 1712 apud
1224 1657 1452 1696 Baronium
1485 1673 1520 1697 a.
1556 1659 1599 1698 C.
1617 1658 1698 1698 775

209 1730 323 1757 num.
355 1715 394 1755 3.
453 1725 658 1769 tantopere
689 1730 785 1755 vero
804 1715 985 1755 sordium
1015 1723 1053 1753 et
1086 1715 1391 1770 i'mpurisszmae
1417 1727 1609 1769 cunasque
1636 1716 1701 1754 rei

206 1770 334 1810 odore
363 1773 470 1812 malo
499 1773 790 1822 delectabatur,
818 1781 860 1810 ut
887 1771 1131 1810 animalzum
1161 1771 1365 1810 brutorum
1393 1771 1628 1810 stetcorilms
1657 1786 1698 1811 se

208 1829 400 1878 illinet-ec,
430 1838 469 1867 et
495 1843 583 1880 eos,
621 1831 691 1883 qui
719 1842 812 1867 cnm
852 1829 927 1867 illo
961 1835 1105 1876 erant,
1147 1826 1195 1866 1d
1203 1828 1363 1877 facere
1394 1827 1568 1867 iuberet.-
1596 1841 1695 1881 quos

209 1885 396 1935 amabat,
425 1886 475 1923 ob
503 1885 624 1938 quue
654 1886 824 1937 benigne
861 1884 1121 1939 accipiebat,
1164 1883 1276 1938 quod
1301 1884 1416 1923 rebus
1446 1884 1555 1923 male
1581 1884 1699 1923 olen·¹

213 1941 313 1980 tibus
348 1955 510 2010 semper
534 1942 810 1980 delectaretur.
868 1940 1012 1979 subdit
1039 1939 1258 1985 Baronius‚
1290 1940 1364 1978 sed
1391 1940 1557 1978 risimus
1590 1940 1699 1991 Gly-

214 2011 305 2036 cam
332 1997 428 2035 dum
461 1996 724 2036 caballinam
763 2011 789 2034 a
821 1995 986 2035 Cabala
1025 1996 1186 2034 civitate
1216 1996 1342 2047 refiert
1378 1996 1697 2047 denommatum,
1718 2021 1728 2032 -.

211 2053 327 2109 quod
356 2052 568 2092 caballini
615 2054 702 2091 eius
745 2054 854 2090 cives
902 2051 989 2091 dzci
1017 2059 1192 2090 testetur.
1265 2051 1337 2090 sed
1362 2052 1462 2106 ([ιιιιί
1485 2061 1723 2092 commune¹

215 2110 476 2149 Constantino
510 2122 602 2148 cum
636 2107 830 2161 Cabala,
861 2117 984 2148 natus
1014 2107 1099 2164 ipse
1131 2116 1256 2164 atque
1284 2107 1476 2148 educatus
1497 2109 1696 2148 constan·
1725 2142 1728 2148 .

212 2166 416 2222 τίποροίἰ.7

327 2239 435 2280 Ibid.
474 2237 538 2280 18.
596 2235 845 2290 μαλακίαις]
891 2237 1084 2278 mollities
1119 2237 1218 2288 illas,
1251 2244 1430 2292 parcant
1465 2252 1584 2278 aures
1617 2237 1723 2292 pu*

217 2310 301 2347 rae,
332 2301 476 2350 turpes
521 2309 728 2350 equorum
767 2295 1080 2336 attrectationes
1124 2295 1407 2349 interpretor:
1447 2294 1728 2346 aazaut'gewf

215 2353 340 2405 onim,
370 2359 411 2392 et
439 2351 655 2403 μαλακίαν
681 2351 826 2391 foedos
857 2365 1091 2406 corporum
1122 2357 1270 2403 tactus,
1306 2357 1347 2391 et
1378 2353 1582 2406 pollutam
1614 2351 1728 2399 Ve-ei

218 2423 359 2450 nerem
390 2407 519 2448 hodie
549 2413 704 2448 vocant
736 2407 901 2448 Graeci.
1727 2415 1728 2418 ’

217 2552 250 2590 L
329 2492 523 2590 6372211.
579 2487 824 2541 Εὖστάθιος
854 2490 877 2532 ὅ
903 2490 1131 2549 μακάριος]
1164 2494 1216 2535 de
1247 2506 1330 2548 quo
1361 2494 1551 2547 superius
1584 2504 1694 2532 anno

254 2565 368 2592 eoms

218 2692 247 2743 β
280 2690 302 2741 ζ
331 2633 438 2687 638,
480 2634 523 2675 5.
575 2628 903 2687 Ἀρταβάσδου]
946 2634 1018 2689 qui
1060 2633 1305 2688 Nicephoro
1348 2632 1506 2688 ubique
1541 2626 1723 2688 'Auta-5⁸

249 2706 274 2730 α
305 2704 361 2739 ος.

332 2763 542 2808 Ibid.12.
602 2758 754 2816 Βησὴρ
795 2758 870 2802 τὸν
909 2758 1299 2816 σαρακηνόφρονα]
1341 2761 1520 2812 Βίσιρον
1550 2725 1718 2803 scrib&¹⁴⁹

221 2821 494 2875 Nicephorus.
525 2827 676 2862 auctor
695 2818 1066 2875 σαρακηνόφρονα,
1099 2833 1146 2859 ex
1165 2818 1259 2874 pari
1288 2833 1383 2859 cum
1412 2817 1627 2859 Saracenis
1657 2816 1728 2862 ia
