1768 3268
576 196 650 240 EX
680 196 1037 239 -THEOPHANE
1441 191 1536 237 123

57 313 179 355 Nan-si
209 312 465 354 unirentur:
495 313 672 354 iusserat
700 313 813 353 enim
839 313 1068 353 Mauricius
1114 312 1256 352 loanni
1286 312 1539 361 Mustaconi,

57 369 259 424 magistro
293 369 487 410 ⁴militum
532 369 782 419 Armeniae,
829 369 1023 424 accipere
1065 366 1230 407 militias
1276 375 1319 408 et
1347 381 1391 408 se
1420 367 1541 409 Narsi

61 427 185 466 unire
212 425 377 480 pariter
403 432 552 466 contra
584 427 737 466 Baram
784 426 942 466 bellum
980 423 1278 466 constituendi.
1350 439 1430 479 per
1459 438 1540 464 no-

59 488 169 523 ctem
201 489 340 523 autem
370 489 414 524 et
444 483 589 536 unitae
618 488 718 523 sunt
743 483 960 523 Romanae
989 482 1167 522 virtutes
1199 487 1243 522 et
1279 489 1430 521 contra
1458 482 1541 520 Ba-

58 553 150 579 ram
179 538 310 579 aciem
341 538 599 581 direxerunt.
657 553 794 594 porro
814 541 965 580 Baram
994 539 1036 578 in
1068 545 1213 579 monte
1239 544 1374 577 castra
1405 544 1542 577 meta-

59 601 126 636 tus
154 602 228 645 est,
254 610 417 650 pavore
450 596 658 637 detentus.
730 610 911 651 cumque
950 596 1107 636 bellum
1141 601 1366 650 gereretur
1393 594 1541 634 horri-

58 652 334 702 bilmNan-soe
365 651 517 694 Indicis
563 653 704 694 hestiis
745 652 1005 707 parvipensis
1034 651 1215 692 mediam
1258 651 1540 691 barbarorum

59 708 250 749 dissolvit
277 709 549 764 phalangem;
581 715 623 750 et
653 709 737 751 hoc
765 710 878 749 facto
908 716 1074 750 ceterae
1103 722 1276 764 quoque
1292 709 1442 747 Baram
1476 708 1541 746 in..
1555 704 1673 752 p·4ll

59 767 251 806 firmatae
278 771 376 806 sunt
405 766 657 821 phalanges,
699 772 742 808 et
771 767 820 806 fit
851 781 1001 821 magna
1029 764 1340 820 fugatyranni.
1398 765 1542 803 §arses

62 837 166 863 vero
191 822 283 863 sine
311 822 395 863 ulla
427 823 667 864 retentione
691 837 947 879 persequens
976 823 1123 863 Persas
1162 821 1288 862 caede
1316 821 1543 870 sternebat,

59 885 105 920 et
130 892 199 919 sex
226 877 341 919 milia
389 893 438 920 ex
465 880 528 920 his
556 886 679 935 capta
721 880 861 920 vincta
894 879 949 920 ad
994 879 1211 920 Chosroen
1242 876 1423 918 adduxit.
1484 882 1545 916 ast

61 934 267 976 Chosrooe
289 950 452 976 ·omnes
497 950 703 977 mucrone
731 937 929 991 peremit.
998 941 1214 992 quotquot
1243 942 1385 975 autem
1412 933 1544 974 Turci

60 997 197 1043 erant,
228 991 308 1032 hos
332 991 385 1032 ad
414 993 718 1046 imperatorem
737 994 981 1049 Byzantium
1010 993 1134 1033 misit.
1167 1006 1264 1031 sane
1283 1005 1382 1032 cum
1412 990 1543 1030 Turci

61 1062 210 1090 cruces
240 1047 446 1090 haberent
475 1050 516 1090 in
545 1051 707 1091 frontes
734 1057 943 1102 exaratas,
976 1049 1353 1104 interrogabantur
1380 1048 1432 1088 ab
1466 1048 1546 1087 im-

59 1110 265 1160 peratore
290 1119 481 1162 qnonam
509 1107 640 1147 modo
670 1107 835 1162 signum
867 1107 950 1147 hoc
979 1107 1020 1147 in
1060 1106 1204 1147 fronte
1233 1109 1471 1160 portarent.
1499 1110 1544 1144 at

59 1161 339 1203 vero0Turci
387 1163 628 1204 asserebant
672 1169 768 1204 ante
812 1163 967 1204 multos
1009 1176 1140 1203 annos
1178 1162 1461 1216 pestilentiam
1498 1160 1542 1201 in

59 1219 220 1259 Tureia
246 1218 431 1270 factam,
476 1226 521 1260 et
561 1220 766 1275 quosdam
795 1220 1132 1261 Christianorum
1160 1218 1245 1259 boc
1262 1217 1544 1268 adinvenisse,

62 1281 106 1316 et
133 1274 233 1315 hinc
260 1275 366 1316 salus
396 1276 439 1316 in
468 1277 606 1330 patria
632 1278 741 1317 facta
773 1282 845 1317 est.
867 1290 1002 1331 porro
1032 1276 1236 1317 exercitus
1253 1277 1543 1316 Romanorum

62 1332 562 1372 tabernaculumBaram
608 1340 650 1374 et
688 1333 1019 1388 suppellectilem
1057 1334 1307 1387 accipientes
1338 1347 1434 1372 cum
1460 1331 1545 1372 ele-

63 1387 291 1443 phantibus
333 1389 570 1429 attulerunt
617 1390 814 1430 Chosroi.
873 1391 1024 1430 Baram
1067 1396 1205 1430 autem
1236 1389 1288 1429 ad
1318 1389 1545 1429 interioroe

61 1452 206 1499 partes
234 1444 414 1486 Persidis
447 1446 588 1500 fugam
618 1447 730 1497 fecit,
761 1454 805 1487 et
834 1446 893 1486 sic
923 1461 1075 1487 eorum
1104 1445 1347 1486 dissolvitur
1373 1445 1544 1486 bellum.

65 1503 208 1556 itaque
228 1501 438 1543 Chosroes
467 1517 614 1557 magna
636 1503 816 1543 victoria
846 1502 1128 1544 circumdatus
1146 1502 1297 1543 solium
1324 1517 1445 1542 suum
1475 1515 1547 1542 re-

66 1559 192 1612 cepit.
250 1573 398 1599 verum
432 1560 579 1600 Nax-ses
623 1559 836 1600 rediturus
867 1560 919 1600 ad
955 1560 1133 1614 propria
1168 1559 1347 1600 Chosroi
1383 1558 1551 1599 dicebat

66 1619 261 1655 “memor
287 1617 353 1667 sis,
383 1615 613 1667 Chosroes,
652 1616 882 1671 praesentis
920 1616 1023 1656 diei:
1050 1616 1230 1657 Romani
1260 1616 1339 1656 tibi
1369 1629 1548 1669 regnum

68 1673 275 1713 donant.'’
347 1677 391 1711 at
420 1672 488 1713 ille
517 1673 830 1714 fraudulentam
858 1674 1112 1713 occisionem
1139 1679 1341 1724 metuens,
1373 1672 1497 1727 petiit
1525 1685 1597 1720 ap·
1610 1670 1684 1706 412

66 1729 274 1769 Mauricio
302 1728 417 1769 mille
445 1730 655 1771 Romanos
701 1731 743 1770 in
774 1730 1008 1771 custodiam
1039 1731 1101 1771 sui
1128 1728 1353 1770 habendos.
1411 1742 1547 1784 porro

67 1786 299 1826 Mauricius
327 1800 425 1826 cum
451 1785 722 1828 dilectionem
748 1787 927 1828 haberet
965 1802 1065 1842 erga
1095 1787 1328 1828 barbarum
1361 1785 1549 1838 multam,

67 1842 396 1896 postulationem
424 1843 511 1884 eius
539 1844 788 1900 complevit,
817 1843 971 1900 sicque·
990 1844 1206 1885 Persicum
1233 1845 1552 1884 Romanorum-

69 1913 155 1954 que
182 1899 341 1940 bellum
369 1900 555 1941 cessavit.

181 1982 328 2024 Mundi
356 1999 467 2026 anno
483 1983 607 2037 6082,
636 1983 802 2026 divinae
833 1984 1135 2027 incarnationis
1165 1998 1275 2026 anno
1295 1984 1392 2037 582,
1422 1998 1552 2025 coro-

74 2045 194 2079 natus
226 2045 287 2080 est
311 2041 575 2083 solemnitate
609 2041 791 2095 paschali
811 2041 1071 2084 Theodosius
1086 2043 1191 2083 filius
1210 2041 1406 2096 Mauricii
1435 2057 1459 2081 a
1480 2043 1552 2082 Io-

71 2111 180 2138 anne
210 2097 455 2151 patriarcha
485 2098 980 2154 Constantinopolitano.

185 2180 351 2222 Eodem
402 2197 575 2238 quoque
631 2197 742 2223 anno
782 2184 1020 2239 imperator
1066 2183 1295 2225 Mauricius
1340 2182 1554 2224 ecclesiam

69 2243 317 2279 sanctorum
358 2239 637 2295 quadraginta
672 2247 938 2297 martyrum,
984 2257 1111 2296 quam
1151 2241 1296 2294 coepit
1333 2240 1555 2281 aedificare

68 2293 279 2346 Tiberim,
309 2298 625 2338 consummavit.
683 2297 845 2338 interea
871 2313 968 2338 cum
997 2297 1210 2353 profunda
1225 2297 1445 2338 Orientem
1474 2310 1554 2349 pax

70 2358 341 2406 occupasset,
380 2352 538 2393 bellum
590 2353 704 2394 circa
741 2354 963 2409 Europam
1002 2355 1228 2396 Avaricum
1272 2351 1555 2401 incumbebat,

73 2405 255 2503 gleoctlue
292 2409 530 2464 imperator
570 2416 815 2466 potentatus
861 2412 915 2452 ab
951 2412 1127 2454 Oriente
1156 2412 1198 2452 in
1229 2410 1437 2451 Thracem
1462 2414 1556 2449 tra-

107 2478 172 2504 uxi
196 2492 207 2503 .

187 2538 309 2578 Anno
350 2538 518 2593 imperii
561 2539 624 2579 sui
652 2554 796 2590 none,
830 2555 925 2581 cum
963 2555 1040 2581 ver
1080 2540 1287 2594 inciperet
1317 2544 1360 2579 et
1391 2537 1557 2593 agmina

71 2593 360 2646 pervenissent
398 2595 452 2636 ad
485 2594 723 2648 Thracem,
762 2596 888 2637 exivit
925 2612 1022 2638 cum
1052 2598 1109 2639 eis
1139 2596 1365 2637 Mauricius
1410 2594 1560 2636 videre

75 2663 184 2703 quae
213 2665 236 2689 a
264 2651 458 2692 barbaris
486 2659 620 2693 essent
649 2667 809 2694 eversa.
875 2656 1058 2709 Augusta
1102 2667 1203 2694 vero
1239 2658 1281 2692 et
1314 2650 1554 2706 patriarcha
1568 2669 1605 2705 p.
1624 2654 1696 2692 413

75 2710 119 2744 et
145 2713 309 2747 senatus
340 2709 547 2764 rogabant
577 2710 879 2763 imperatorem
910 2725 963 2751 ne
984 2725 1061 2764 per
1078 2715 1206 2750 semet
1235 2709 1372 2762 ipsum
1399 2708 1557 2749 bellum

74 2760 226 2814 iniret,
254 2764 327 2804 sed
368 2766 508 2818 potius
553 2765 596 2805 id
645 2766 834 2820 praetori
875 2768 1175 2807 cummitteret.
1233 2771 1295 2806 ast
1322 2765 1558 2818 imperator

77 2831 162 2858 non
198 2820 425 2876 acquievit.
496 2829 670 2864 exeunte
715 2829 856 2866 autem
885 2838 936 2865 eo
976 2822 1028 2863 ad
1057 2823 1295 2878 Septimum
1324 2822 1419 2864 solis
1453 2820 1558 2863 ecli-
