1728 3184
707 208 909 254 NOTAE.
1441 210 1537 259 397

182 323 276 376 193,
318 323 385 365 11.
438 319 522 365 σὺν
544 320 715 377 γυναιξὶ
741 321 817 364 καὶ
851 323 1024 378 τέκνοις]
1065 328 1206 368 cuncti
1246 327 1368 370 codd.
1398 329 1543 386 legunt

69 380 240 434 γυναιξί
264 394 485 422 numerum
511 379 803 421 multitudinis.

181 463 299 508 Ibid.
337 464 401 505 15.
458 463 505 506 ἐν
528 465 589 521 τῷ
618 463 769 520 σε’νσῳ]
799 466 844 505 in
876 465 995 517 sella,
1024 479 1095 506 seu
1122 467 1306 507 sessionis
1331 468 1440 509 loco.
1467 484 1540 510 su-

69 534 151 575 pra
179 522 333 563 etenim
360 521 651 574 συγκάθεδρον
682 522 847 562 elevare
874 522 990 563 Zeno
1018 523 1287 577 promiserat.
1345 532 1446 566 nota
1473 541 1540 569 se..

69 591 200 633 quens
231 577 375 618 locum
404 577 556 618 clarius
588 577 784 618 illustrat.

172 649 284 692 Ibid.
312 649 380 694 21.
444 644 609 705 ἐσφάγη
638 647 700 698 εἷς
725 646 799 704 τήν
832 649 1030 707 κοχλίαν]
1066 665 1113 692 ex
1142 650 1333 692 chronici
1361 654 1538 695 Alexan..

64 705 180 747 driui
203 707 342 748 verbis
371 706 427 748 ad
457 706 721 747 Constantini
751 721 908 747 annum
950 705 1005 748 23
1049 709 1183 749 lucem
1213 707 1314 748 haec
1338 717 1537 751 mutuan-

62 769 152 804 tur.
209 759 420 804 παλᾰτιον
454 761 566 816 μέγα
602 762 774 817 ἐποίησε
802 763 979 816 πλησίον
1015 765 1091 804 τοῦ
1118 761 1293 804 ἱππικοῦ
1322 766 1432 819 (καί)
1463 764 1540 820 τὴν

61 812 219 860 ἄνοδον
264 817 348 859 α’πό
387 818 468 859 τοῦ
501 820 712 860 παλαῐίου
750 819 812 867 εἷς
840 815 887 859 τὸ
931 815 1127 872 κάθισμα
1157 821 1231 861 τοῦ
1260 818 1437 861 ἱππικοῦ
1465 821 1538 862 διὰ

61 873 140 914 τοῦ
164 873 391 928 λεγομένου
423 873 614 927 κοχλιόυ.
640 877 801 930 regiam
827 876 1014 932 amplam
1037 877 1235 932 proxime
1261 879 1410 918 circum
1439 893 1538 919 con-

59 928 184 983 didit,
219 940 262 973 et
297 946 501 972 ascensum
539 947 568 972 α
589 933 750 988 palatio
788 933 833 973 in
855 934 957 972 circi
992 934 1175 974 tribunal
1206 935 1372 989 (σε’νσον
1402 950 1539 990 nuper

58 986 238 1042 dietum)
263 1003 344 1044 per
367 991 551 1043 spatium
577 988 780 1029 cochleam
796 998 983 1030 vocatum
1006 991 1203 1031 extruxit.
1261 988 1313 1029 ad
1344 989 1535 1032 chronici

54 1043 323 1086 Alexandrini
353 1045 483 1086 instar
511 1045 603 1086 Pal.
633 1045 758 1085 Barb.
791 1051 834 1086 et
876 1046 1052 1101 Peyrez.
1083 1045 1210 1087 codd.
1244 1047 1435 1087 scribunt
1461 1045 1538 1089 τόν

55 1102 249 1153 κοχλίανε
304 1117 352 1143 ex
386 1101 494 1142 illius
536 1116 672 1156 porro
705 1102 961 1142 auctoritate
985 1102 1128 1143 locum
1155 1102 1269 1143 hunc
1298 1110 1433 1144 totum
1465 1104 1535 1144 iu-

58 1156 243 1211 terpolo.
282 1155 452 1212 ἐσφάγη
491 1157 553 1205 sic
583 1158 657 1200 τὸν
683 1160 860 1211 κοχλίαν
890 1159 968 1199 τοῦ
1003 1158 1216 1200 παλατιόυ
1248 1155 1296 1208 ὃς
1325 1156 1534 1215 (ἐνήρχετο

55 1213 118 1262 εἰς
144 1210 190 1255 τό
222 1210 520 1268 ἱπποδρόμιον.

171 1282 265 1341 194,
295 1286 336 1328 6.
394 1285 714 1343 ἐχειροτονήθη]
748 1288 863 1329 locus
895 1287 1185 1343 interpolatus.

163 1372 272 1414 Ibid.
297 1371 361 1413 19.
418 1371 585 1426 ἐγένετο
611 1371 787 1425 σεισμός
808 1368 1009 1428 φοβερός]
1040 1373 1082 1413 in
1101 1388 1255 1414 annum
1283 1373 1460 1415 Zenonis
1481 1373 1534 1415 13

53 1429 274 1471 submovet
305 1428 541 1470 chronicon
573 1429 764 1470 Alexand.
800 1427 973 1482 ἔπαθεν,
1014 1429 1163 1485 inquit,
1195 1426 1276 1469 α’πό
1304 1430 1533 1484 θεομηνίας

53 1485 233 1538 σεισμοῦ
262 1485 372 1526 ΚΠ.
416 1483 463 1526 τὸ
496 1482 695 1539 δεύτερον
732 1486 865 1540 αὐτῆς
894 1484 1032 1534 πάθος
1070 1484 1176 1539 μηνί
1202 1486 1244 1526 Γ
1242 1488 1422 1543 ορπιιιιίρ
1453 1488 1531 1527 §s-

51 1542 268 1598 πτεμβρίῳ
296 1540 355 1590 κς’
394 1541 469 1586 ἐπ’,
495 1540 637 1594 ὀλίγον
668 1541 883 1595 διάστημα
915 1539 994 1589 ἕως
1025 1543 1105 1582 τοῦ
1129 1538 1317 1594 Ταύρου.
1372 1557 1531 1583 rursum

55 1599 143 1641 ΟΡ.
173 1600 288 1639 irato
316 1601 483 1638 numine
511 1599 644 1638 labem
676 1601 831 1654 accepit
860 1612 891 1639 a
918 1607 1050 1638 terrae
1078 1608 1187 1639 motu
1217 1599 1389 1640 secundo
1421 1600 1530 1641 Gor-

44 1658 175 1712 piaeo
198 1655 312 1711 Sept.
342 1653 395 1695 26
424 1657 559 1711 spacio
580 1670 711 1712 prope
742 1669 862 1711 usque
888 1655 948 1695 ad
980 1656 1171 1695 Taurum.

164 1729 259 1782 195,
283 1728 324 1769 7.
374 1729 598 1781 ,Στέφανος
647 1728 694 1769 δὲ
735 1728 869 1785 ψήφῳ
903 1727 1043 1784 κοινῇ]
1089 1727 1199 1768 hunc
1226 1729 1433 1784 Euagrius
1466 1734 1529 1770 ta..

49 1793 116 1828 cet
148 1786 221 1828 lib.
250 1785 279 1827 3
320 1800 410 1841 cap.
434 1785 484 1826 10
531 1792 572 1826 et
597 1801 693 1826 cum
734 1785 948 1840 Stephano
991 1784 1157 1826 iuniore
1197 1800 1293 1826 mox
1330 1793 1528 1827 secuturo

50 1843 302 1884 confundit:
329 1843 591 1899 Nicephorus
609 1843 650 1883 in
671 1842 874 1883 chronico
897 1840 949 1882 ad
961 1840 1229 1896 Theophanis
1246 1848 1430 1883 mentem
1456 1857 1527 1884 ex-

50 1900 224 1954 primit:
255 1905 298 1941 et
317 1900 522 1941 Barouius
551 1900 603 1941 ad
625 1915 781 1940 anuum
804 1897 948 1940 C.479
967 1897 1075 1939 male
1103 1898 1326 1954 intelligit:
1356 1899 1410 1941 de
1441 1913 1526 1955 quo

50 1957 204 1998 iterum
230 1970 385 1998 sermo.

164 2040 273 2082 Ibid.
293 2039 356 2081 12.
415 2040 679 2094 Θευδὲριχος
697 2037 718 2081 ὅ
738 2040 963 2096 Τριαρίου]
984 2055 1031 2081 ex
1044 2039 1217 2095 Euagrii
1234 2037 1346 2080 lib.3
1364 2053 1455 2095 cap.
1471 2039 1525 2080 25

44 2097 245 2137 translata
287 2097 497 2138 narratio:
543 2097 736 2138 nonnihil
778 2112 827 2139 ex
862 2113 911 2139 ea
940 2096 1097 2139 delibat
1126 2097 1313 2138 Malchus
1339 2098 1524 2152 sophista

43 2153 158 2208 apud
186 2153 388 2194 Photium
418 2153 512 2194 cod.
544 2153 612 2195 78.

158 2223 251 2278 196,
275 2221 319 2266 4.
382 2223 637 2279 Μαρκιανὸς
666 2221 689 2266 ὅ
714 2230 815 2274 παῖς
839 2224 1089 2280 Ἀνθεμιόυ]
1118 2225 1377 2268 Theodorici
1410 2225 1522 2266 sedi-

43 2282 163 2324 tione
194 2289 237 2324 et
267 2283 380 2324 letho
409 2283 549 2324 relatis
578 2282 649 2323 lib.
678 2282 705 2324 3
737 2298 828 2338 cap.
849 2284 916 2324 24.
975 2284 1179 2339 Euagrios
1209 2282 1398 2338 sequenti
1424 2297 1520 2336 cap.

42 2339 97 2380 25
125 2340 331 2380 Marciani
362 2340 563 2380 tumultus
597 2339 841 2394 aggreditur
878 2340 1119 2381 referendos
1147 2340 1209 2380 his
1258 2339 1418 2378 verbis:
1443 2352 1522 2388 με-

38 2392 92 2436 τὰ
120 2395 256 2437 ταῦτα
283 2395 516 2448 διενεχθεὶς
545 2393 651 2449 πρὸς
669 2393 854 2447 Ζήνωνα
871 2393 1140 2448 Μαρκιανός,
1175 2403 1255 2439 etc.
1285 2395 1342 2434 ita
1373 2394 1519 2434 Theo-

37 2451 197 2507 phanes
226 2467 337 2494 anno
376 2452 599 2507 superiore
638 2452 689 2493 de
717 2451 986 2494 Theoderico
1023 2454 1308 2493 narrationem
1337 2465 1519 2504 exequu-

36 2515 118 2560 tus,
147 2508 284 2560 aliam,
315 2524 423 2566 quae
458 2525 481 2549 a
512 2510 729 2550 Marciano
780 2524 844 2550 ree
886 2517 1016 2565 gestas
1058 2510 1262 2563 explorat,
1293 2506 1375 2546 hoc
1405 2521 1516 2546 anno

35 2565 210 2620 suscipit
255 2567 504 2607 texendam:
550 2581 676 2622 quam
703 2567 950 2607 Marcellino
982 2567 1200 2607 assentiens
1230 2562 1434 2603 Baronius
1463 2562 1518 2602 ad

33 2636 190 2663 anuum
216 2624 395 2664 Zenonis
426 2629 623 2663 octavum
654 2623 799 2663 refert.
827 2625 855 2663 1.
876 2625 921 2663 C.
952 2638 1061 2663 anno
1086 2621 1166 2662 481
1200 2635 1311 2660 num.
1346 2620 1368 2659 1
1399 2624 1443 2660 et
1472 2619 1510 2658 2.

39 2678 203 2735 reliqua
232 2681 274 2720 in
304 2679 536 2721 Theodoro
568 2680 730 2721 lectore
759 2680 938 2720 videnda
970 2680 1041 2720 lib.
1075 2679 1094 2718 1
1130 2677 1182 2718 ad
1211 2678 1382 2717 calcem.

147 2762 243 2815 197,
272 2759 314 2804 4.
381 2760 667 2816 ἐβουλεύσατο
697 2755 849 2816 Ἴλλος]
888 2763 1062 2818 Euagrii
1105 2766 1234 2815 caput
1266 2759 1317 2800 27
1349 2774 1395 2800 ex
1425 2759 1511 2799 Eu-

31 2817 187 2860 stathio
217 2820 327 2876 Syro
358 2821 533 2862 brevem
566 2819 617 2862 de
647 2820 723 2862 lllo
758 2820 1048 2862 narrationem
1080 2818 1272 2870 instituit,
1303 2831 1430 2871 quam
1460 2816 1512 2856 ad
