1768 3268
309 209 402 253 122
503 212 786 254 ANASTASII
827 210 1090 254 HISTORIA
1116 207 1546 251 *ECCLESIASTICA

303 325 567 381 qualiterque
590 325 920 382 Martyropolim
953 325 1137 379 ceperit3
1169 324 1270 379 quin
1302 330 1343 363 et
1371 328 1546 377 paterna
1566 320 1768 365 ,beneficia

302 383 523 423 enarravit.
557 383 735 438 rogabat
761 388 900 423 autem
922 389 963 423 et
989 382 1215 422 Chosroen
1235 395 1258 420 a
1290 393 1421 434 regno
1443 378 1598 433 deponi
1617 383 1662 418 ut
1692 379 1768 418 litis

300 438 480 478 amicum
499 446 541 480 et
565 440 831 480 ambitiosum
848 444 890 479 et
905 438 1112 493 sanguinis
1143 444 1372 478 amatorem
1389 436 1704 490 superbumque
1722 447 1768 475 ac

299 494 547 536 iniuriosum
569 501 611 537 et
628 496 795 551 praeliis
816 495 1059 536 inhiantem:
1087 509 1169 535 esse
1187 499 1326 534 autem
1344 492 1422 533 sibi
1443 493 1622 533 alterum
1641 491 1768 531 fllium

297 551 562 606 perhibebat,
593 567 718 608 quem
737 553 779 592 in
810 567 951 607 regem
972 551 1152 606 provehi
1180 549 1405 605 flagitabat.
1430 548 1638 590 Bindohes
1668 561 1768 588 vero

298 608 351 648 ad
367 608 632 649 Hormisdam
651 610 946 664 respondebat,
966 615 1008 648 et
1038 607 1158 647 huius
1182 621 1361 648 excessus
1381 606 1422 645 in
1442 605 1634 646 *medium
1664 619 1768 659 pro-

297 678 456 719 ponens
474 679 614 706 omnes
640 667 771 707 erexit
790 672 938 707 contra
966 664 1242 704 Hormisdam.
1276 670 1317 703 et
1347 663 1506 703 ducunt
1526 662 1566 702 in
1587 662 1768 702 medium

299 735 471 763 uxorem
489 722 574 763 eius
591 729 634 763 et
652 723 795 773 filium,
822 728 863 763 et
888 736 1027 762 serrae
1041 721 1224 762 sectione
1243 720 1318 760 hos
1339 720 1481 774 partiti
1505 724 1602 758 sunt
1626 733 1768 759 coram

297 777 543 819 Hormisdae
565 779 731 831 visibus,
765 777 1117 833 Hormisdamque
1148 776 1276 817 oculis
1306 777 1520 831 privantes
1550 776 1592 816 in
1625 789 1768 816 carce-

298 847 388 874 rem
419 843 666 889 posuerunt.
726 843 768 877 et
801 836 1004 876 Chosroes
1036 834 1205 890 quidem
1235 832 1478 889 aliquandiu
1501 839 1668 887 patrem
1695 832 1768 872 be-

297 891 421 946 nigne
451 893 672 944 tractabat,
702 893 742 933 in
776 892 966 933 custodia
997 890 1055 931 illi
1086 905 1251 931 omnem
1278 891 1469 931 tribuens
1499 904 1646 931 escam.
1706 896 1768 929 ast

296 947 536 988 Hormisdas
581 949 694 989 huno
737 949 898 990 iniuriis
935 963 958 990 e
985 948 1151 989 diverso
1181 947 1416 999 lacerabat,
1448 947 1695 988 conculcans
1724 960 1768 986 ea

298 1019 405 1059 quae
434 1005 706 1046 mittebantur
725 1021 746 1046 a
768 1020 879 1061 rege.
939 1005 1048 1046 unde
1067 1004 1271 1045 Chosroes
1291 1004 1422 1045 iratus
1452 1003 1629 1044 fustibus
1659 1002 1768 1043 hunc

298 1060 551 1102 silvestribus
595 1062 710 1104 iussit
747 1077 827 1116 per
865 1062 934 1103 ilia
982 1076 1147 1103 caesum
1188 1062 1320 1103 obire.
1394 1059 1511 1117 quod
1540 1061 1699 1102 factum
1730 1065 1768 1100 et

170 1115 287 1165 p·409
299 1118 442 1158 Persas
472 1118 608 1160 tristes
637 1118 820 1160 reddidit
844 1125 886 1161 et
907 1124 1055 1159 contra
1070 1119 1285 1159 Chosroen
1308 1117 1453 1159 odium
1475 1118 1604 1158 auxit.
1636 1116 1768 1157 Chos-

297 1189 390 1215 roes
421 1189 524 1216 vero
571 1175 832 1231 congregatis
865 1175 1090 1216 virtutibus
1129 1190 1359 1230 regnorum
1407 1189 1590 1230 egressus
1622 1178 1768 1214 contra

295 1231 443 1271 Raram
475 1232 667 1286 pervenit
696 1232 736 1272 in
765 1247 959 1287 campum
978 1233 1090 1273 Zaba
1121 1232 1315 1284 fluminis,
1340 1231 1414 1272 ubi
1434 1233 1585 1273 Baram
1617 1231 1768 1271 vallum

294 1287 485 1328 habebat.
543 1289 770 1343 suspicatus
805 1295 944 1330 autem
975 1289 1181 1330 Chosroes
1225 1288 1341 1346 quod
1369 1289 1499 1345 aliqui
1528 1288 1768 1343 principum

293 1343 529 1385 adiacerent
556 1346 722 1397 Buram,
752 1346 826 1387 hos
855 1345 1023 1387 occidit.
1099 1361 1194 1386 cum
1224 1362 1328 1388 vero
1358 1346 1541 1401 populus
1572 1345 1768 1386 turbare-

291 1406 379 1451 tur,
411 1402 548 1455 fugam
582 1402 675 1441 iniit
705 1403 909 1444 Chosroes
950 1417 1046 1444 cum
1074 1403 1219 1458 paucis
1259 1403 1522 1459 quibusdam,
1555 1410 1596 1444 et
1628 1415 1768 1443 omnes

293 1458 365 1512 qui
408 1463 528 1498 erant
573 1473 666 1498 cum
700 1460 888 1501 Chosroe
937 1459 989 1500 ad
1034 1461 1184 1501 Baram
1227 1467 1504 1501 accesserunt.
1582 1465 1625 1499 at
1666 1473 1768 1499 vero

291 1514 496 1554 Chosroes
522 1514 756 1556 haesitabat
787 1517 987 1572 quidnam
1021 1532 1144 1571 agere
1174 1516 1396 1559 debuisset.
1436 1515 1645 1558 nonnullis
1673 1530 1768 1556 sane

292 1570 507 1611 consilium
540 1572 732 1613 dantibus
763 1574 840 1614 sibi
871 1574 923 1615 ad
952 1575 1117 1614 Turcos
1156 1574 1378 1626 secedere,
1410 1574 1601 1615 nonnulli
1630 1579 1768 1614 autem

293 1627 346 1667 ad
377 1629 613 1680 Romanos,
667 1631 870 1672 Chosroes
901 1645 1056 1687 equum
1086 1631 1308 1672 ascendens
1349 1632 1472 1672 freno
1507 1631 1643 1672 laxato
1673 1629 1768 1686 equi

293 1690 429 1724 motus
461 1686 574 1740 sequi
606 1687 795 1728 omnibus
831 1688 960 1729 iubet.
991 1695 1034 1729 at
1063 1703 1166 1729 vero
1199 1703 1330 1743 equus
1359 1688 1412 1729 ad
1440 1690 1647 1729 Romanas
1673 1701 1768 1742 par..

296 1748 355 1781 tes
386 1747 522 1781 motus
553 1758 646 1784 suos
675 1743 837 1796 direxit,
867 1750 909 1786 et
942 1745 1055 1800 apud
1077 1745 1340 1786 Certensium
1371 1745 1603 1796 invenitur,
1639 1751 1681 1785 et
1711 1743 1768 1785 le-

295 1802 410 1851 gatos
440 1798 594 1850 mittit,
635 1799 858 1842 adventum
900 1817 1022 1843 suum
1063 1804 1259 1843 Romanis
1302 1802 1456 1843 faciens
1488 1802 1768 1842 manifestum.

294 1854 472 1909 contigit
500 1863 639 1896 autem
667 1864 714 1898 ut
745 1858 909 1900 Probus
937 1859 1153 1914 patricius,
1187 1860 1260 1916 qui
1291 1859 1374 1900 illic
1404 1865 1509 1910 erat,
1542 1859 1655 1899 hunc
1682 1873 1768 1899 sus-

295 1911 467 1965 ciperet,
501 1918 543 1952 et
571 1912 620 1954 de
650 1928 699 1954 eo
729 1915 982 1970 imperatori
1013 1931 1092 1971 per
1126 1917 1286 1957 litteras
1329 1915 1549 1957 indicaret.
1620 1916 1768 1956 Baram

295 1974 432 2008 autem
478 1969 587 2010 misit
627 1970 783 2024 legatos
818 1972 870 2012 ad
912 1974 1165 2014 Mauriciurn
1215 1980 1361 2028 petens
1403 1988 1454 2014 ne
1498 1972 1768 2014 auxiliaretur

297 2023 490 2065 Chosroi.
523 2041 656 2080 porro
681 2028 797 2068 iubet
821 2030 1055 2083 imperator
1070 2031 1296 2071 Mauricius
1311 2029 1622 2071 commentiolo
1650 2044 1768 2085 prae-

295 2081 381 2120 tori
413 2081 524 2135 apud
548 2083 807 2138 Hierapolim
826 2086 1040 2129 Chosroen
1064 2088 1274 2144 suscipere
1302 2094 1344 2129 et
1374 2087 1658 2143 imperialibus
1689 2086 1768 2128 ob·-

294 2138 444 2194 sequiis
477 2140 700 2181 bonorare.

154 2244 189 2279 p.
211 2230 281 2267 410
405 2222 566 2264 Eodem
597 2239 701 2266 vero
732 2241 841 2266 anno
874 2225 1176 2269 demonstravit
1208 2228 1444 2283 imperator
1473 2227 1700 2268 Mauricius
1729 2227 1768 2267 in

294 2281 542 2320 memoriam
570 2279 636 2321 dei
667 2283 878 2337 genitricis
910 2285 1079 2325 letanias
1102 2286 1142 2326 in
1165 2285 1400 2326 Blachernis
1433 2285 1526 2326 fieri
1559 2290 1602 2325 et
1631 2283 1768 2325 laudes

293 2335 434 2377 (licere
462 2336 656 2378 dominae
685 2345 862 2392 nostrae,
894 2342 1110 2382 nominans
1151 2358 1241 2383 eam
1271 2343 1532 2399 panegyrim.

401 2420 549 2461 Mundi
580 2436 690 2462 anno
713 2421 836 2475 6081,
869 2425 1034 2467 divinae
1063 2426 1365 2468 incarnationis
1397 2441 1506 2468 anno
1525 2424 1621 2476 581,
1650 2426 1768 2465 Mau-

293 2477 417 2517 ricius
451 2479 583 2518 filium
623 2479 701 2520 sibi
734 2479 948 2521 Chosroen
994 2498 1132 2537 regem
1157 2486 1383 2525 Persarum
1414 2484 1580 2536 faciens,
1609 2484 1768 2523 Dome-

294 2534 453 2574 tianum
497 2535 741 2589 episcopum
791 2538 1100 2580 Melitenensern
1130 2541 1181 2581 ad
1209 2556 1304 2582 eum
1348 2541 1515 2591 direxit,
1543 2545 1768 2594 cognatum

293 2606 409 2631 suum
428 2622 439 2643 ‚
474 2607 553 2632 una
583 2607 680 2633 cum
706 2594 846 2644 Narse,
877 2596 943 2634 cui
974 2596 1168 2637 ducatum
1189 2598 1284 2639 belli
1305 2597 1536 2646 commisit;
1566 2597 1639 2652 qui
1668 2610 1768 2650 per-

295 2647 506 2689 venientes
537 2649 587 2689 ad
621 2648 837 2690 Chosroen
872 2666 1013 2692 omnes
1047 2655 1256 2696 Romanos
1287 2660 1531 2710 potentatus
1563 2653 1606 2693 in
1631 2652 1768 2693 Persi..

295 2702 388 2744 dem
419 2705 708 2747 introducunt.
773 2708 926 2747 Baram
957 2716 1096 2749 autem
1133 2711 1214 2752 hoe
1244 2713 1403 2767 agnito,
1428 2710 1601 2765 sumptis
1632 2709 1768 2749 virtu-

295 2760 405 2800 tibus
433 2762 524 2812 suis,
556 2763 594 2802 in
625 2763 719 2804 loco
753 2763 825 2818 qui
861 2764 1152 2808 Alexandrines
1191 2769 1490 2809 nominabatur
1521 2774 1655 2807 castra
1684 2780 1768 2806 me-

296 2822 403 2859 tatus
436 2826 509 2869 est,
543 2819 774 2874 prohibere
823 2826 938 2862 ratus
968 2822 1131 2863 militias
1160 2825 1210 2865 ab
1243 2825 1439 2867 Armenia
1469 2824 1694 2877 venientes,
1720 2837 1768 2863 ne

665 2976 690 2997 Ο
