<?xml version="1.0" encoding="UTF-8"?>
<!DOCTYPE html PUBLIC "-//W3C//DTD XHTML 1.0 Transitional//EN"
    "http://www.w3.org/TR/xhtml1/DTD/xhtml1-transitional.dtd">
<html xmlns="http://www.w3.org/1999/xhtml" xml:lang="en" lang="en">
 <head>
  <title>
</title>
<meta http-equiv="Content-Type" content="text/html;charset=utf-8" />
  <meta name='ocr-system' content='tesseract 3.04.00' />
  <meta name='ocr-capabilities' content='ocr_page ocr_carea ocr_par ocr_line ocrx_word'/>
</head>
<body>
  <div class='ocr_page' id='page_1' title='image "./corpusscriptorum47niebuoft_0617.png"; bbox 0 0 1728 3184; ppageno 0'>
   <div class='ocr_carea' id='block_1_1' title="bbox 450 172 1483 225">
    <p class='ocr_par' dir='ltr' id='par_1_1' title="bbox 450 172 1483 225">
     <span class='ocr_line' id='line_1_1' title="bbox 450 172 1483 225; baseline 0.011 -13"><span class='ocrx_word' id='word_1_1' title='bbox 450 172 637 214; x_wconf 75' lang='lat' dir='ltr'><strong>NOTAE</strong></span> <span class='ocrx_word' id='word_1_2' title='bbox 676 173 900 218; x_wconf 79' lang='lat' dir='ltr'>POSTEm</span> <span class='ocrx_word' id='word_1_3' title='bbox 910 179 1064 221; x_wconf 79' lang='lat' dir='ltr'>onEs.</span> <span class='ocrx_word' id='word_1_4' title='bbox 1385 178 1483 225; x_wconf 86' lang='grc'>607</span> 
     </span>
    </p>
   </div>
   <div class='ocr_carea' id='block_1_2' title="bbox 23 280 1486 566">
    <p class='ocr_par' dir='ltr' id='par_1_2' title="bbox 23 280 1486 566">
     <span class='ocr_line' id='line_1_2' title="bbox 125 280 1486 347; baseline 0.008 -22"><span class='ocrx_word' id='word_1_5' title='bbox 125 280 308 339; x_wconf 53' lang='grc'>1397,3.</span> <span class='ocrx_word' id='word_1_6' title='bbox 365 282 439 324; x_wconf 79' lang='grc' dir='ltr'><strong><em>καί</em></strong></span> <span class='ocrx_word' id='word_1_7' title='bbox 475 284 578 326; x_wconf 82' lang='grc' dir='ltr'><strong><em>ου’δέ</em></strong></span> <span class='ocrx_word' id='word_1_8' title='bbox 603 299 715 332; x_wconf 82' lang='grc' dir='ltr'><strong><em>τινος</em></strong></span> <span class='ocrx_word' id='word_1_9' title='bbox 752 285 943 338; x_wconf 69' lang='grc' dir='ltr'>δεόμενος</span> <span class='ocrx_word' id='word_1_10' title='bbox 978 289 1208 347; x_wconf 74' lang='grc' dir='ltr'><strong><em>ὑποθήκης]</em></strong></span> <span class='ocrx_word' id='word_1_11' title='bbox 1242 294 1361 335; x_wconf 80' lang='lat' dir='ltr'>foede</span> <span class='ocrx_word' id='word_1_12' title='bbox 1384 294 1486 336; x_wconf 84' lang='lat' dir='ltr'>haec</span> 
     </span>
     <span class='ocr_line' id='line_1_3' title="bbox 24 341 1485 397; baseline 0.011 -20"><span class='ocrx_word' id='word_1_13' title='bbox 24 342 252 395; x_wconf 75' lang='lat' dir='ltr'>depravata</span> <span class='ocrx_word' id='word_1_14' title='bbox 284 354 333 379; x_wconf 85' lang='lat' dir='ltr'>ex</span> <span class='ocrx_word' id='word_1_15' title='bbox 361 341 554 395; x_wconf 84' lang='lat' dir='ltr'>Theoph.</span> <span class='ocrx_word' id='word_1_16' title='bbox 582 343 773 383; x_wconf 83' lang='lat' dir='ltr'>emenda.</span> <span class='ocrx_word' id='word_1_17' title='bbox 809 345 832 382; x_wconf 94' lang='lat' dir='ltr'>l.</span> <span class='ocrx_word' id='word_1_18' title='bbox 865 345 889 383; x_wconf 75' lang='lat'>2</span> <span class='ocrx_word' id='word_1_19' title='bbox 920 361 955 384; x_wconf 92' lang='lat' dir='ltr'>c.</span> <span class='ocrx_word' id='word_1_20' title='bbox 983 351 1046 390; x_wconf 86' lang='lat'>11.</span> <span class='ocrx_word' id='word_1_21' title='bbox 1075 350 1226 388; x_wconf 82' lang='grc' dir='ltr'><strong><em>σκαιοῦ</em></strong></span> <span class='ocrx_word' id='word_1_22' title='bbox 1253 349 1367 397; x_wconf 79' lang='grc' dir='ltr'><strong><em>τινὸς</em></strong></span> <span class='ocrx_word' id='word_1_23' title='bbox 1391 349 1485 392; x_wconf 77' lang='grc' dir='ltr'>δαί·</span> 
     </span>
     <span class='ocr_line' id='line_1_4' title="bbox 24 391 1486 452; baseline 0.008 -16"><span class='ocrx_word' id='word_1_24' title='bbox 24 391 420 452; x_wconf 26' lang='grc' dir='ltr'><strong><em>μονοςγῦῃαθῄκαις</em></strong></span> <span class='ocrx_word' id='word_1_25' title='bbox 454 397 530 437; x_wconf 69' lang='grc' dir='ltr'>οὐκ</span> <span class='ocrx_word' id='word_1_26' title='bbox 571 398 844 450; x_wconf 70' lang='grc' dir='ltr'><strong><em>ἀνέστρεψεν.</em></strong></span> <span class='ocrx_word' id='word_1_27' title='bbox 913 404 1016 442; x_wconf 84' lang='lat' dir='ltr'>mali</span> <span class='ocrx_word' id='word_1_28' title='bbox 1039 406 1247 446; x_wconf 78' lang='lat' dir='ltr'>cuiusdam</span> <span class='ocrx_word' id='word_1_29' title='bbox 1276 407 1486 448; x_wconf 77' lang='lat' dir='ltr'>daemonis</span> 
     </span>
     <span class='ocr_line' id='line_1_5' title="bbox 23 451 1484 516; baseline 0.008 -22"><span class='ocrx_word' id='word_1_30' title='bbox 23 454 230 494; x_wconf 75' lang='lat' dir='ltr'>instinctu.</span> <span class='ocrx_word' id='word_1_31' title='bbox 264 451 382 492; x_wconf 84' lang='lat' dir='ltr'>velut</span> <span class='ocrx_word' id='word_1_32' title='bbox 409 454 673 494; x_wconf 83' lang='lat' dir='ltr'>execratione</span> <span class='ocrx_word' id='word_1_33' title='bbox 706 455 747 494; x_wconf 90' lang='lat' dir='ltr'>id</span> <span class='ocrx_word' id='word_1_34' title='bbox 778 455 934 495; x_wconf 86' lang='lat' dir='ltr'>dictum</span> <span class='ocrx_word' id='word_1_35' title='bbox 965 458 1004 496; x_wconf 91' lang='lat' dir='ltr'>in</span> <span class='ocrx_word' id='word_1_36' title='bbox 1025 459 1288 502; x_wconf 81' lang='lat' dir='ltr'>fortissimum</span> <span class='ocrx_word' id='word_1_37' title='bbox 1319 464 1484 516; x_wconf 84' lang='lat' dir='ltr'>ducem,</span> 
     </span>
     <span class='ocr_line' id='line_1_6' title="bbox 23 508 1087 566; baseline 0.004 -15"><span class='ocrx_word' id='word_1_38' title='bbox 23 510 98 566; x_wconf 87' lang='lat' dir='ltr'>qui</span> <span class='ocrx_word' id='word_1_39' title='bbox 129 508 189 548; x_wconf 86' lang='lat' dir='ltr'>sic</span> <span class='ocrx_word' id='word_1_40' title='bbox 219 508 412 549; x_wconf 85' lang='lat' dir='ltr'>incautus</span> <span class='ocrx_word' id='word_1_41' title='bbox 440 509 484 549; x_wconf 87' lang='lat' dir='ltr'>in</span> <span class='ocrx_word' id='word_1_42' title='bbox 518 509 699 551; x_wconf 86' lang='lat' dir='ltr'>hostium</span> <span class='ocrx_word' id='word_1_43' title='bbox 726 513 899 552; x_wconf 78' lang='lat' dir='ltr'>venisset</span> <span class='ocrx_word' id='word_1_44' title='bbox 929 529 1087 555; x_wconf 83' lang='lat' dir='ltr'>manus.</span> 
     </span>
    </p>
   </div>
   <div class='ocr_carea' id='block_1_3' title="bbox 136 578 1048 637">
    <p class='ocr_par' dir='ltr' id='par_1_3' title="bbox 136 578 1048 637">
     <span class='ocr_line' id='line_1_7' title="bbox 136 578 1048 637; baseline 0.005 -16"><span class='ocrx_word' id='word_1_45' title='bbox 136 579 254 637; x_wconf 76' lang='lat' dir='ltr'>Ibid.</span> <span class='ocrx_word' id='word_1_46' title='bbox 289 583 358 627; x_wconf 86' lang='lat'>17.</span> <span class='ocrx_word' id='word_1_47' title='bbox 415 578 488 622; x_wconf 83' lang='grc' dir='ltr'>τόν</span> <span class='ocrx_word' id='word_1_48' title='bbox 517 580 675 636; x_wconf 79' lang='grc' dir='ltr'><strong><em>φόρτον</em></strong></span> <span class='ocrx_word' id='word_1_49' title='bbox 700 582 1048 636; x_wconf 80' lang='grc' dir='ltr'><strong><em>διαστρέψαντος.</em></strong></span> 
     </span>
    </p>
   </div>
   <div class='ocr_carea' id='block_1_4' title="bbox 21 649 1485 1013">
    <p class='ocr_par' dir='ltr' id='par_1_4' title="bbox 21 649 1485 935">
     <span class='ocr_line' id='line_1_8' title="bbox 135 649 1484 715; baseline 0.008 -24"><span class='ocrx_word' id='word_1_50' title='bbox 135 651 233 705; x_wconf 83' lang='lat'><strong>398,</strong></span> <span class='ocrx_word' id='word_1_51' title='bbox 252 652 293 695; x_wconf 87' lang='lat'>7.</span> <span class='ocrx_word' id='word_1_52' title='bbox 343 649 428 707; x_wconf 66' lang='grc' dir='ltr'>»τὴν</span> <span class='ocrx_word' id='word_1_53' title='bbox 451 651 680 708; x_wconf 73' lang='grc' dir='ltr'><strong><em>Ἀπειρίαν</em></strong></span> <span class='ocrx_word' id='word_1_54' title='bbox 707 653 833 696; x_wconf 82' lang='grc' dir='ltr'><strong><em>πάλιν</em></strong></span> <span class='ocrx_word' id='word_1_55' title='bbox 849 653 1125 712; x_wconf 73' lang='grc' dir='ltr'><strong><em>παρεκάθισε]</em></strong></span> <span class='ocrx_word' id='word_1_56' title='bbox 1158 661 1233 715; x_wconf 80' lang='lat' dir='ltr'>leg.</span> <span class='ocrx_word' id='word_1_57' title='bbox 1254 662 1376 715; x_wconf 85' lang='lat' dir='ltr'>plane</span> <span class='ocrx_word' id='word_1_58' title='bbox 1401 659 1484 703; x_wconf 79' lang='grc' dir='ltr'>πό-</span> 
     </span>
     <span class='ocr_line' id='line_1_9' title="bbox 24 709 1485 774; baseline 0.007 -25"><span class='ocrx_word' id='word_1_59' title='bbox 24 711 104 760; x_wconf 78' lang='grc' dir='ltr'><strong><em>λιν,</em></strong></span> <span class='ocrx_word' id='word_1_60' title='bbox 134 710 198 750; x_wconf 87' lang='lat' dir='ltr'>uti</span> <span class='ocrx_word' id='word_1_61' title='bbox 236 709 335 766; x_wconf 83' lang='lat' dir='ltr'>legit</span> <span class='ocrx_word' id='word_1_62' title='bbox 367 711 624 762; x_wconf 81' lang='lat' dir='ltr'>Anastasius,</span> <span class='ocrx_word' id='word_1_63' title='bbox 652 714 843 767; x_wconf 85' lang='lat' dir='ltr'>Apiriam</span> <span class='ocrx_word' id='word_1_64' title='bbox 887 716 1091 755; x_wconf 82' lang='lat' dir='ltr'>civitatem</span> <span class='ocrx_word' id='word_1_65' title='bbox 1132 716 1279 757; x_wconf 77' lang='lat' dir='ltr'>obsedit</span> <span class='ocrx_word' id='word_1_66' title='bbox 1289 734 1306 768; x_wconf 82' lang='lat'>‚-</span> <span class='ocrx_word' id='word_1_67' title='bbox 1349 734 1485 774; x_wconf 90' lang='lat' dir='ltr'>neque</span> 
     </span>
     <span class='ocr_line' id='line_1_10' title="bbox 26 766 1482 821; baseline 0.005 -14"><span class='ocrx_word' id='word_1_68' title='bbox 26 768 137 807; x_wconf 86' lang='lat' dir='ltr'>enim</span> <span class='ocrx_word' id='word_1_69' title='bbox 167 766 266 807; x_wconf 74' lang='lat' dir='ltr'>alias</span> <span class='ocrx_word' id='word_1_70' title='bbox 293 773 462 807; x_wconf 72' lang='lat' dir='ltr'>narrata</span> <span class='ocrx_word' id='word_1_71' title='bbox 491 767 598 808; x_wconf 88' lang='lat' dir='ltr'>illius</span> <span class='ocrx_word' id='word_1_72' title='bbox 633 769 747 808; x_wconf 88' lang='lat' dir='ltr'>urbis</span> <span class='ocrx_word' id='word_1_73' title='bbox 777 769 966 821; x_wconf 84' lang='lat' dir='ltr'>obsidio,</span> <span class='ocrx_word' id='word_1_74' title='bbox 996 777 1068 812; x_wconf 87' lang='lat' dir='ltr'>aut</span> <span class='ocrx_word' id='word_1_75' title='bbox 1095 772 1290 812; x_wconf 82' lang='lat' dir='ltr'>Simocat.</span> <span class='ocrx_word' id='word_1_76' title='bbox 1320 775 1344 813; x_wconf 95' lang='grc' dir='ltr'>Ι.</span> <span class='ocrx_word' id='word_1_77' title='bbox 1374 775 1411 814; x_wconf 75' lang='lat'>2.</span> <span class='ocrx_word' id='word_1_78' title='bbox 1446 791 1482 815; x_wconf 89' lang='lat' dir='ltr'>c.</span> 
     </span>
     <span class='ocr_line' id='line_1_11' title="bbox 27 822 1482 882; baseline 0.005 -19"><span class='ocrx_word' id='word_1_79' title='bbox 27 825 77 867; x_wconf 79' lang='grc'>15</span> <span class='ocrx_word' id='word_1_80' title='bbox 108 828 151 863; x_wconf 85' lang='lat' dir='ltr'>et</span> <span class='ocrx_word' id='word_1_81' title='bbox 171 825 222 867; x_wconf 83' lang='lat'>16</span> <span class='ocrx_word' id='word_1_82' title='bbox 248 822 407 878; x_wconf 82' lang='lat' dir='ltr'>aliquid</span> <span class='ocrx_word' id='word_1_83' title='bbox 453 823 654 865; x_wconf 87' lang='lat' dir='ltr'>eiusmodi</span> <span class='ocrx_word' id='word_1_84' title='bbox 685 824 852 876; x_wconf 81' lang='lat' dir='ltr'>indicat,</span> <span class='ocrx_word' id='word_1_85' title='bbox 883 841 930 867; x_wconf 86' lang='lat' dir='ltr'>ex</span> <span class='ocrx_word' id='word_1_86' title='bbox 960 842 1044 882; x_wconf 89' lang='lat' dir='ltr'>quo</span> <span class='ocrx_word' id='word_1_87' title='bbox 1073 827 1175 869; x_wconf 84' lang='lat' dir='ltr'>haec</span> <span class='ocrx_word' id='word_1_88' title='bbox 1202 829 1399 869; x_wconf 81' lang='lat' dir='ltr'>breviata.</span> <span class='ocrx_word' id='word_1_89' title='bbox 1431 827 1482 871; x_wconf 67' lang='lat' dir='ltr'>rot</span> 
     </span>
     <span class='ocr_line' id='line_1_12' title="bbox 21 876 554 935; baseline 0 -15"><span class='ocrx_word' id='word_1_90' title='bbox 21 876 162 934; x_wconf 70' lang='grc' dir='ltr'><strong><em>πλήθη</em></strong></span> <span class='ocrx_word' id='word_1_91' title='bbox 190 877 423 920; x_wconf 67' lang='grc' dir='ltr'><strong><em>ἀνέπειθεν.</em></strong></span> <span class='ocrx_word' id='word_1_92' title='bbox 454 881 554 935; x_wconf 75' lang='lat' dir='ltr'>neg.</span> 
     </span>
    </p>

    <p class='ocr_par' dir='ltr' id='par_1_5' title="bbox 134 947 1186 1013">
     <span class='ocr_line' id='line_1_13' title="bbox 134 947 1186 1013; baseline 0.006 -22"><span class='ocrx_word' id='word_1_93' title='bbox 134 949 234 1006; x_wconf 76' lang='lat'><strong>398,</strong></span> <span class='ocrx_word' id='word_1_94' title='bbox 254 954 330 996; x_wconf 72' lang='grc'>17.</span> <span class='ocrx_word' id='word_1_95' title='bbox 385 950 462 1006; x_wconf 76' lang='grc' dir='ltr'>τὴν</span> <span class='ocrx_word' id='word_1_96' title='bbox 490 947 614 992; x_wconf 81' lang='grc' dir='ltr'><strong><em>πόλιν</em></strong></span> <span class='ocrx_word' id='word_1_97' title='bbox 643 953 872 1005; x_wconf 79' lang='grc' dir='ltr'><strong><em>παρέλαβε]</em></strong></span> <span class='ocrx_word' id='word_1_98' title='bbox 909 956 1041 995; x_wconf 84' lang='lat' dir='ltr'>urbem</span> <span class='ocrx_word' id='word_1_99' title='bbox 1070 958 1186 1013; x_wconf 81' lang='lat' dir='ltr'>cepit.</span> 
     </span>
    </p>
   </div>
   <div class='ocr_carea' id='block_1_5' title="bbox 21 1021 1489 1517">
    <p class='ocr_par' dir='ltr' id='par_1_6' title="bbox 21 1021 1489 1517">
     <span class='ocr_line' id='line_1_14' title="bbox 134 1021 1489 1084; baseline 0.004 -19"><span class='ocrx_word' id='word_1_100' title='bbox 134 1022 232 1075; x_wconf 83' lang='grc'><strong>399,</strong></span> <span class='ocrx_word' id='word_1_101' title='bbox 266 1024 332 1069; x_wconf 86' lang='grc'>14.</span> <span class='ocrx_word' id='word_1_102' title='bbox 390 1022 495 1079; x_wconf 84' lang='grc' dir='ltr'><strong><em>πρὸς</em></strong></span> <span class='ocrx_word' id='word_1_103' title='bbox 530 1021 609 1078; x_wconf 70' lang='grc' dir='ltr'>τήν</span> <span class='ocrx_word' id='word_1_104' title='bbox 645 1025 870 1080; x_wconf 72' lang='grc' dir='ltr'><strong><em>ἐπιβουλὴν</em></strong></span> <span class='ocrx_word' id='word_1_105' title='bbox 915 1028 1207 1084; x_wconf 69' lang='grc' dir='ltr'>ἐνεχείρησεν]</span> <span class='ocrx_word' id='word_1_106' title='bbox 1258 1033 1392 1071; x_wconf 67' lang='lat' dir='ltr'>Anasi..</span> <span class='ocrx_word' id='word_1_107' title='bbox 1429 1033 1489 1072; x_wconf 86' lang='lat' dir='ltr'>ad</span> 
     </span>
     <span class='ocr_line' id='line_1_15' title="bbox 23 1082 1484 1140; baseline 0.004 -18"><span class='ocrx_word' id='word_1_108' title='bbox 23 1082 392 1122; x_wconf 78' lang='lat' dir='ltr'><strong><em>machinamentum</em></strong></span> <span class='ocrx_word' id='word_1_109' title='bbox 418 1090 581 1122; x_wconf 80' lang='lat' dir='ltr'>conatus</span> <span class='ocrx_word' id='word_1_110' title='bbox 608 1091 681 1122; x_wconf 84' lang='lat' dir='ltr'>est.</span> <span class='ocrx_word' id='word_1_111' title='bbox 711 1084 884 1136; x_wconf 83' lang='lat' dir='ltr'>pulchre</span> <span class='ocrx_word' id='word_1_112' title='bbox 898 1085 1130 1140; x_wconf 73' lang='lat' dir='ltr'>Theophyl.</span> <span class='ocrx_word' id='word_1_113' title='bbox 1161 1087 1307 1126; x_wconf 84' lang='lat' dir='ltr'>ultimo</span> <span class='ocrx_word' id='word_1_114' title='bbox 1340 1088 1435 1128; x_wconf 84' lang='lat' dir='ltr'>libri</span> <span class='ocrx_word' id='word_1_115' title='bbox 1458 1089 1484 1128; x_wconf 81' lang='lat'>2</span> 
     </span>
     <span class='ocr_line' id='line_1_16' title="bbox 27 1136 1483 1190; baseline 0.004 -13"><span class='ocrx_word' id='word_1_116' title='bbox 27 1151 67 1178; x_wconf 81' lang='lat' dir='ltr'>e.</span> <span class='ocrx_word' id='word_1_117' title='bbox 98 1136 286 1178; x_wconf 64' lang='lat' dir='ltr'>mutuam</span> <span class='ocrx_word' id='word_1_118' title='bbox 315 1137 432 1178; x_wconf 87' lang='lat' dir='ltr'>illum</span> <span class='ocrx_word' id='word_1_119' title='bbox 471 1144 646 1190; x_wconf 86' lang='lat' dir='ltr'>struem,</span> <span class='ocrx_word' id='word_1_120' title='bbox 688 1154 735 1178; x_wconf 89' lang='lat' dir='ltr'>ac</span> <span class='ocrx_word' id='word_1_121' title='bbox 764 1141 1137 1181; x_wconf 81' lang='lat' dir='ltr'>machinamentum</span> <span class='ocrx_word' id='word_1_122' title='bbox 1170 1143 1365 1183; x_wconf 84' lang='lat' dir='ltr'>describit</span> <span class='ocrx_word' id='word_1_123' title='bbox 1394 1146 1483 1184; x_wconf 82' lang='lat' dir='ltr'>Ro-</span> 
     </span>
     <span class='ocr_line' id='line_1_17' title="bbox 27 1194 1485 1246; baseline 0.003 -12"><span class='ocrx_word' id='word_1_124' title='bbox 27 1194 155 1245; x_wconf 78' lang='lat' dir='ltr'>mani,</span> <span class='ocrx_word' id='word_1_125' title='bbox 183 1201 228 1236; x_wconf 80' lang='lat' dir='ltr'>et</span> <span class='ocrx_word' id='word_1_126' title='bbox 255 1194 426 1242; x_wconf 84' lang='lat' dir='ltr'>Persae;</span> <span class='ocrx_word' id='word_1_127' title='bbox 464 1195 634 1235; x_wconf 76' lang='lat' dir='ltr'>alterius</span> <span class='ocrx_word' id='word_1_128' title='bbox 671 1196 920 1246; x_wconf 83' lang='lat' dir='ltr'>invadentis,</span> <span class='ocrx_word' id='word_1_129' title='bbox 950 1197 1118 1237; x_wconf 78' lang='lat' dir='ltr'>alterius</span> <span class='ocrx_word' id='word_1_130' title='bbox 1146 1201 1336 1245; x_wconf 79' lang='lat' dir='ltr'>tutantis;</span> <span class='ocrx_word' id='word_1_131' title='bbox 1367 1201 1485 1239; x_wconf 88' lang='lat' dir='ltr'>cuius</span> 
     </span>
     <span class='ocr_line' id='line_1_18' title="bbox 25 1250 1484 1310; baseline 0.002 -21"><span class='ocrx_word' id='word_1_132' title='bbox 25 1250 192 1291; x_wconf 78' lang='lat' dir='ltr'>tandem</span> <span class='ocrx_word' id='word_1_133' title='bbox 216 1258 343 1306; x_wconf 80' lang='lat' dir='ltr'>caput</span> <span class='ocrx_word' id='word_1_134' title='bbox 354 1251 563 1291; x_wconf 84' lang='lat' dir='ltr'>Romanus</span> <span class='ocrx_word' id='word_1_135' title='bbox 581 1252 715 1291; x_wconf 89' lang='lat' dir='ltr'>Hcros</span> <span class='ocrx_word' id='word_1_136' title='bbox 742 1253 966 1304; x_wconf 74' lang='lat' dir='ltr'>abstulerit,</span> <span class='ocrx_word' id='word_1_137' title='bbox 994 1257 1157 1308; x_wconf 81' lang='lat' dir='ltr'>suisque</span> <span class='ocrx_word' id='word_1_138' title='bbox 1190 1270 1237 1295; x_wconf 88' lang='lat' dir='ltr'>ex</span> <span class='ocrx_word' id='word_1_139' title='bbox 1268 1270 1364 1296; x_wconf 79' lang='lat' dir='ltr'>arce</span> <span class='ocrx_word' id='word_1_140' title='bbox 1378 1270 1484 1310; x_wconf 87' lang='lat' dir='ltr'>pro-</span> 
     </span>
     <span class='ocr_line' id='line_1_19' title="bbox 25 1301 1485 1366; baseline 0.003 -19"><span class='ocrx_word' id='word_1_141' title='bbox 25 1307 184 1348; x_wconf 85' lang='lat' dir='ltr'>iecerit.</span> <span class='ocrx_word' id='word_1_142' title='bbox 214 1301 457 1354; x_wconf 78' lang='grc' dir='ltr'><strong><em>ὗπατεὺσας</em></strong></span> <span class='ocrx_word' id='word_1_143' title='bbox 483 1305 559 1361; x_wconf 72' lang='grc' dir='ltr'>τὴν</span> <span class='ocrx_word' id='word_1_144' title='bbox 587 1304 798 1360; x_wconf 72' lang='grc' dir='ltr'><strong><em>κεφαλήντ</em></strong></span> <span class='ocrx_word' id='word_1_145' title='bbox 828 1311 970 1349; x_wconf 80' lang='lat' dir='ltr'>Anast.</span> <span class='ocrx_word' id='word_1_146' title='bbox 998 1311 1189 1350; x_wconf 76' lang='lat' dir='ltr'>Romanis</span> <span class='ocrx_word' id='word_1_147' title='bbox 1218 1321 1337 1366; x_wconf 81' lang='lat' dir='ltr'>caput</span> <span class='ocrx_word' id='word_1_148' title='bbox 1360 1327 1485 1366; x_wconf 82' lang='lat' dir='ltr'>prae·</span> 
     </span>
     <span class='ocr_line' id='line_1_20' title="bbox 21 1361 1484 1420; baseline 0.005 -19"><span class='ocrx_word' id='word_1_149' title='bbox 21 1364 144 1404; x_wconf 78' lang='lat' dir='ltr'>bens.-</span> <span class='ocrx_word' id='word_1_150' title='bbox 183 1362 336 1406; x_wconf 88' lang='lat' dir='ltr'>Simoc.</span> <span class='ocrx_word' id='word_1_151' title='bbox 388 1366 476 1411; x_wconf 81' lang='grc' dir='ltr'><strong><em>τοῖς</em></strong></span> <span class='ocrx_word' id='word_1_152' title='bbox 512 1361 809 1417; x_wconf 79' lang='grc' dir='ltr'><strong><em>πολιόρκοῦσιν</em></strong></span> <span class='ocrx_word' id='word_1_153' title='bbox 847 1365 1088 1416; x_wconf 71' lang='grc' dir='ltr'><strong><em>α’πέπεμπεε</em></strong></span> <span class='ocrx_word' id='word_1_154' title='bbox 1129 1373 1293 1420; x_wconf 77' lang='lat' dir='ltr'>gratum</span> <span class='ocrx_word' id='word_1_155' title='bbox 1330 1369 1484 1408; x_wconf 86' lang='lat' dir='ltr'>scilicet</span> 
     </span>
     <span class='ocr_line' id='line_1_21' title="bbox 23 1418 1484 1475; baseline 0.003 -16"><span class='ocrx_word' id='word_1_156' title='bbox 23 1433 187 1470; x_wconf 83' lang='lat' dir='ltr'>munus,</span> <span class='ocrx_word' id='word_1_157' title='bbox 216 1434 268 1460; x_wconf 80' lang='lat' dir='ltr'>ac</span> <span class='ocrx_word' id='word_1_158' title='bbox 297 1418 419 1475; x_wconf 86' lang='lat' dir='ltr'>quale</span> <span class='ocrx_word' id='word_1_159' title='bbox 447 1435 524 1461; x_wconf 87' lang='lat' dir='ltr'>nec</span> <span class='ocrx_word' id='word_1_160' title='bbox 555 1420 684 1461; x_wconf 89' lang='lat' dir='ltr'>ullum</span> <span class='ocrx_word' id='word_1_161' title='bbox 713 1423 940 1473; x_wconf 78' lang='lat' dir='ltr'>consulare,</span> <span class='ocrx_word' id='word_1_162' title='bbox 967 1423 1206 1464; x_wconf 79' lang='lat' dir='ltr'>excitandae</span> <span class='ocrx_word' id='word_1_163' title='bbox 1229 1424 1484 1465; x_wconf 87' lang='lat' dir='ltr'>commilito-</span> 
     </span>
     <span class='ocr_line' id='line_1_22' title="bbox 26 1475 571 1517; baseline 0.002 -1"><span class='ocrx_word' id='word_1_164' title='bbox 26 1482 129 1517; x_wconf 81' lang='lat' dir='ltr'>nu&#39;m</span> <span class='ocrx_word' id='word_1_165' title='bbox 156 1475 363 1517; x_wconf 80' lang='lat' dir='ltr'>alacritati</span> <span class='ocrx_word' id='word_1_166' title='bbox 385 1475 571 1517; x_wconf 86' lang='lat' dir='ltr'>missum.</span> 
     </span>
    </p>
   </div>
   <div class='ocr_carea' id='block_1_6' title="bbox 0 1546 1487 2043">
    <p class='ocr_par' dir='ltr' id='par_1_7' title="bbox 0 1546 1487 2043">
     <span class='ocr_line' id='line_1_23' title="bbox 138 1546 1484 1605; baseline 0.001 -15"><span class='ocrx_word' id='word_1_167' title='bbox 138 1549 250 1590; x_wconf 82' lang='lat' dir='ltr'>Ibid.</span> <span class='ocrx_word' id='word_1_168' title='bbox 283 1552 354 1594; x_wconf 87' lang='lat'>18.</span> <span class='ocrx_word' id='word_1_169' title='bbox 411 1546 484 1589; x_wconf 75' lang='grc' dir='ltr'>διὰ</span> <span class='ocrx_word' id='word_1_170' title='bbox 526 1549 611 1589; x_wconf 74' lang='grc' dir='ltr'>τῶν</span> <span class='ocrx_word' id='word_1_171' title='bbox 638 1547 876 1593; x_wconf 81' lang='grc' dir='ltr'><strong><em>πασσάλων.</em></strong></span> <span class='ocrx_word' id='word_1_172' title='bbox 912 1547 955 1590; x_wconf 84' lang='grc' dir='ltr'>τὸ</span> <span class='ocrx_word' id='word_1_173' title='bbox 987 1549 1190 1604; x_wconf 83' lang='grc' dir='ltr'><strong><em>φρούριον</em></strong></span> <span class='ocrx_word' id='word_1_174' title='bbox 1214 1549 1484 1605; x_wconf 80' lang='grc' dir='ltr'><strong><em>παρέδωκαν]</em></strong></span> 
     </span>
     <span class='ocr_line' id='line_1_24' title="bbox 26 1604 1483 1662; baseline -0.001 -16"><span class='ocrx_word' id='word_1_175' title='bbox 26 1606 167 1646; x_wconf 67' lang='lat' dir='ltr'>Anast„</span> <span class='ocrx_word' id='word_1_176' title='bbox 202 1605 291 1647; x_wconf 85' lang='lat' dir='ltr'>siue</span> <span class='ocrx_word' id='word_1_177' title='bbox 328 1604 459 1645; x_wconf 87' lang='lat' dir='ltr'>dubio</span> <span class='ocrx_word' id='word_1_178' title='bbox 487 1606 611 1661; x_wconf 82' lang='lat' dir='ltr'>legit,</span> <span class='ocrx_word' id='word_1_179' title='bbox 654 1606 768 1662; x_wconf 89' lang='lat' dir='ltr'>quod</span> <span class='ocrx_word' id='word_1_180' title='bbox 809 1606 941 1647; x_wconf 69' lang='lat' dir='ltr'>deesse</span> <span class='ocrx_word' id='word_1_181' title='bbox 988 1608 1166 1658; x_wconf 86' lang='lat' dir='ltr'>interpr.</span> <span class='ocrx_word' id='word_1_182' title='bbox 1203 1609 1388 1659; x_wconf 77' lang='lat' dir='ltr'>notavit,</span> <span class='ocrx_word' id='word_1_183' title='bbox 1417 1604 1483 1656; x_wconf 81' lang='grc' dir='ltr'>τό,</span> 
     </span>
     <span class='ocr_line' id='line_1_25' title="bbox 24 1661 1486 1719; baseline 0 -17"><span class='ocrx_word' id='word_1_184' title='bbox 24 1663 143 1715; x_wconf 78' lang='grc' dir='ltr'><strong><em>πυρί,</em></strong></span> <span class='ocrx_word' id='word_1_185' title='bbox 169 1676 265 1702; x_wconf 85' lang='lat' dir='ltr'>cum</span> <span class='ocrx_word' id='word_1_186' title='bbox 294 1661 453 1713; x_wconf 80' lang='lat' dir='ltr'>reddit,</span> <span class='ocrx_word' id='word_1_187' title='bbox 498 1664 586 1716; x_wconf 81' lang='lat' dir='ltr'>igni</span> <span class='ocrx_word' id='word_1_188' title='bbox 605 1664 770 1718; x_wconf 80' lang='lat' dir='ltr'>prodito</span> <span class='ocrx_word' id='word_1_189' title='bbox 796 1673 938 1703; x_wconf 78' lang='lat' dir='ltr'>castro.</span> <span class='ocrx_word' id='word_1_190' title='bbox 999 1670 1041 1702; x_wconf 85' lang='lat' dir='ltr'>at</span> <span class='ocrx_word' id='word_1_191' title='bbox 1066 1663 1400 1719; x_wconf 67' lang='lat' dir='ltr'>Theophylactus</span> <span class='ocrx_word' id='word_1_192' title='bbox 1432 1662 1486 1702; x_wconf 84' lang='lat' dir='ltr'>ad</span> 
     </span>
     <span class='ocr_line' id='line_1_26' title="bbox 25 1716 1487 1773; baseline 0 -15"><span class='ocrx_word' id='word_1_193' title='bbox 25 1720 149 1768; x_wconf 79' lang='lat' dir='ltr'>finem</span> <span class='ocrx_word' id='word_1_194' title='bbox 172 1719 343 1760; x_wconf 86' lang='lat' dir='ltr'>secundi</span> <span class='ocrx_word' id='word_1_195' title='bbox 372 1718 479 1759; x_wconf 86' lang='lat' dir='ltr'>illius</span> <span class='ocrx_word' id='word_1_196' title='bbox 511 1720 608 1759; x_wconf 83' lang='lat' dir='ltr'>libri</span> <span class='ocrx_word' id='word_1_197' title='bbox 637 1719 756 1773; x_wconf 84' lang='lat' dir='ltr'>longe</span> <span class='ocrx_word' id='word_1_198' title='bbox 786 1720 931 1768; x_wconf 78' lang='lat' dir='ltr'>aliter3</span> <span class='ocrx_word' id='word_1_199' title='bbox 960 1716 1141 1766; x_wconf 79' lang='grc' dir='ltr'><em>σκοπούς</em></span> <span class='ocrx_word' id='word_1_200' title='bbox 1169 1719 1487 1773; x_wconf 73' lang='grc' dir='ltr'><strong><em>περιβάλλοντες</em></strong></span> 
     </span>
     <span class='ocr_line' id='line_1_27' title="bbox 27 1772 1485 1831; baseline -0.001 -15"><span class='ocrx_word' id='word_1_201' title='bbox 27 1774 89 1830; x_wconf 72' lang='grc' dir='ltr'>τῷ</span> <span class='ocrx_word' id='word_1_202' title='bbox 127 1772 394 1830; x_wconf 73' lang='grc' dir='ltr'><strong><em>ἅχυρώματιε</em></strong></span> <span class='ocrx_word' id='word_1_203' title='bbox 437 1775 554 1816; x_wconf 86' lang='lat' dir='ltr'>cuius</span> <span class='ocrx_word' id='word_1_204' title='bbox 595 1777 773 1829; x_wconf 81' lang='lat' dir='ltr'>interpr,</span> <span class='ocrx_word' id='word_1_205' title='bbox 803 1776 1055 1831; x_wconf 78' lang='lat' dir='ltr'>praesidium</span> <span class='ocrx_word' id='word_1_206' title='bbox 1101 1776 1191 1816; x_wconf 84' lang='lat' dir='ltr'>illic</span> <span class='ocrx_word' id='word_1_207' title='bbox 1233 1778 1485 1831; x_wconf 75' lang='lat' dir='ltr'>relinqtamt:</span> 
     </span>
     <span class='ocr_line' id='line_1_28' title="bbox 0 1831 1487 1887; baseline 0 -16"><span class='ocrx_word' id='word_1_208' title='bbox 0 1832 217 1887; x_wconf 74' lang='lat' dir='ltr'>vadeoque</span> <span class='ocrx_word' id='word_1_209' title='bbox 259 1832 476 1886; x_wconf 86' lang='lat' dir='ltr'>scripserit</span> <span class='ocrx_word' id='word_1_210' title='bbox 515 1832 814 1886; x_wconf 85' lang='lat' dir='ltr'>Theophanes,</span> <span class='ocrx_word' id='word_1_211' title='bbox 855 1832 1080 1884; x_wconf 78' lang='grc' dir='ltr'><em>φυλάττειν</em></span> <span class='ocrx_word' id='word_1_212' title='bbox 1113 1831 1393 1883; x_wconf 84' lang='grc' dir='ltr'><strong><em>παρέδωκαν,</em></strong></span> <span class='ocrx_word' id='word_1_213' title='bbox 1423 1831 1487 1871; x_wconf 81' lang='lat' dir='ltr'>vel</span> 
     </span>
     <span class='ocr_line' id='line_1_29' title="bbox 26 1887 1485 1944; baseline 0 -17"><span class='ocrx_word' id='word_1_214' title='bbox 26 1888 130 1944; x_wconf 90' lang='lat' dir='ltr'>quid</span> <span class='ocrx_word' id='word_1_215' title='bbox 161 1888 379 1929; x_wconf 88' lang='lat' dir='ltr'>eiusmodi.</span> <span class='ocrx_word' id='word_1_216' title='bbox 451 1903 528 1929; x_wconf 88' lang='lat' dir='ltr'>nec</span> <span class='ocrx_word' id='word_1_217' title='bbox 570 1903 674 1929; x_wconf 86' lang='lat' dir='ltr'>vero</span> <span class='ocrx_word' id='word_1_218' title='bbox 714 1903 786 1928; x_wconf 83' lang='lat' dir='ltr'>arx</span> <span class='ocrx_word' id='word_1_219' title='bbox 830 1889 887 1928; x_wconf 82' lang='lat' dir='ltr'>sic</span> <span class='ocrx_word' id='word_1_220' title='bbox 915 1887 1063 1937; x_wconf 78' lang='lat' dir='ltr'>valida,</span> <span class='ocrx_word' id='word_1_221' title='bbox 1111 1887 1274 1942; x_wconf 88' lang='lat' dir='ltr'>qualem</span> <span class='ocrx_word' id='word_1_222' title='bbox 1302 1889 1388 1940; x_wconf 84' lang='lat' dir='ltr'>ipse</span> <span class='ocrx_word' id='word_1_223' title='bbox 1414 1887 1485 1927; x_wconf 84' lang='lat' dir='ltr'>de-</span> 
     </span>
     <span class='ocr_line' id='line_1_30' title="bbox 23 1944 1486 1998; baseline -0.001 -13"><span class='ocrx_word' id='word_1_224' title='bbox 23 1945 185 1995; x_wconf 83' lang='lat' dir='ltr'>scribit,</span> <span class='ocrx_word' id='word_1_225' title='bbox 210 1944 269 1984; x_wconf 83' lang='lat' dir='ltr'>sie</span> <span class='ocrx_word' id='word_1_226' title='bbox 295 1944 415 1986; x_wconf 85' lang='lat' dir='ltr'>facile</span> <span class='ocrx_word' id='word_1_227' title='bbox 446 1951 539 1987; x_wconf 81' lang='lat' dir='ltr'>erat</span> <span class='ocrx_word' id='word_1_228' title='bbox 565 1945 864 1997; x_wconf 81' lang='lat' dir='ltr'>succendenda,</span> <span class='ocrx_word' id='word_1_229' title='bbox 901 1959 982 1984; x_wconf 90' lang='lat' dir='ltr'>non</span> <span class='ocrx_word' id='word_1_230' title='bbox 1010 1944 1136 1998; x_wconf 82' lang='lat' dir='ltr'>magis</span> <span class='ocrx_word' id='word_1_231' title='bbox 1167 1945 1366 1985; x_wconf 81' lang='lat' dir='ltr'>Romanis</span> <span class='ocrx_word' id='word_1_232' title='bbox 1394 1944 1486 1983; x_wconf 85' lang='lat' dir='ltr'>vin·</span> 
     </span>
     <span class='ocr_line' id='line_1_31' title="bbox 25 2000 217 2043; baseline 0.01 -2"><span class='ocrx_word' id='word_1_233' title='bbox 25 2000 217 2043; x_wconf 83' lang='lat' dir='ltr'>dicanda.</span> 
     </span>
    </p>
   </div>
   <div class='ocr_carea' id='block_1_7' title="bbox 19 2064 1489 2393">
    <p class='ocr_par' dir='ltr' id='par_1_8' title="bbox 19 2064 1489 2393">
     <span class='ocr_line' id='line_1_32' title="bbox 137 2064 1485 2122; baseline -0.003 -13"><span class='ocrx_word' id='word_1_234' title='bbox 137 2064 237 2119; x_wconf 78' lang='grc'><strong>400,</strong></span> <span class='ocrx_word' id='word_1_235' title='bbox 271 2071 336 2112; x_wconf 72' lang='lat'>12.</span> <span class='ocrx_word' id='word_1_236' title='bbox 393 2066 465 2108; x_wconf 74' lang='grc' dir='ltr'>διὰ</span> <span class='ocrx_word' id='word_1_237' title='bbox 494 2065 540 2110; x_wconf 81' lang='grc' dir='ltr'>τὸ</span> <span class='ocrx_word' id='word_1_238' title='bbox 574 2070 650 2122; x_wconf 73' lang='grc' dir='ltr'>τῆς</span> <span class='ocrx_word' id='word_1_239' title='bbox 673 2067 867 2120; x_wconf 80' lang='grc' dir='ltr'><strong><em>στρατιᾶς</em></strong></span> <span class='ocrx_word' id='word_1_240' title='bbox 888 2066 1204 2118; x_wconf 53' lang='lat' dir='ltr'>‹immiso-9021]</span> <span class='ocrx_word' id='word_1_241' title='bbox 1235 2067 1330 2122; x_wconf 77' lang='lat' dir='ltr'>legit</span> <span class='ocrx_word' id='word_1_242' title='bbox 1352 2069 1485 2106; x_wconf 84' lang='lat' dir='ltr'>Anast.</span> 
     </span>
     <span class='ocr_line' id='line_1_33' title="bbox 26 2120 1487 2180; baseline -0.001 -16"><span class='ocrx_word' id='word_1_243' title='bbox 26 2120 98 2164; x_wconf 77' lang='grc' dir='ltr'>διά</span> <span class='ocrx_word' id='word_1_244' title='bbox 124 2124 246 2165; x_wconf 76' lang='grc' dir='ltr'><strong>τοῦτο</strong></span> <span class='ocrx_word' id='word_1_245' title='bbox 273 2126 347 2178; x_wconf 78' lang='grc' dir='ltr'>τῆς</span> <span class='ocrx_word' id='word_1_246' title='bbox 373 2126 651 2180; x_wconf 80' lang='grc' dir='ltr'><strong><em>στραττηγιάς</em></strong></span> <span class='ocrx_word' id='word_1_247' title='bbox 688 2123 964 2173; x_wconf 68' lang='grc' dir='ltr'><strong><em>ἀναπαύεται,</em></strong></span> <span class='ocrx_word' id='word_1_248' title='bbox 1004 2124 1101 2163; x_wconf 91' lang='lat' dir='ltr'>dum</span> <span class='ocrx_word' id='word_1_249' title='bbox 1132 2125 1286 2174; x_wconf 81' lang='lat' dir='ltr'>reddit,</span> <span class='ocrx_word' id='word_1_250' title='bbox 1313 2122 1487 2178; x_wconf 84' lang='lat' dir='ltr'>ideoque</span> 
     </span>
     <span class='ocr_line' id='line_1_34' title="bbox 19 2177 1487 2237; baseline -0.002 -16"><span class='ocrx_word' id='word_1_251' title='bbox 19 2189 219 2237; x_wconf 75' lang='lat' dir='ltr'>praetura</span> <span class='ocrx_word' id='word_1_252' title='bbox 256 2182 492 2236; x_wconf 54' lang='lat' dir='ltr'>deponam-3</span> <span class='ocrx_word' id='word_1_253' title='bbox 531 2197 606 2222; x_wconf 90' lang='lat' dir='ltr'>nec</span> <span class='ocrx_word' id='word_1_254' title='bbox 652 2183 772 2221; x_wconf 82' lang='lat' dir='ltr'>aliter</span> <span class='ocrx_word' id='word_1_255' title='bbox 808 2179 1036 2235; x_wconf 73' lang='lat' dir='ltr'>Theophyl.</span> <span class='ocrx_word' id='word_1_256' title='bbox 1079 2180 1198 2220; x_wconf 88' lang='lat' dir='ltr'>initio</span> <span class='ocrx_word' id='word_1_257' title='bbox 1229 2180 1299 2220; x_wconf 87' lang='lat' dir='ltr'>lib.</span> <span class='ocrx_word' id='word_1_258' title='bbox 1331 2178 1357 2219; x_wconf 88' lang='grc'>3</span> <span class='ocrx_word' id='word_1_259' title='bbox 1386 2177 1487 2218; x_wconf 83' lang='lat' dir='ltr'>insi-</span> 
     </span>
     <span class='ocr_line' id='line_1_35' title="bbox 28 2235 1489 2294; baseline -0.003 -15"><span class='ocrx_word' id='word_1_260' title='bbox 28 2243 143 2280; x_wconf 83' lang='lat' dir='ltr'>nuat.</span> <span class='ocrx_word' id='word_1_261' title='bbox 172 2237 233 2277; x_wconf 87' lang='lat' dir='ltr'>sic</span> <span class='ocrx_word' id='word_1_262' title='bbox 259 2238 349 2278; x_wconf 67' lang='lat' dir='ltr'>fe‘re</span> <span class='ocrx_word' id='word_1_263' title='bbox 375 2238 607 2294; x_wconf 87' lang='lat' dir='ltr'>principes,</span> <span class='ocrx_word' id='word_1_264' title='bbox 641 2239 716 2277; x_wconf 80' lang='lat' dir='ltr'>nisi</span> <span class='ocrx_word' id='word_1_265' title='bbox 747 2251 905 2277; x_wconf 84' lang='lat' dir='ltr'>morem</span> <span class='ocrx_word' id='word_1_266' title='bbox 935 2237 974 2274; x_wconf 89' lang='lat' dir='ltr'>in</span> <span class='ocrx_word' id='word_1_267' title='bbox 995 2237 1184 2275; x_wconf 85' lang='lat' dir='ltr'>omnibus</span> <span class='ocrx_word' id='word_1_268' title='bbox 1212 2250 1341 2290; x_wconf 82' lang='lat' dir='ltr'>geras,</span> <span class='ocrx_word' id='word_1_269' title='bbox 1370 2235 1489 2290; x_wconf 73' lang='lat' dir='ltr'>quic·</span> 
     </span>
     <span class='ocr_line' id='line_1_36' title="bbox 28 2291 1488 2350; baseline -0.002 -16"><span class='ocrx_word' id='word_1_270' title='bbox 28 2294 135 2350; x_wconf 87' lang='lat' dir='ltr'>quid</span> <span class='ocrx_word' id='word_1_271' title='bbox 162 2307 233 2335; x_wconf 82' lang='lat' dir='ltr'>eos</span> <span class='ocrx_word' id='word_1_272' title='bbox 253 2294 523 2346; x_wconf 86' lang='lat' dir='ltr'>demerueris,</span> <span class='ocrx_word' id='word_1_273' title='bbox 555 2308 788 2350; x_wconf 85' lang='lat' dir='ltr'>eorumque</span> <span class='ocrx_word' id='word_1_274' title='bbox 817 2294 938 2334; x_wconf 85' lang='lat' dir='ltr'>rebus</span> <span class='ocrx_word' id='word_1_275' title='bbox 967 2293 1030 2333; x_wconf 83' lang='lat' dir='ltr'>vel</span> <span class='ocrx_word' id='word_1_276' title='bbox 1060 2307 1141 2333; x_wconf 90' lang='lat' dir='ltr'>non</span> <span class='ocrx_word' id='word_1_277' title='bbox 1170 2291 1359 2347; x_wconf 84' lang='lat' dir='ltr'>parendo</span> <span class='ocrx_word' id='word_1_278' title='bbox 1386 2305 1488 2332; x_wconf 87' lang='lat' dir='ltr'>con-</span> 
     </span>
     <span class='ocr_line' id='line_1_37' title="bbox 25 2351 150 2393; baseline 0.024 -3"><span class='ocrx_word' id='word_1_279' title='bbox 25 2351 150 2393; x_wconf 73' lang='lat' dir='ltr'>sulas.</span> 
     </span>
    </p>
   </div>
   <div class='ocr_carea' id='block_1_8' title="bbox 7 2412 1491 2827">
    <p class='ocr_par' dir='ltr' id='par_1_9' title="bbox 25 2412 1489 2528">
     <span class='ocr_line' id='line_1_38' title="bbox 134 2412 1489 2471; baseline -0.007 -9"><span class='ocrx_word' id='word_1_280' title='bbox 134 2417 235 2468; x_wconf 79' lang='lat'><strong>401,</strong></span> <span class='ocrx_word' id='word_1_281' title='bbox 268 2421 334 2462; x_wconf 88' lang='lat'>11.</span> <span class='ocrx_word' id='word_1_282' title='bbox 411 2417 554 2466; x_wconf 73' lang='grc' dir='ltr'><strong><em>αὐτοῖς</em></strong></span> <span class='ocrx_word' id='word_1_283' title='bbox 582 2412 841 2471; x_wconf 79' lang='grc' dir='ltr'><strong><em>ἇποστερεῖν]</em></strong></span> <span class='ocrx_word' id='word_1_284' title='bbox 871 2419 970 2471; x_wconf 80' lang='lat' dir='ltr'>Reg.</span> <span class='ocrx_word' id='word_1_285' title='bbox 1001 2422 1080 2456; x_wconf 85' lang='lat' dir='ltr'>etc.</span> <span class='ocrx_word' id='word_1_286' title='bbox 1118 2412 1190 2463; x_wconf 79' lang='grc' dir='ltr'>τὰς</span> <span class='ocrx_word' id='word_1_287' title='bbox 1220 2412 1359 2461; x_wconf 84' lang='grc' dir='ltr'><strong><em>πόλεις</em></strong></span> <span class='ocrx_word' id='word_1_288' title='bbox 1385 2427 1489 2454; x_wconf 77' lang='grc' dir='ltr'><strong><em>σκυ-</em></strong></span> 
     </span>
     <span class='ocr_line' id='line_1_39' title="bbox 25 2466 1432 2528; baseline -0.004 -14"><span class='ocrx_word' id='word_1_289' title='bbox 25 2469 181 2514; x_wconf 73' lang='grc' dir='ltr'><strong><em>λεύειν.</em></strong></span> <span class='ocrx_word' id='word_1_290' title='bbox 210 2473 339 2515; x_wconf 81' lang='lat' dir='ltr'>Barb.</span> <span class='ocrx_word' id='word_1_291' title='bbox 367 2471 590 2527; x_wconf 80' lang='grc' dir='ltr'><em>Γερμανὸς</em></span> <span class='ocrx_word' id='word_1_292' title='bbox 618 2474 742 2514; x_wconf 68' lang='grc' dir='ltr'><em>τοῦτο</em></span> <span class='ocrx_word' id='word_1_293' title='bbox 773 2475 917 2528; x_wconf 81' lang='grc' dir='ltr'><strong><em>πολλῇ.</em></strong></span> <span class='ocrx_word' id='word_1_294' title='bbox 975 2474 1070 2526; x_wconf 81' lang='lat' dir='ltr'>ch.</span> <span class='ocrx_word' id='word_1_295' title='bbox 1096 2466 1231 2522; x_wconf 82' lang='grc' dir='ltr'><strong><em>ὅρκοις</em></strong></span> <span class='ocrx_word' id='word_1_296' title='bbox 1254 2485 1432 2525; x_wconf 80' lang='grc' dir='ltr'><strong><em>κατησφ.</em></strong></span> 
     </span>
    </p>

    <p class='ocr_par' dir='ltr' id='par_1_10' title="bbox 7 2542 1491 2827">
     <span class='ocr_line' id='line_1_40' title="bbox 141 2542 1489 2599; baseline -0.007 -12"><span class='ocrx_word' id='word_1_297' title='bbox 141 2542 242 2596; x_wconf 78' lang='grc'>402,</span> <span class='ocrx_word' id='word_1_298' title='bbox 272 2545 315 2592; x_wconf 80' lang='grc'>3.</span> <span class='ocrx_word' id='word_1_299' title='bbox 370 2543 411 2587; x_wconf 79' lang='grc' dir='ltr'>οἶ</span> <span class='ocrx_word' id='word_1_300' title='bbox 437 2547 483 2587; x_wconf 80' lang='grc' dir='ltr'>δὲ</span> <span class='ocrx_word' id='word_1_301' title='bbox 513 2543 730 2599; x_wconf 81' lang='grc' dir='ltr'><strong><em>βαρβαροί</em></strong></span> <span class='ocrx_word' id='word_1_302' title='bbox 754 2550 846 2591; x_wconf 79' lang='grc' dir='ltr'><strong><em>ταῖς</em></strong></span> <span class='ocrx_word' id='word_1_303' title='bbox 873 2543 1175 2596; x_wconf 77' lang='grc' dir='ltr'><strong><em>βαρβαρικαῖς]</em></strong></span> <span class='ocrx_word' id='word_1_304' title='bbox 1206 2542 1332 2596; x_wconf 84' lang='lat' dir='ltr'>plano</span> <span class='ocrx_word' id='word_1_305' title='bbox 1363 2555 1489 2582; x_wconf 83' lang='lat' dir='ltr'>erro..</span> 
     </span>
     <span class='ocr_line' id='line_1_41' title="bbox 27 2597 1491 2658; baseline -0.004 -15"><span class='ocrx_word' id='word_1_306' title='bbox 27 2615 75 2643; x_wconf 87' lang='lat' dir='ltr'>re</span> <span class='ocrx_word' id='word_1_307' title='bbox 105 2616 152 2642; x_wconf 86' lang='lat' dir='ltr'>ex</span> <span class='ocrx_word' id='word_1_308' title='bbox 182 2605 283 2658; x_wconf 84' lang='lat' dir='ltr'>Reg.</span> <span class='ocrx_word' id='word_1_309' title='bbox 318 2604 583 2657; x_wconf 81' lang='lat' dir='ltr'>exscriptum,</span> <span class='ocrx_word' id='word_1_310' title='bbox 614 2619 662 2643; x_wconf 86' lang='lat' dir='ltr'>ac</span> <span class='ocrx_word' id='word_1_311' title='bbox 699 2602 998 2642; x_wconf 80' lang='lat' dir='ltr'>emendandum</span> <span class='ocrx_word' id='word_1_312' title='bbox 1026 2604 1117 2646; x_wconf 82' lang='grc' dir='ltr'><strong><em>ταῖς</em></strong></span> <span class='ocrx_word' id='word_1_313' title='bbox 1141 2597 1411 2648; x_wconf 81' lang='grc' dir='ltr'><strong><em>Ῥωμαϊκαῖς,</em></strong></span> <span class='ocrx_word' id='word_1_314' title='bbox 1442 2603 1491 2638; x_wconf 84' lang='lat' dir='ltr'>ut</span> 
     </span>
     <span class='ocr_line' id='line_1_42' title="bbox 25 2655 1489 2713; baseline -0.003 -15"><span class='ocrx_word' id='word_1_315' title='bbox 25 2665 71 2698; x_wconf 88' lang='lat' dir='ltr'>et</span> <span class='ocrx_word' id='word_1_316' title='bbox 104 2658 204 2713; x_wconf 84' lang='lat' dir='ltr'>legit</span> <span class='ocrx_word' id='word_1_317' title='bbox 233 2663 373 2700; x_wconf 84' lang='lat' dir='ltr'>Anast.</span> <span class='ocrx_word' id='word_1_318' title='bbox 413 2661 579 2699; x_wconf 80' lang='lat' dir='ltr'>barbari</span> <span class='ocrx_word' id='word_1_319' title='bbox 605 2660 797 2699; x_wconf 82' lang='lat' dir='ltr'>Romanis</span> <span class='ocrx_word' id='word_1_320' title='bbox 842 2655 1143 2698; x_wconf 79' lang='lat' dir='ltr'>calamitatibus</span> <span class='ocrx_word' id='word_1_321' title='bbox 1168 2655 1489 2694; x_wconf 78' lang='lat' dir='ltr'>delectabantur.</span> 
     </span>
     <span class='ocr_line' id='line_1_43' title="bbox 27 2709 1490 2771; baseline -0.003 -17"><span class='ocrx_word' id='word_1_322' title='bbox 27 2714 231 2756; x_wconf 77' lang='lat' dir='ltr'>simocat.</span> <span class='ocrx_word' id='word_1_323' title='bbox 261 2731 432 2771; x_wconf 86' lang='lat' dir='ltr'>quoque</span> <span class='ocrx_word' id='word_1_324' title='bbox 461 2715 532 2755; x_wconf 86' lang='lat' dir='ltr'>lib.</span> <span class='ocrx_word' id='word_1_325' title='bbox 563 2714 589 2754; x_wconf 88' lang='lat'><strong>3</strong></span> <span class='ocrx_word' id='word_1_326' title='bbox 620 2730 658 2756; x_wconf 89' lang='lat' dir='ltr'>c.</span> <span class='ocrx_word' id='word_1_327' title='bbox 702 2712 748 2754; x_wconf 79' lang='grc' dir='ltr'>τὸ</span> <span class='ocrx_word' id='word_1_328' title='bbox 773 2714 820 2753; x_wconf 78' lang='grc' dir='ltr'>δὲ</span> <span class='ocrx_word' id='word_1_329' title='bbox 854 2709 1068 2762; x_wconf 81' lang='grc' dir='ltr'><strong><em>Περσικὸν</em></strong></span> <span class='ocrx_word' id='word_1_330' title='bbox 1090 2709 1348 2761; x_wconf 79' lang='grc' dir='ltr'><strong><em>Ῥωμαϊκαῖς</em></strong></span> <span class='ocrx_word' id='word_1_331' title='bbox 1377 2724 1490 2760; x_wconf 86' lang='grc' dir='ltr'>συμ-</span> 
     </span>
     <span class='ocr_line' id='line_1_44' title="bbox 7 2765 1489 2827; baseline -0.003 -16"><span class='ocrx_word' id='word_1_332' title='bbox 7 2775 181 2825; x_wconf 67' lang='grc' dir='ltr'>Δφοραῖς</span> <span class='ocrx_word' id='word_1_333' title='bbox 209 2771 443 2827; x_wconf 70' lang='grc' dir='ltr'><strong><em>ἐντρυφῶν,</em></strong></span> <span class='ocrx_word' id='word_1_334' title='bbox 473 2772 522 2827; x_wconf 81' lang='grc' dir='ltr'>τῇ</span> <span class='ocrx_word' id='word_1_335' title='bbox 545 2769 774 2823; x_wconf 63' lang='grc' dir='ltr'>ζΡιιιμιῑιιίον</span> <span class='ocrx_word' id='word_1_336' title='bbox 792 2769 979 2823; x_wconf 67' lang='grc' dir='ltr'>πολιτείᾳ</span> <span class='ocrx_word' id='word_1_337' title='bbox 1010 2768 1293 2822; x_wconf 74' lang='grc' dir='ltr'>περιεκέχυτο.</span> <span class='ocrx_word' id='word_1_338' title='bbox 1336 2765 1489 2807; x_wconf 78' lang='lat' dir='ltr'>Persae</span> 
     </span>
    </p>
   </div>
  </div>
 </body>
</html>
