1794 3250
252 170 349 216 280
456 170 738 215 ANASTASII
787 171 1049 216 HISTORIA
1096 169 1509 216 ECCLESIASTICA

248 301 324 341 per
352 289 656 342 Dargamerum
691 302 772 342 pro
801 301 905 341 pace
936 302 1076 328 rursus
1121 288 1172 328 ad
1205 287 1448 328 Michaelem
1482 286 1716 341 imperato-

247 359 335 384 rem
364 344 611 398 legationem
640 344 762 394 misit,
796 359 997 398 quaerens
1037 343 1205 385 foedera
1239 358 1346 399 quae
1372 343 1447 383 sub
1477 343 1716 384 Theodosio

244 401 537 442 Hadramitino
569 407 610 442 et
626 403 835 442 Germano
857 401 1094 455 patriarcha
1123 401 1372 455 repromissa
1403 401 1571 441 fuerant
1601 400 1712 439 Cor..

244 457 386 508 mesio,
418 458 491 512 qui
521 472 600 512 per
637 457 736 498 illud
777 463 938 511 tempus
970 458 1192 511 Vulgariae
1235 457 1425 497 dominus
1455 456 1712 507 habebatur,

246 528 353 567 quae
394 514 594 555 terminos
631 514 903 554 continebant
947 529 968 553 a
999 514 1196 554 Meleonis
1226 513 1559 564 Thracensibus,
1587 512 1713 553 vesti-

241 576 383 610 menta
416 584 587 625 quoque
613 584 686 611 seu
719 570 930 610 coccineas
958 570 1083 624 pelles
1129 585 1257 625 usque
1290 570 1340 610 ad
1373 570 1558 623 pretium
1587 569 1712 624 quin-

244 626 444 690 quaginta
489 627 693 668 librarum
723 628 837 677 auri,
870 633 911 666 et
952 641 1078 680 super
1119 627 1221 667 baec
1261 627 1463 681 profugos
1492 625 1711 680 utriusque

240 683 371 735 partis
404 682 456 723 ad
487 684 739 724 alterutium
770 682 900 734 reddi,
931 683 961 723 si
999 683 1237 737 contigisset
1267 697 1335 723 eos
1369 682 1554 722 insidiari
1582 696 1710 736 prae-

240 738 355 786 latis;
388 740 645 794 negotiantes
689 754 790 780 vero
819 739 859 779 in
893 747 1072 795 utraque
1102 740 1273 795 regione
1306 754 1384 794 per
1413 744 1640 793 praecepta
1670 743 1713 779 et

239 770 464 849 signacula„
487 796 797 839 commendaui:
837 796 867 836 si
911 797 984 851 qui
1027 811 1127 836 vero
1167 797 1253 836 sine
1294 795 1504 851 signaculo
1551 795 1712 836 inventi

236 853 422 902 fuissent,
452 851 740 907 dixiperentur
773 867 880 907 quae
909 853 1135 904 baberent,
1171 859 1212 893 et
1242 853 1505 893 inferrentur
1532 851 1713 906 publicis

236 909 487 949 rationibus.
562 909 727 963 scripsit
774 909 898 949 etiam
927 915 970 949 et
1002 883 1287 950 damnationes
1317 908 1370 948 ad
1397 909 1710 963 imperatorem,

237 965 313 1004 nisi
343 966 662 1006 acceleraveris’'
701 965 890 1019 inquiens
924 966 1005 1005 “ad
1035 981 1202 1019 pacem,
1231 964 1385 1006 iudicio
1416 971 1491 1005 tuo
1525 964 1710 1019 praelia-

235 1021 319 1061 bor
351 1029 503 1062 contra
533 1022 861 1062 Mesembriam.''
930 1022 990 1061 his
1015 1023 1226 1076 perceptis
1268 1023 1501 1075 imperator
1532 1036 1711 1077 nequam

236 1078 508 1118 consiliorum
548 1078 904 1119 admonitionibus
943 1094 1090 1132 pacem
1120 1079 1253 1119 minus
1281 1078 1459 1118 admisit.
1516 1077 1593 1119 sub
1628 1078 1709 1118 ob-

237 1140 359 1174 tentu
387 1134 497 1175 enim
525 1135 648 1175 salsae
679 1135 858 1189 pietatis,
891 1136 974 1174 imo
998 1134 1385 1188 indisciplinationis
1405 1140 1447 1175 et
1475 1133 1588 1174 circa
1619 1149 1709 1175 rem

235 1191 446 1244 publicam
480 1190 751 1244 perditionis,
795 1205 971 1245 nequam
1010 1192 1294 1232 consiliatores
1325 1190 1562 1232 asserebant
1591 1191 1708 1231 “non

103 1268 139 1304 p.
157 1256 224 1292 776
238 1253 410 1301 oportet
441 1247 618 1302 fugitivo
660 1247 883 1296 reddere,⁷'
924 1248 1189 1302 perhibentes
1220 1249 1262 1288 in
1293 1247 1578 1288 testimonium
1604 1246 1708 1288 illud

235 1304 517 1359 evangelicum
547 1304 704 1345 domini
735 1304 949 1358 eloquium
978 1304 1235 1359 perhibentis
1264 1307 1388 1345 “eum
1409 1303 1482 1360 qui
1512 1303 1628 1346 venit
1655 1303 1708 1344 ad

232 1374 324 1414 me,
368 1375 454 1401 non
500 1361 662 1401 eiiciam
699 1361 853 1401 foras.”
917 1362 1126 1402 mediante
1175 1376 1277 1402 vero
1325 1375 1462 1401 mense
1493 1360 1706 1402 Octobrio

232 1417 362 1457 aciem
394 1417 538 1471 dirigit
569 1419 775 1458 Crumnus
806 1423 952 1457 contra
975 1418 1264 1458 Mesembriam
1295 1418 1339 1457 in
1369 1416 1708 1463 machinamentis

233 1480 275 1513 et
305 1475 516 1527 manganis
548 1481 590 1514 et
622 1475 835 1524 arietibus,
868 1489 975 1528 quae
1003 1474 1231 1527 Nicephori
1263 1475 1507 1525 occasione,
1537 1473 1708 1514 destru-

232 1530 359 1570 ctoris
390 1530 555 1581 Christi,
588 1531 805 1572 didicerat.
874 1531 1004 1571 Arabs
1037 1531 1146 1571 enim
1174 1531 1341 1586 quidam
1374 1530 1426 1570 ad
1454 1530 1706 1584 baptismum

231 1594 460 1626 accesserat
479 1587 572 1626 satis
603 1602 746 1641 expers
763 1587 1025 1628 mechanicae
1050 1588 1163 1638 artis,
1192 1602 1315 1643 quem
1346 1602 1440 1626 cum
1457 1593 1591 1627 castra
1619 1602 1707 1628 me-

231 1648 338 1682 tatus
358 1649 483 1691 esset,
517 1644 557 1682 in
590 1644 898 1698 Hadrianopoli
924 1643 1160 1692 constituit;
1191 1644 1258 1684 cui
1290 1645 1448 1684 nullum
1477 1643 1707 1684 secundum

229 1699 426 1738 meritum
456 1699 650 1739 auxilium
696 1702 761 1741 vel
798 1702 1046 1741 beneficium
1077 1701 1322 1751 confelens,
1358 1701 1458 1756 quin
1492 1700 1632 1754 potius
1661 1705 1706 1741 et

235 1770 380 1808 rogam
420 1755 504 1796 eius
551 1756 819 1808 abbrevians,
862 1763 1195 1796 murmurantem
1237 1757 1356 1796 nimis
1401 1757 1570 1797 cecidit.
1629 1756 1703 1811 qui

230 1826 356 1865 super
385 1812 467 1852 hoe
493 1811 678 1853 tristatus
716 1814 822 1867 fugit
850 1813 902 1854 ad
932 1813 1160 1867 VulgareS,
1190 1818 1232 1852 et
1258 1813 1407 1853 docuit
1436 1827 1505 1853 eos
1537 1827 1704 1853 omnem

229 1869 423 1923 mangani
457 1874 603 1911 artem.
681 1869 722 1909 in
763 1870 825 1909 his
855 1870 1061 1918 insistens,
1092 1869 1256 1910 nemine
1287 1870 1341 1910 ob
1364 1869 1537 1909 multam
1565 1870 1704 1909 stulti..

230 1925 330 1964 tiam
361 1925 591 1976 resistente,
619 1939 699 1980 per
727 1933 865 1967 totum
894 1940 1075 1966 mensem
1115 1926 1227 1979 cepit
1255 1941 1358 1965 eam.
1416 1925 1599 1966 kalendis
1629 1941 1703 1966 au..

229 1986 312 2021 tem
334 1982 596 2022 Novembriis
641 1981 845 2022 advocato
885 1983 1120 2036 imperator
1159 1981 1413 2036 patriarcba,
1446 1997 1539 2022 cum
1569 1996 1703 2037 angu-

227 2038 439 2088 stiaretur,
470 2038 522 2079 de
554 2053 657 2091 pace
681 2040 898 2079 consilium
929 2039 1115 2093 sumpsit.
1173 2038 1346 2079 aderant
1372 2044 1511 2079 autem
1541 2044 1583 2079 et
1612 2054 1703 2079 me-

230 2094 503 2148 tlopolitani,
533 2096 736 2135 Nicaenus
778 2096 974 2136 videlicet
1013 2102 1054 2136 et
1086 2094 1310 2149 Cyzicenus
1345 2095 1543 2149 episcopi,
1573 2109 1700 2148 prae.-

227 2151 410 2190 sentibus
446 2165 617 2205 quoque
646 2152 783 2205 pravis
814 2152 1059 2192 consiliariis
1089 2166 1182 2192 cum
1209 2151 1439 2192 Theod01o
1468 2152 1702 2216 hegumeno

227 2206 376 2247 Studii.
438 2214 479 2248 et
509 2208 749 2260 patria1eba
793 2209 961 2263 quidem
997 2223 1045 2248 ac
1071 2208 1343 2262 metropolita
1374 2208 1576 2248 antistites
1605 2222 1702 2248 cum

228 2263 486 2318 imperatore
506 2277 653 2316 pacem
676 2264 1063 2318 amplectebantur:
1094 2264 1191 2304 mali
1216 2279 1319 2305 vero
1347 2264 1572 2305 consiliarii
1604 2279 1700 2304 cum

89 2335 126 2368 p.
146 2324 213 2358 717
226 2319 456 2360 Theodoro
494 2319 728 2375 hegumeno
759 2321 897 2361 Studii
940 2322 1049 2361 hanc
1081 2322 1396 2372 subvertebant,
1423 2323 1598 2362 fatentes
1628 2322 1697 2362 “in

225 2377 539 2418 subversionem
551 2352 698 2417 Ddivini
724 2378 910 2418 mandati
949 2393 1072 2418 nemo
1100 2392 1247 2432 pacem
1272 2378 1571 2432 amplectitur:
1603 2392 1699 2418 eum

227 2435 385 2510 quippe
413 2433 486 2488 qui
525 2434 656 2484 venit,
691 2434 830 2488 inquit
869 2435 1083 2484 dominus,
1118 2435 1171 2474 ad
1202 2449 1281 2486 me,
1316 2449 1400 2474 non
1435 2434 1595 2474 eiiciam
1628 2435 1698 2474 fo-

226 2494 329 2541 raS,”
360 2490 585 2530 nescientes
612 2505 746 2544 neque
782 2506 889 2545 quae
923 2490 1112 2530 ‹liceient
1154 2505 1289 2545 neque
1322 2491 1374 2531 de
1402 2491 1552 2546 quibus
1580 2490 1698 2531 affir-

224 2553 401 2595 maient,
430 2546 571 2600 primo
605 2546 774 2611 quidem
810 2547 1009 2601 quoniam
1040 2548 1203 2587 nemine
1245 2548 1297 2587 ad
1331 2562 1404 2588 nos
1436 2562 1483 2587 ex
1513 2548 1568 2587 eis
1592 2562 1693 2586 con..

224 2603 407 2656 fugiente
448 2617 519 2641 nos
549 2617 618 2643 eos
649 2602 722 2658 qui
754 2603 864 2643 intra
896 2609 1059 2643 cortem
1101 2609 1223 2644 erant
1251 2603 1526 2658 prodidimus,
1555 2602 1699 2642 valen-

225 2666 285 2698 tes
315 2660 387 2698 bos
419 2673 514 2698 cum
546 2674 649 2714 pace
677 2660 862 2700 salvare·
852 2690 863 2712 ,
892 2660 1075 2699 secundo
1105 2674 1207 2700 vero
1240 2660 1338 2715 quia
1366 2665 1409 2701 et
1440 2660 1473 2698 si
1499 2660 1698 2714 fugerunt

225 2716 312 2754 rari
344 2715 511 2769 quidam
544 2716 597 2756 ad
621 2730 707 2766 nos,
742 2730 822 2770 plo
845 2716 1101 2781 acquirenda
1133 2722 1271 2757 tamen
1299 2717 1490 2773 pluribus
1520 2721 1563 2756 et
1593 2729 1699 2755 con-

224 2772 451 2813 tiibulibus
481 2772 611 2814 salute
640 2772 865 2830 oportebat
897 2773 1035 2829 potius
1069 2773 1286 2816 decertare
1318 2788 1445 2830 quam
1475 2787 1599 2830 super
1633 2772 1697 2813 in-
