1728 3184
177 206 274 257 346
652 215 708 255 m
751 213 1128 255 ΤΗΕΟΡΗΑΝΕΜ

289 326 358 378 73,
394 327 458 368 15.
518 324 704 382 Μάρκον
731 325 804 369 τὸν
837 323 1073 380 ἁγιώτατον
1089 323 1295 381 μοναχόν]
1325 327 1514 368 Marcum
1548 329 1659 371 Are-

178 381 361 424 thasium
389 384 636 439 episcopum
664 385 763 426 diris
794 385 1008 439 suppliciis
1038 384 1183 425 luliani
1206 389 1400 439 tempore
1430 385 1661 440 probatum

179 442 396 489 celebrant
426 441 721 482 Theodoretus
767 447 811 482 et
838 443 1117 482 Sozomenus:
1148 441 1403 481 monachum
1439 442 1564 482 alium
1595 445 1661 482 lu-

179 498 278 538 liani
305 503 563 539 servatorem
601 499 803 553 ignorant
845 498 1066 539 historici:
1108 512 1238 552 quare
1268 498 1478 549 vitiosum,
1511 513 1660 541 errore

178 554 433 596 maculatum
463 561 505 596 et
534 555 729 596 mutilum
763 555 876 595 hunc
903 556 1041 595 locum
1075 569 1197 595 nemo
1229 568 1314 594 non
1345 555 1544 596 advertit.

290 637 358 688 75,
391 638 454 679 15.
513 638 666 696 ἑθνικῑῇ
696 634 789 679 ἔθει
835 636 1182 692 εὖχαριστὴριον]
1226 652 1272 679 ex
1318 637 1487 680 ethnico
1533 639 1664 694 igitur

179 709 300 736 more
329 695 475 747 fluxit,
528 696 601 751 qui
643 711 760 737 sacer
806 695 1021 746 creditur,
1063 701 1105 736 et
1134 697 1332 736 asseritur
1362 695 1590 751 imaginum
1619 698 1661 737 in

180 753 350 792 ecclesia
378 753 698 793 statuendarum
727 753 862 793 ritus?
921 752 977 792 ita
1007 752 1171 803 sentiet,
1214 753 1285 807 qui
1317 752 1368 793 de
1399 754 1523 793 sacris
1555 753 1663 792 ima-

180 809 344 864 ginibus
384 809 492 848 male
534 809 694 864 sapiet,
730 816 771 849 et
806 811 1071 850 Graecorum
1115 823 1241 863 supra
1273 809 1468 849 Latinum
1498 823 1661 850 morem

182 880 247 906 eas
275 865 556 906 excolentium
592 866 840 907 sententiam
883 865 1110 920 ignorabit.
1179 866 1237 905 illi
1267 872 1413 914 certe,
1450 865 1565 922 quod
1596 866 1662 907 vix

183 922 403 978 quisquam
434 921 628 973 advertit,
660 922 859 977 imagines
893 921 1040 961 colunt
1071 921 1220 976 pictas,
1253 936 1348 962 cum
1382 922 1463 962 levi
1497 930 1663 963 tantum

183 979 435 1019 lineamento
465 978 744 1030 adumbratas,
781 977 889 1018 addo
923 978 1047 1018 etiam
1084 984 1320 1019 toreumate
1345 977 1459 1018 fictas
1488 979 1668 1033 suspici..

187 1041 264 1075 unt
292 1041 334 1076 et
372 1035 696 1086 deosculantur3
739 1041 894 1075 statuas
939 1049 988 1074 ex
1023 1049 1262 1085 marmore,
1310 1035 1509 1087 metallo,
1539 1036 1668 1090 ligno,

182 1097 306 1146 parte
333 1106 381 1132 ex
414 1092 527 1131 omni
558 1091 737 1146 sculptas
765 1091 1066 1132 abominantur
1095 1097 1137 1130 et
1167 1097 1424 1145 conspuunt.
1456 1092 1664 1132 rationem

185 1149 372 1204 exquire,
405 1144 562 1188 εἴδωλα
591 1155 710 1200 sunt,
749 1147 863 1188 haud
891 1143 1062 1198 εἰκόνες,
1095 1147 1306 1202 inquiunt.
1366 1148 1539 1203 antiqua
1570 1163 1666 1188 mo-

185 1212 384 1245 numenta
412 1205 606 1254 revolve,
647 1219 809 1245 sacram
839 1203 1059 1244 historiam
1091 1204 1265 1255 discute,
1296 1205 1505 1259 perlustra
1537 1205 1665 1260 quid..

185 1261 287 1316 quid
320 1261 371 1302 de
401 1261 648 1315 imaginibus
689 1268 731 1302 et
759 1276 905 1302 earum
939 1261 1056 1300 cultu
1086 1266 1227 1315 patres
1256 1262 1515 1315 scripserunt
1542 1262 1665 1316 prio-

186 1332 275 1366 res;
307 1318 504 1372 imagines
537 1334 559 1357 a
589 1325 837 1372 contemptu
881 1331 1026 1358 cernes
1056 1318 1108 1358 ab
1149 1317 1204 1358 eis
1233 1317 1464 1358 vindicatas
1498 1317 1669 1358 adorari

187 1375 322 1425 iussas,
358 1371 615 1429 ζωγράφους
655 1373 967 1415 commendatos
987 1405 998 1425 ‚
1043 1369 1303 1426 ἀνδριάντας
1332 1380 1374 1415 et
1400 1373 1526 1424 ξόανα
1556 1375 1667 1414 inter

186 1446 251 1471 res
283 1430 551 1486 prophanas3
595 1436 638 1472 et
672 1426 865 1479 εἰδώλοις
907 1445 1033 1486 quam
1074 1431 1210 1471 vicina
1236 1431 1392 1486 absque
1422 1432 1539 1472 cultu
1570 1430 1672 1471 reli-

187 1493 267 1527 cta.
326 1488 508 1527 referam
543 1487 659 1544 quod
688 1494 882 1542 expertus
909 1502 1016 1528 sum.
1084 1487 1141 1528 ita
1170 1503 1238 1528 me
1269 1487 1368 1528 deus
1396 1488 1576 1538 adiuvet,
1608 1487 1668 1527 al-

187 1544 293 1584 latae
319 1557 367 1584 ex
397 1543 546 1584 Occid.
579 1545 620 1584 in
652 1544 818 1595 Chium,
846 1544 919 1584 ubi
951 1543 1152 1598 degebam
1171 1551 1415 1584 sanctorum
1446 1543 1671 1598 exsculpta,

186 1601 272 1641 sive
304 1599 485 1654 scapello
516 1600 651 1641 efficta
684 1602 847 1655 capita:
877 1601 938 1641 sin
972 1601 1212 1642 adorationi
1244 1601 1393 1653 minus,
1423 1602 1569 1642 saltem
1599 1601 1670 1654 pio

187 1656 430 1711 devotoque
458 1658 699 1711 spectaculo
731 1659 905 1698 fuerunt
936 1658 1134 1711 exposita.
1193 1658 1334 1697 cuncti
1363 1657 1485 1698 simul
1518 1657 1676 1698 exhor-

189 1727 315 1754 ruere
347 1714 499 1754 Graeci
528 1714 693 1768 pariter
722 1720 765 1754 et
783 1714 936 1764 Latini,
973 1720 1015 1753 et
1047 1729 1123 1754 ore
1154 1728 1239 1753 uno
1270 1713 1516 1764 exclamare,
1545 1715 1674 1753 simu-

188 1770 336 1810 lachra
361 1770 558 1822 gencium,
588 1780 661 1811 etc.
691 1784 735 1810 os
764 1771 930 1821 habent,
961 1779 1034 1810 etc.
1065 1785 1249 1824 quorum
1284 1770 1387 1810 haec
1419 1771 1565 1810 effata?
1599 1783 1671 1809 eo-

190 1840 286 1866 rum
318 1840 415 1866 sane
451 1840 635 1880 quorum
669 1841 766 1882 erga
795 1826 928 1881 pictas
960 1827 1159 1881 imagines
1189 1826 1324 1867 cultus
1353 1842 1375 1867 a
1403 1825 1675 1881 pontificibus

190 1882 333 1939 potius
365 1881 664 1934 moderandus,
701 1884 806 1924 adeo
840 1884 964 1938 viget,
995 1882 1100 1923 adeo
1135 1898 1331 1935 summus,
1362 1890 1410 1923 ut
1440 1884 1538 1923 fines
1564 1896 1672 1936 pcne

189 1938 595 1994 praetergrediatur,
625 1955 750 1995 quam
781 1939 1019 1980 excitandus
1049 1939 1243 1980 habetur.
1303 1939 1404 1996 quid
1439 1940 1569 1995 igitur
1598 1939 1678 1977 mi·-

192 2011 301 2045 rum,
331 1995 364 2036 si
395 1995 547 2036 mulier
577 1996 753 2051 gentilis,
782 1996 1001 2050 gentilium
1041 1995 1279 2051 praecipuis
1309 1997 1425 2047 viris,
1457 1994 1677 2049 euergetis,

192 2059 236 2094 et
263 2051 526 2106 principibus
557 2059 713 2093 statuas
744 2053 908 2107 erigere
937 2051 1159 2092 solitorum
1181 2054 1370 2093 moribus
1403 2058 1575 2102 assueta,
1606 2052 1676 2091 su..-

192 2123 279 2149 sam
311 2123 357 2149 ex
391 2123 488 2148 aere
517 2108 672 2149 Christi
713 2115 905 2160 statuam,
939 2109 978 2148 in
1012 2109 1104 2149 loco
1134 2109 1331 2163 publico,
1361 2110 1426 2149 via
1459 2110 1671 2157 nimirum,

193 2164 259 2206 vel
289 2163 341 2204 ad
368 2164 529 2205 fontem
555 2165 747 2206 statuisse
777 2164 930 2220 ἐθνικῷ
958 2161 1051 2205 ἔθει
1084 2165 1249 2206 dicatur
1279 2182 1301 2206 a
1325 2166 1585 2220 Theophane
1613 2179 1678 2204 sa-

196 2235 368 2263 crarum
400 2220 628 2276 imaginum
667 2221 964 2263 studiosissimo
1007 2228 1239 2273 assertore,
1270 2231 1311 2263 et
1339 2238 1421 2277 pro
1452 2221 1678 2276 imaginum

196 2277 377 2318 tutando
411 2292 564 2319 nomen
606 2278 706 2319 olim
740 2278 987 2319 confessoris
1016 2277 1168 2334 adepto
1188 2311 1198 2330 ‚
1232 2280 1303 2334 qui
1333 2275 1462 2333 pictas
1495 2277 1682 2318 admittit

198 2342 240 2376 et
273 2333 448 2375 caelatas
478 2335 690 2392 imagineS‚
719 2336 824 2376 fusas
855 2342 897 2375 ct
917 2336 1098 2390 sculptas
1128 2350 1210 2391 pro
1242 2336 1374 2392 gentis
1403 2351 1500 2376 suae
1527 2340 1684 2384 mente,

198 2391 419 2448 gentilibus
440 2391 735 2447 relinquendas
769 2392 998 2432 existimat?

311 2464 378 2516 77,
413 2463 476 2505 16.
534 2464 618 2506 τῶν
649 2464 696 2506 δὲ
736 2462 1077 2519 ἀποσταλέντων]
1111 2465 1345 2505 correctius
1377 2464 1445 2504 hic
1475 2463 1581 2518 lego.
1642 2457 1683 2501 οἳ

200 2520 247 2562 δὲ
276 2520 577 2569 ἀποσταλέντες
605 2518 784 2575 κόμητες
814 2516 892 2561 δύο
923 2521 1059 2573 Φῆλιξ
1090 2522 1164 2561 καί
1189 2518 1418 2568 Ἰουλιανὸς
1449 2515 1687 2560 ἀποστάται

200 2575 356 2630 ἔλεγον.
418 2593 463 2618 ex
506 2578 783 2618 ‘theodoreto
828 2577 897 2617 lib.
929 2575 955 2616 3
996 2593 1086 2631 cap.
1120 2578 1183 2618 11.
1245 2579 1296 2618 de
1338 2578 1558 2618 comitibus
1602 2574 1685 2615 istis

203 2643 353 2676 auctor
384 2634 723 2676 dissertationum
754 2635 794 2674 in
825 2634 1158 2689 Philostorgium
1186 2634 1328 2686 Photij
1358 2649 1453 2688 pag.
1477 2631 1572 2673 298.

313 2707 381 2759 78,
411 2707 452 2749 6.
511 2704 649 2764 τούτῳ
687 2707 747 2763 τῴ
789 2703 875 2747 ἔτει
919 2706 1029 2755 τινὲς
1061 2704 1355 2761 ἠπατήθησαν]
1390 2705 1584 2746 historias
1616 2718 1688 2758 ge-

204 2769 350 2818 staque
377 2772 530 2806 cuncta
559 2765 849 2819 superioribus
880 2763 994 2803 annis
1023 2763 1186 2805 duobus
1219 2763 1399 2818 ascripta
1431 2778 1476 2804 ex
1495 2762 1687 2808 Socrate,

204 2820 508 2873 Theodoreto,
547 2823 809 2872 Sozomeno,
839 2826 881 2861 et
912 2821 1066 2861 Rufino
1100 2821 1224 2862 fidem
1254 2819 1407 2865 mereri
1441 2820 1575 2860 nullus
1605 2815 1687 2856 du-
