1728 3184
222 158 320 204 632
722 162 798 212 AD
838 160 1215 204 THEOPHANEM

223 286 331 317 runt.
389 276 447 315 sie
481 291 630 330 nempe
656 277 819 318 emend
810 283 877 318 ite
911 279 1012 332 Rog.
1054 283 1102 317 ut
1143 290 1240 316 cum
1280 276 1548 331 imperatoris
1579 278 1701 319 tltulo

223 334 348 374 etiam
382 333 608 388 Philippici
639 334 808 374 nomine
840 340 984 374 auctus
1024 333 1089 373 sit.
1117 330 1368 387 ὀφείλοντας
1395 332 1701 388 ἀποκατασθῆ-

223 403 308 431 ναι.
368 390 527 429 tradi'czs
554 391 612 430 eis
643 391 822 442 Tudono,
851 400 890 431 ec
907 391 1043 441 Zoilo,
1072 390 1143 446 qui
1164 390 1352 445 priorem
1369 389 1624 444 dignitatem,
1652 407 1702 430 ac

221 446 622 487 administraczonem
637 447 825 487 deberent
850 449 1056 502 recipere.-
1087 452 1134 486 ut
1158 445 1346 486 scilicet'
1336 461 1375 485 m
1410 462 1502 486 eum
1530 447 1704 488 modum

221 503 419 558 Chagano
461 503 582 544 fieret
609 503 728 554 satis,
761 504 876 543 cuius
917 503 975 542 illi
1005 502 1148 542 vicarii
1179 508 1312 543 essent
1345 502 1591 544 Cherso'nae.

311 535 541 621 058O,10.
599 570 651 626 τῇ
690 569 736 610 δὲ
775 568 996 621 ἑπαυριον]
1042 569 1190 636 mnlila
1224 569 1353 619 haec,
1384 585 1430 611 ex
1460 572 1501 614 S.
1532 571 1704 625 Nicepln.

228 627 391 667 emend.
422 613 637 679 Γεωργιον
665 625 810 678 μόνον,
838 625 909 667 καί
935 623 1035 674 τούς
1065 641 1143 667 συν
1173 626 1292 682 αὐτῷ
1321 621 1533 679 ἄρχοντας
1566 626 1702 668 εισελ.

220 685 327 724 θεῖν.
364 683 606 738 Georgium
650 683 801 734 solum,
828 698 915 723 cam
939 684 1187 752 primoribus
1227 697 1324 749 quos
1356 698 1486 723 secum
1514 684 1703 724 adduxe-

219 749 291 781 rat
317 742 362 782 in
392 741 526 780 urbem
556 740 715 793 ingredi
736 748 927 791 annuunt,
971 737 1087 786 ἐντὸς
1112 739 1192 805 τῆς
1225 736 1407 786 πόλεωςε
1438 754 1538 791 non,
1565 741 1610 780 in
1639 741 1701 779 lo-

220 812 308 837 cum
335 796 522 836 consilii:
550 797 753 835 absonum
790 795 887 835 hoc.
949 795 1009 843 εἰς
1050 791 1190 849 δογήν.
1230 795 1354 849 plane
1398 794 1543 848 δοχήν.
1588 795 1704 836 velut

221 853 389 893 funebri
424 852 550 906 epulo
593 853 812 892 tribunum
843 851 927 904 illi,
969 866 1066 892 cum
1092 853 1351 893 necantibus
1381 853 1581 894 militibus
1611 867 1704 892 ma-

221 915 403 951 ctarunt.

333 975 429 1026 581,
462 974 501 1016 8
560 973 806 1029 ἐκδαφίσαι.
845 971 1056 1027 Σύαγρον]
1085 974 1186 1030 Reg.
1219 981 1299 1019 etc.
1350 968 1355 978 ’

334 1042 430 1093 583,
453 1042 492 1085 5
552 1042 624 1082 ἐπί
668 1042 725 1081 w'i
770 1036 858 1082 α’νω
888 1041 970 1081 τῶν
1007 1039 1284 1097 Καλλινίκης]
1330 1043 1429 1098 Reg.
1476 1042 1702 1109 simplicius

220 1100 344 1140 Cedr.
377 1099 420 1139 ἐν
449 1098 506 1154 τῶ
535 1098 610 1149 τῆς
646 1099 905 1152 Καλὶινίκης
932 1098 1223 1151 παραπορτιω.
1256 1100 1299 1138 S.
1334 1099 1506 1154 Niceph.
1537 1099 1597 1148 εἰς
1624 1097 1702 1152 τὴν

219 1138 491 1222 καλουμέιην
512 1154 598 1194 τῶν
629 1153 913 1194 Καὶλινίκων·
945 1168 1049 1208 quos
1071 1155 1264 1195 Petavius
1292 1153 1347 1196 40
1380 1163 1586 1212 mmtyres
1617 1157 1706 1198 exi-

218 1213 378 1261 stimat3
407 1213 550 1266 sicque
581 1211 680 1250 velit
710 1211 751 1250 in
772 1211 1032 1265 Theophane
1062 1211 1341 1252 emendatum.

334 1275 431 1329 584,
462 1278 503 1319 9.
561 1279 765 1319 συνέθετο
795 1278 913 1335 αὐτῷ
941 1281 1042 1331 μεθ’
1071 1273 1225 1335 ορκων]
1254 1281 1354 1335 Reg.
1385 1286 1463 1325 etc.

330 1346 427 1399 585,
452 1345 493 1387 5.
549 1341 633 1386 ὑπὸ
665 1345 749 1386 τῶν
774 1319 1239 1400 προβιεβασιλευκότων.

330 1415 443 1456 Ibid.
479 1417 546 1458 11.
602 1410 824 1467 ἐξωθὴσας
853 1415 928 1468 τῆς
950 1414 1183 1468 ἐκκλησίας,
1215 1413 1426 1471 Ἰωάννην]
1457 1417 1558 1472 Reg.
1590 1423 1673 1458 etc.

330 1482 439 1526 Ibid
472 1484 537 1526 16.
595 1481 667 1534 τῆς
708 1475 868 1521 ἑαυτοῦ
907 1482 984 1536 γῆς
1029 1479 1262 1538 α’πελάσας]
1306 1484 1409 1538 Reg.
1453 1485 1579 1539 Peyr.
1623 1490 1702 1525 etc.

216 1540 437 1582 Armenios
465 1540 517 1579 de
549 1548 661 1578 terra
692 1552 763 1578 sua
785 1538 956 1603 pellens.
1027 1540 1115 1594 ipse
1157 1555 1308 1595 nempe
1347 1540 1607 1595 Philippicus
1656 1555 1702 1580 ex

217 1596 414 1636 Armenia
451 1595 685 1643 oriundum
715 1601 762 1635 ut
791 1596 904 1636 intra
924 1595 1055 1651 ipsam
1077 1598 1319 1638 Armeniam
1349 1613 1431 1653 qua
1460 1599 1541 1638 late
1568 1603 1703 1652 patet,

219 1651 333 1694 sedes
362 1658 528 1693 mutare
555 1652 754 1705 coegerit.

330 1718 429 1773 586,
456 1719 496 1761 7.
544 1720 664 1778 ΚΠ
709 1714 868 1771 θρόνον
906 1719 1200 1775 κατασχόντα,
1241 1718 1468 1762 ἐπίσκοπον
1507 1717 1554 1763 τό
1588 1736 1705 1777 τηνι-

219 1777 368 1817 καῦτα.

339 1843 450 1885 Ibzssd
484 1845 549 1887 17.
606 1842 770 1897 γάμους
794 1857 838 1885 τε
869 1843 1106 1899 ἑνουσιόυς]
1137 1844 1235 1898 Reg.
1270 1850 1349 1885 etc.

331 1909 663 1964 587,11.και“
690 1908 934 1953 λούσασθαι
964 1911 1025 1958 εἰς
1055 1910 1128 1967 τό]
1159 1914 1263 1966 Reg.
1300 1918 1380 1953 etc.

333 1977 430 2029 588,
478 1977 515 2017 1.
588 1974 634 2018 τὸ
673 1975 949 2045 ὄρνατούριον
988 1978 1069 2020 τῶν
1111 1980 1365 2033 Πρασίνων]
1409 1980 1530 2023 Cedr.
1561 1979 1706 2035 ἅρμα-

221 2031 387 2087 τώριον.
446 2035 531 2089 ipsa
573 2049 721 2074 eoium
753 2031 904 2089 βάθρα
949 2036 991 2076 in
1021 2036 1166 2087 circo,
1207 2036 1291 2077 sive
1328 2036 1607 2079 domunculae
1652 2040 1707 2080 ad

223 2104 372 2131 eorum
401 2104 521 2131 usum
552 2091 611 2131 illi
640 2093 875 2133 adiunctae.
933 2093 992 2133 sic
1022 2094 1064 2132 S.
1093 2093 1264 2147 Niceph.
1298 2109 1387 2133 rem
1416 2094 1458 2133 in
1486 2095 1601 2134 circo
1632 2110 1706 2150 ge-

222 2153 325 2187 stam
357 2153 516 2188 narrat.
573 2146 814 2202 ἐξανίστησι
851 2149 929 2188 τοῦ
954 2145 1103 2203 ν’πνου,
1142 2165 1211 2190 και
1244 2146 1347 2202 πρὸς
1375 2146 1449 2191 τὸν
1476 2151 1552 2191 τοῦ
1578 2147 1707 2191 ἱππο-

225 2202 404 2257 δρομίου
441 2201 582 2256 ἐξάγει
619 2218 776 2258 χωρον.
841 2207 998 2246 eoecitat
1023 2222 1045 2245 e
1071 2220 1237 2258 somno,
1265 2207 1384 2263 inque
1426 2207 1539 2248 Circi
1567 2209 1704 2248 locum

224 2261 472 2302 enecandum
493 2260 637 2302 educit.

336 2329 449 2370 Ibid.
484 2331 551 2374 13.
607 2343 693 2370 των
723 2328 769 2370 δὲ
799 2327 1019 2383 Ἀράβων.

336 2397 445 2440 Ibid.
477 2400 543 2442 18.
599 2396 700 2451 περί
727 2397 802 2451 τῆς
836 2394 942 2438 κατὰ
967 2394 1224 2448 Ῥωμανίαν]
1254 2400 1358 2453 Reg.
1391 2404 1469 2440 etc.
1515 2405 1611 2440 ante
1639 2393 1705 2439 ὅτι

226 2453 402 2501 ἕκαστος
431 2453 545 2494 deest
590 2454 747 2509 aliquid
789 2469 835 2494 ex
865 2457 1003 2498 Anast.
1044 2463 1085 2495 et
1125 2456 1167 2495 S.
1203 2456 1378 2509 Nicepli.
1411 2456 1546 2510 suppl.
1592 2455 1705 2510 apud

228 2524 332 2564 quos
365 2510 520 2551 isthaec
551 2525 599 2551 ex
631 2525 809 2565 persona
844 2512 1017 2552 Αιῖειῃίἰ
1052 2513 1271 2565 leguntur,
1301 2512 1354 2551 ita
1387 2513 1704 2568 piaecipientis,

230 2567 373 2606 audito
407 2573 528 2607 tanto
558 2568 629 2608 illo
662 2569 972 2608 Saracenorum
1003 2574 1225 2622 appaxatu.

341 2632 440 2685 590,
473 2638 537 2680 12
595 2633 848 2688 προεβάλετο
877 2632 1131 2689 στρατηγόν]
1162 2637 1262 2690 Reg.
1291 2640 1371 2675 etc

339 2700 438 2753 591,
467 2702 505 2744 9.
562 2700 815 2756 βιασάμενοι
844 2703 923 2743 τοῦ
962 2703 1235 2760 βασιλεῦσαι]
1269 2703 1392 2743 Bar-b.
1421 2711 1597 2757 cogentes
1625 2702 1704 2743 im-

231 2759 387 2799 nerium
415 2774 630 2816 capessere.
