1728 3184
673 187 876 228 NOTAE.
1400 186 1428 230 5
1437 187 1457 228 1
1469 185 1495 228 7

151 299 248 352 587,
268 301 319 344 2.
373 298 452 352 τὴν
482 299 700 352 ,Μισθίαη
730 301 787 340 ita
814 301 1010 356 profecto
1038 301 1265 357 legendum,
1289 303 1499 357 Μηδείας,

48 358 198 400 vitiata
221 356 333 413 apud
362 355 649 412 Nicephorum
687 358 811 397 lectio
843 357 1085 398 reiicienda.
1141 357 1248 409 μετὰ
1276 359 1323 398 δὲ
1350 359 1499 410 ταῦτα,

47 414 259 456 recensitis
289 413 489 455 nimirum
516 413 740 467 Bulgaricis
779 414 1023 463 incursibus,
1077 413 1151 454 καί
1175 412 1222 453 τὸ
1248 414 1333 455 τῶν
1358 415 1499 466 Σαρα-

41 469 178 524 κηνῶν
203 465 331 517 ἔθνος
354 469 439 509 τῶν
457 462 682 515 εΡωμαίων
712 469 912 508 κατέθεον
939 465 1108 521 χώραν·
1146 470 1220 509 καί
1244 466 1295 510 τα
1322 472 1499 510 πλεῖστα

39 525 150 580 μέρη
179 524 482 577 διατρέχοντες,
511 526 710 577 πλείστην
749 521 854 578 ὅσην
887 522 1051 578 βλάβην
1092 523 1327 576 ἀνθρώπων
1353 538 1396 565 τε
1430 523 1503 564 καί

41 581 199 636 κτηνόν
227 581 469 622 ἐποιοῦντο·
536 577 613 634 τήν
654 594 699 620 τε
739 580 938 634 ΙΙῚηδείαν
984 578 1057 619 καί
1099 577 1219 629 ἕτερα
1263 581 1499 630 πολίσματα

40 634 539 688 συμπαραλαμβάνουσι·
566 650 570 653 ·
611 636 816 677 Misthiam
847 638 1082 692 Lycaoniae
1123 637 1267 676 urbem
1299 651 1346 676 ex
1370 637 1498 676 Orte..

41 693 100 734 lio
129 692 258 736 dubie
285 692 500 748 loquente,
530 700 649 733 certo
683 693 893 734 coniicies.

98 794 104 798 ·
157 771 281 815 Ibid..
312 770 376 811 13.
406 769 450 811 ἒν
477 770 525 811 δὲ
553 771 610 827 τῷ
636 769 955 825 μεσημβρίζειν]
985 770 1254 825 Nicephorus.
1286 770 1346 816 εἰς
1372 764 1501 808 ὕπνον

42 824 150 869 notri
178 824 255 869 τὸν
279 825 571 880 μεσημβρινὸν
597 830 666 880 τῆς
695 823 854 879 ἡμέρας
881 824 1032 878 καιρὸν
1065 823 1278 880 ἐτράπετο.

104 888 106 891 V
151 893 257 935 Ibt‘d.
277 893 342 934 15.
401 892 735 945 πρωτοσῐράτωρ
751 891 1050 944 τοῧὈψικίου]
1080 894 1241 934 comitis
1272 892 1375 931 iilius
1408 891 1502 931 the..

41 948 159 989 matis
186 955 413 991 stratorem
438 951 622 1005 primum
651 951 851 1005 concipe:
891 948 1112 1004 ὑπηρετῶν
1138 963 1233 989 τινα
1261 949 1401 1003 posuit
1427 949 1503 988 Ni-

42 1005 265 1061 ecphorus.

156 1074 266 1129 [bid.
300 1073 365 1115 17.
419 1073 625 1125 ταξατῶν]
656 1074 939 1128 Nicephorus‚
969 1072 1252 1126 στριιτιῶτων.

154 1150 250 1203 588,
281 1151 317 1192 1.
373 1151 435 1198 εἰς
462 1148 508 1191 τὸ
534 1148 807 1204 ὄρνατοιὶριον
838 1151 921 1191 τῶν
949 1148 1196 1204 Πρασιί·ων]
1230 1150 1423 1202 miscella,
1445 1149 1505 1189 ad

42 1209 263 1248 amtor-ium
301 1207 590 1249 Prasinorum.
659 1207 892 1257 cedrenus,
935 1206 995 1252 εἰς·
1037 1203 1085 1246 τὸ
1125 1205 1392 1256 ἁρματιόριον
1418 1205 1503 1246 τῶν

43 1265 294 1318 Πρασίνων,
324 1264 388 1304 ad
414 1263 677 1304 Pmsinorum
715 1265 996 1303 armatorizmz.
1037 1258 1211 1313 ἅρματα
1241 1275 1341 1302 vero
1369 1261 1499 1306 dictio

43 1333 141 1360 cum
170 1334 319 1361 currus
336 1326 426 1360 tum
452 1335 581 1370 arma,
611 1320 712 1360 haec
741 1320 991 1369 recentiore,
1023 1319 1113 1358 ilios
1146 1319 1315 1372 antiqua
1344 1317 1501 1372 signifi-

43 1375 165 1417 candi
195 1376 496 1417 consuetudine
525 1378 709 1426 referat3
741 1377 882 1415 locum
912 1389 996 1430 quo
1030 1375 1299 1415 prasinorum
1330 1372 1503 1428 quadri-

43 1448 132 1501 ἔξω,
163 1433 231 1473 vel
249 1447 376 1474 ‘arma
402 1438 445 1472 et
472 1439 717 1473 ornamenta
750 1432 802 1471 ad
815 1434 1023 1472 Circenses
1053 1445 1201 1484 agones
1230 1430 1501 1484 parabantur,

42 1489 327 1542 αρματοίριον,
355 1488 420 1529 vel
448 1483 723 1540 ὄρνατούριον
754 1488 970 1528 iudicabit.

156 1555 273 1599 lbid.
306 1553 347 1596 4.
405 1551 428 1595 ὅ
458 1555 843 1608 πρωτοασηκρῆτις]
871 1554 1148 1608 Nicephorus,
1178 1548 1507 1604 ἀναγορεύουσιν

43 1611 113 1660 εἶς’
132 1611 311 1665 βασιλέα
333 1610 557 1663 Ἀρτέμιον
604 1612 865 1650 Φιλιππικοῦ
904 1611 944 1652 Γ
942 1611 1165 1664 ραμματέα
1182 1644 1193 1664 ,
1223 1607 1297 1657 οὓς
1325 1608 1376 1662 τῇ
1401 1607 1505 1648 Ἰτα-

43 1669 130 1709 λῶν
156 1669 277 1724 φωνῇ
302 1668 503 1709 καλοῦσιν
543 1666 783 1719 ἀσηκρῆι-ις.

154 1734 250 1788 589,
279 1737 318 1777 5.
374 1734 711 1786 τοξοβολίστρας,
741 1730 814 1773 καί
839 1734 1068 1787 τεραραίας
1096 1732 1155 1780 εἰς
1185 1728 1282 1779 τούς
1308 1726 1504 1782 πύργους,

44 1791 120 1832 καί
142 1788 420 1847 μαγγανικά]
451 1792 635 1845 primum
675 1790 846 1830 historia
891 1790 1066 1830 miscella
1102 1788 1264 1837 reddit,
1297 1786 1504 1827 arcobali-

40 1855 135 1898 stas,
162 1849 332 1890 secundi
365 1848 458 1888 vice
498 1847 699 1888 Meursius
743 1851 971 1899 πετραρεΐα
990 1877 1000 1894 ,
1031 1847 1118 1887 sive
1143 1842 1376 1896 πετραρέας
1404 1856 1504 1895 sup—

41 1905 190 1959 ponit:
240 1904 414 1945 tertium
455 1904 714 1958 Nicephorus
755 1904 954 1958 exponit,
1003 1897 1294 1955 πολεμητὴρια
1324 1894 1503 1952 ὄργανα·

42 1961 93 2002 de
123 1961 293 2016 reliquis
326 1960 434 2001 idem
464 1960 753 2003 consulendus.

149 2033 259 2075 Ibid.
286 2033 327 2074 8.
393 2030 542 2085 αἳρεῖα]
587 2032 881 2086 Moschopulus
921 2031 1032 2086 apud
1075 2030 1316 2078 Meursium,
1343 2021 1503 2079 ὦρεῖον,

38 2085 86 2129 τὰ
115 2089 389 2143 σιτοδοχεῖον,
415 2091 614 2130 horreum.
645 2089 853 2130 consentit
878 2088 1070 2130 miscella.

150 2162 259 2202 Ibid.
294 2161 357 2202 13.
414 2161 473 2216 τῷ
503 2162 543 2202 δ’
564 2159 680 2218 αὐτῷ
700 2162 883 2218 δευτέρῳ
912 2157 996 2201 ἔτει
1022 2159 1094 2213 τῆς
1119 2157 1336 2211 βασιλείας
1358 2154 1503 2206 Ἀρτε-

36 2218 155 2269 μίου]
189 2218 229 2258 in
261 2234 415 2259 annum
445 2219 616 2258 Artemii
643 2220 839 2271 primum,
869 2232 1048 2272 eumque
1079 2218 1290 2256 ineuntem
1318 2217 1501 2250 tantum-

38 2275 167 2314 modo
196 2277 395 2315 Germani
432 2275 473 2313 in
505 2275 707 2315 thronum
746 2276 830 2314 CP.
874 2274 1186 2314 translationem
1217 2267 1500 2323 reponendam

37 2338 254 2385 sequentes
283 2333 465 2372 rationes
515 2333 685 2371 docent.
762 2331 803 2371 1.
844 2346 952 2370 anno
982 2330 1127 2370 Leonis
1167 2327 1328 2366 decimo
1359 2323 1500 2372 tertio,

40 2387 269 2429 indictione
301 2387 373 2439 13,
403 2392 500 2441 post
541 2403 670 2428 annos
712 2388 979 2441 pontificatus
1012 2382 1355 2440 quatuordecim,
1388 2393 1504 2441 men-

37 2459 98 2486 ses
126 2444 342 2500 quinque,
373 2450 416 2484 et
445 2444 530 2483 dies
566 2450 669 2493 tres,
701 2447 954 2484 Germanum
998 2443 1095 2482 sede
1133 2438 1345 2492 depulsum
1366 2435 1503 2474 verbis

39 2505 168 2556 qnam
197 2502 351 2555 apertis
383 2500 568 2540 declarat
595 2500 872 2554 Theophanes
902 2499 955 2539 ad
987 2514 1139 2538 annum
1168 2494 1314 2535 Leonis
1340 2491 1504 2546 praefa-

40 2563 160 2608 tum,
197 2565 241 2598 et
288 2572 334 2598 ex
380 2571 430 2597 eo
469 2556 702 2596 Anastasius
743 2557 892 2596 babet:
935 2569 1091 2594 summo
1132 2551 1361 2591 sacerdotio
1387 2548 1503 2609 sun-

38 2623 122 2654 ctus
163 2618 255 2662 (est
293 2615 554 2664 Germanus)
593 2615 709 2652 annis
757 2610 828 2663 14,
874 2626 1021 2652 menses
1057 2610 1107 2659 5,
1145 2607 1288 2647 diebus
1313 2603 1363 2654 7,
1396 2617 1502 2667 ‘anni

39 2683 142 2710 vero
173 2670 230 2710 illi
258 2671 342 2710 dies
381 2675 424 2709 et
461 2684 615 2709 menses
656 2684 679 2707 a
720 2668 898 2709 ianuarii
945 2667 1011 2706 die
1040 2665 1241 2719 septime,
1272 2666 1318 2700 ut
1351 2659 1503 2721 ibideni

37 2727 186 2766 scribit
199 2725 496 2780 Theophanes,
531 2726 591 2764 vel
634 2732 682 2764 ut
713 2726 956 2772 Anastasius,
987 2722 1011 2760 7
1058 2722 1147 2760 idus
1180 2718 1399 2766 Ianuarias,
1431 2729 1501 2767 qui

40 2781 83 2822 iu
116 2783 293 2824 eundem
323 2782 496 2831 incidit,
528 2789 571 2822 et
606 2795 691 2836 quo
722 2783 953 2822 Germanus
983 2781 1298 2823 exauctoratus,
1341 2783 1503 2813 sursum
