1768 3268
553 218 620 258 Ex
666 216 1009 259 THEOPHANE.
1412 211 1503 258 193

53 344 217 374 mersae>
237 336 344 371 sunt.
412 345 497 386 quo
541 331 686 371 audito
717 331 921 386 chaganus
962 330 1163 384 significat
1204 332 1239 371 ci
1282 331 1420 372 dicens
1453 331 1506 369 “o

54 390 264 438 insensate,
292 400 430 428 nonne
457 388 685 442 oportebat
719 393 760 427 te
802 389 844 428 in
879 387 1037 427 duabus
1073 387 1139 427 vel
1183 388 1316 427 tribus
1347 386 1508 440 scaphis

54 445 245 497 accipere
274 443 488 484 mulierem
522 450 650 491 tuam,
683 442 838 485 etnon
867 450 1026 483 tantam
1058 442 1250 484 occidere
1277 443 1510 483 multitudi-

55 500 174 540 nem?
198 514 250 539 an
280 505 399 552 putas
429 499 544 554 quod
574 505 616 539 et
644 499 753 540 hanc
774 502 909 540 Marte
939 500 1162 553 percipias·
1222 514 1316 539 eece
1344 499 1510 553 peperit

54 556 131 595 tibi
159 561 199 596 et
218 555 360 595 filium.
389 557 507 596 mitte
535 570 634 610 crgo
668 563 738 595 et«
728 559 871 610 accipe
900 555 1032 595 illos.'’
1060 563 1102 595 at
1132 555 1199 595 ille
1226 555 1346 594 misso
1367 554 1511 593 Theo-

54 611 250 675 phylacto
295 612 555 651 cubiculario
582 613 698 652 duxit
733 611 1000 652 Theodoram
1042 617 1084 651 et
1111 611 1239 650 filium
1268 611 1352 650 eius
1382 611 1513 650 Tibe-

54 683 179 719 rium,
209 674 251 708 et
277 668 498 708 coronavit
528 682 610 719 eOS,
637 675 679 708 et
709 669 970 723 imperavere
998 667 1117 707 simul
1146 681 1239 707 cum
1274 667 1377 720 ipso.

165 746 321 786 Anno
309 746 473 800 imperii
503 747 716 786 Iustiniani
746 746 927 787 secundo
962 747 1131 786 Ioannes
1164 744 1510 798 Hierosolymita-

54 816 144 853 nuS,
172 802 243 856 qui
274 817 349 856 per
381 803 550 856 triginta
580 817 706 842 annos
738 803 930 842 ecclesiae
958 802 1165 866 praefuit,
1198 802 1377 841 habetur
1401 801 1509 839 anti..

53 864 152 908 stes3
199 835 462 913 eodemqueO
469 873 577 898 anno
606 859 756 899 Vhalid
793 859 997 912 surripuit
1025 832 1236 898 ecclesiam
1265 856 1512 897 catholicam

54 915 245 953 Damasci
283 915 415 954 livore
452 915 648 968 pestifero
695 916 734 954 in
783 915 1037 955 Christianos
1078 914 1246 964 habito,
1281 912 1511 953 stimulatus

54 976 234 1024 propter
264 970 511 1010 eminentem
543 972 647 1011 tanti
708 971 999 1011 ulcritudinem
1027 970 1193 1023 templi,
1224 976 1265 1010 et
1292 969 1514 1023 prohibuit

56 1026 181 1066 scribi
209 1041 356 1080 graece
384 1027 574 1080 publicos
605 1027 672 1082 ¹⁰0
706 1028 824 1068 thesii
856 1026 1032 1074 codices,
1064 1026 1196 1066 sedin
1228 1025 1408 1066 Ar¹1bicis
1438 1039 1513 1063 an-

56 1082 194 1121 notari
223 1083 309 1122 sine
338 1090 551 1136 computo,
581 1086 777 1138 quoniam
808 1084 1059 1136 impossibile
1090 1088 1149 1122 cst
1179 1082 1347 1122 illorum
1379 1081 1516 1134 lingua

55 1138 278 1179 monadem
308 1139 371 1178 vel
400 1138 638 1179 dualitatem
669 1148 741 1180 aut
761 1141 994 1179 tiinitatem
1015 1145 1087 1178 aut
1109 1144 1204 1178 octo
1233 1144 1273 1178 et
1301 1136 1515 1176 dimidium

56 1202 127 1235 aut
154 1195 234 1234 tria
263 1195 410 1244 scribi,
439 1202 621 1250 propter
661 1195 774 1251 quod
806 1202 847 1236 et
884 1209 1015 1250 usque
1055 1195 1182 1235 hodie
1209 1202 1304 1235 sunt
1338 1208 1431 1233 cum
1462 1193 1516 1232 eis

59 1251 213 1291 notarii
245 1251 486 1291 Christiani.

167 1329 325 1368 Mundi
343 1344 451 1369 anno
473 1328 594 1380 6200,
629 1329 791 1370 divinae
822 1329 1117 1370 incarnationis
1148 1344 1258 1369 anno
1286 1327 1379 1379 700,
1411 1341 1519 1367 ιιηιιο

60 1385 225 1439 imperii
255 1386 316 1423 sui
347 1386 474 1426 tertio
507 1387 749 1425 lastinianus
778 1400 924 1439 pacem
956 1387 1066 1426 inter
1099 1387 1307 1425 Romanos
1340 1391 1380 1424 ct
1410 1385 1520 1423 Vul—

57 1456 173 1495 garos
204 1442 369 1488 evertit,
415 1447 457 1481 et
486 1448 694 1505 equestres
735 1442 898 1482 militias
946 1443 985 1481 in
1013 1442 1216 1481 T·h1acem
1249 1449 1289 1480 tr
1293 1441 1424 1480 ansiic
1454 1441 1564 1493 sa-p.
1578 1445 1646 1481 576

57 1499 165 1537 ciens
193 1497 385 1537 classibus
414 1498 660 1537 constiuctis
691 1504 838 1537 contra
872 1499 1071 1552 Vulgaies
1101 1506 1141 1538 et
1172 1497 1381 1536 Teibclliu
1413 1511 1519 1549 pro-

57 1553 234 1608 peravit.
304 1568 399 1593 cum
440 1559 579 1593 autem
619 1554 794 1594 venisset
835 1554 887 1593 ad
919 1554 1065 1607 ripam,
1116 1553 1323 1607 navigium
1352 1552 1521 1606 quidem

57 1615 156 1649 ante
200 1616 380 1649 castrum
426 1610 639 1663 applicare
687 1610 807 1663 fecit,
841 1610 999 1665 equites
1034 1624 1133 1650 vero
1164 1586 1522 1663 in³511pe1¹ioribus

57 1666 212 1719 campis
242 1666 329 1706 sine
356 1666 543 1706 custodia
576 1672 617 1706 et
649 1666 760 1705 omni
795 1666 1028 1720 suspicione
1058 1673 1166 1705 casti
1169 1682 1188 1704 ιι
1215 1665 1365 1704 metari
1395 1679 1521 1718 prae-

57 1725 182 1776 cepit.
237 1722 398 1775 populo
429 1729 567 1762 autem
595 1722 703 1762 sicut
736 1724 880 1763 ovibus
915 1737 994 1776 per
1022 1736 1189 1775 campos
1221 1720 1272 1760 ad
1306 1719 1523 1774 legendum

60 1780 199 1817 fenum
227 1778 442 1832 disperso,
470 1778 666 1818 viderunt
700 1779 985 1832 exploratores
1007 1778 1116 1832 Vulg
1102 1778 1231 1817 ariae
1261 1793 1404 1816 vanam
1433 1778 1521 1814 Ro-

57 1848 279 1874 manorum
311 1835 639 1888 dispositionem,
673 1842 714 1874 et
744 1835 974 1875 coacervati
1007 1840 1052 1873 ut
1068 1836 1180 1873 ferae
1213 1834 1522 1882 subitojrrue-

61 1896 172 1941 runt,
205 1897 246 1931 et
277 1891 544 1931 vehementer
563 1897 908 1946 consumpserunt
924 1892 1169 1931 Romaicum
1198 1891 1320 1940 ovile,
1351 1888 1523 1928 multam

59 1946 272 2000 praedam,
303 1954 344 1989 et
376 1961 504 2001 equos
535 1953 577 1986 et
604 1963 742 1998 arma,
775 1947 954 2000 exceptis
987 1947 1046 1986 his
1077 1948 1147 2001 qui
1177 1946 1383 1999 perempti
1414 1951 1522 1993 sunt,

60 2003 321 2068 accipientes.
379 2017 511 2057 porro
545 2004 789 2044 Iustinianus
819 2019 910 2043 cum
942 2003 992 2042 ad
1024 2010 1203 2042 cawstium
1235 2003 1398 2056 fugisset
1430 2016 1523 2039 cum

60 2059 121 2098 his
153 2059 496 2112 qfflievaserant,
539 2073 617 2113 per
650 2066 734 2100 tres
770 2060 853 2100 dies
893 2066 1036 2113 portas
1073 2059 1218 2098 clausit
1247 2066 1287 2098 ct
1316 2059 1435 2097 obser
1438 2062 1522 2096 :mis

65 2116 212 2166 tenuit,
242 2115 468 2170 vidensque
484 2116 715 2170 Vulgarum
733 2131 942 2169 perseve1
933 2116 1100 2168 ἰιιιιιιιιι
1132 2115 1216 2168 ipse
1238 2114 1396 2168 primus
1425 2112 1523 2167 equi

58 2173 120 2210 sui
149 2185 297 2211 nervos
327 2171 508 2212 incidens
538 2187 675 2212 omnes
707 2172 787 2212 id
777 2188 908 2226 ipsum
938 2173 1074 2211 facere
1110 2171 1235 2210 iussit.
1293 2170 1414 2209 almis
1446 2184 1521 2207 au-

59 2234 145 2267 tem
171 2227 328 2267 bellicis
370 2242 495 2280 supra
535 2244 701 2268 murum
741 2229 907 2283 positis,
948 2235 1076 2268 noctu
1109 2228 1149 2266 in
1179 2226 1346 2280 scaphas
1377 2239 1522 2264 ascen-

59 2283 159 2323 dens
188 2283 368 2324 latenter
399 2284 644 2338 enaxigavit‚
673 2292 827 2325 etcum
857 2284 1100 2325 confusione
1131 2283 1241 2323 venit
1273 2283 1322 2322 ad
1354 2282 1518 2321 urbem.

202 2364 321 2402 Anno
361 2362 524 2416 imperii
563 2363 774 2403 Iustiniani
815 2369 967 2419 quarto
1011 2362 1236 2403 exercitum
1268 2360 1399 2399 movit
1427 2361 1520 2399 Ma-

59 2417 201 2458 salmas
237 2418 430 2458 adversus
464 2426 687 2473 tyrannum
725 2426 905 2474 pr¹optcl
953 2419 1278 2472 indignationem
1319 2415 1518 2456 exercitus

60 2489 140 2513 una
189 2489 282 2514 cum
329 2474 522 2514 Manliina
567 2489 646 2528 per
672 2476 976 2516 Maurinianum
1018 2476 1163 2522 occisi;
1205 2480 1245 2512 et
1287 2472 1393 2511 hanc
1438 2473 1564 2524 ob-p.
1581 2477 1648 2512 577

59 2529 232 2571 sidentes
260 2530 548 2571 hiemaverunt
581 2528 744 2572 ibidem.
805 2533 855 2572 ad
879 2545 982 2587 quos
1005 2531 1131 2570 mittit
1156 2532 1386 2582 imperator
1416 2526 1517 2566 duos

59 2593 289 2639 praetores,
321 2587 594 2628 Theodorum
623 2589 893 2628 Carterucam
919 2595 959 2627 et
984 2586 1306 2640 Tlicophilatum
1339 2583 1517 2633 Saliban,

59 2657 155 2681 cum
187 2644 372 2683 exercitu
402 2649 442 2683 et
470 2644 619 2698 agresti
648 2646 807 2698 populo
851 2645 1044 2684 rusticam
1084 2656 1255 2695 opeiam
1287 2640 1438 2679 daturo
1467 2640 1520 2678 ad

60 2697 348 2739 debellandum
395 2715 463 2740 eos
508 2707 548 2740 et
590 2701 901 2755 insequendum.
959 2700 1033 2753 ipsi
1068 2713 1166 2737 vero
1201 2696 1251 2735 ad
1280 2696 1520 2735 contentio-

60 2768 154 2793 nem
184 2756 222 2794 in
254 2756 503 2795 alterutrum
536 2758 756 2806 venientes,
785 2763 824 2796 et
862 2755 1098 2796 inordinate
1126 2754 1165 2792 in
1199 2766 1266 2791 eos
1294 2752 1519 2805 congressi,

61 2816 304 2862 v3e1tuntu1
333 2817 374 2851 et
411 2813 540 2852 multa
583 2812 693 2852 milia
724 2813 966 2866 perierunt,
1000 2818 1039 2851 ct
1070 2809 1223 2863 captivi
1255 2808 1373 2848 multi
1406 2806 1516 2847 ducti

202 2893 451 2941 Theophanes
478 2897 528 2930 II.
1236 2891 1277 2924 13
