1728 3184
230 177 325 224 556
713 183 770 224 ΙΝ
810 182 1185 225 THEOPHANEM

339 295 438 348 734,
470 297 508 338 5.
567 296 612 339 ἐν
639 300 726 346 τοῖς
756 294 954 345 σταύλοις
983 297 1058 338 τοῦ
1088 297 1368 352 σταυρακιόυ]
1395 297 1563 352 patricii
1596 293 1703 338 lllius

229 354 280 395 de
309 369 393 409 quo
424 368 559 409 nuper
592 356 781 396 mentio:
812 356 883 410 qui
934 356 1032 410 quia
1065 355 1283 395 eunuchus
1313 359 1416 404 erat,
1448 361 1489 395 et
1518 356 1707 410 impera-

230 412 345 452 tricis
373 408 618 465 ἑπιστὴθιος
636 442 647 464 ,
680 413 765 454 eius
796 427 925 468 equos
953 426 1120 453 servare
1150 418 1193 452 et
1222 411 1372 451 stabuli
1403 425 1547 452 curam
1581 426 1706 468 agere

231 467 386 523 potuit.

341 547 449 590 Ibid.
471 545 509 588 6.
566 543 643 600 τήν
669 545 894 601 βασιλικήν
911 547 1222 602 προμοσὲλλαν]
1246 547 1568 603 imperatorium
1588 551 1712 605 equi-

231 609 363 644 tatum
393 603 704 659 interpretatur
718 605 962 656 Anastasius,
983 604 1098 660 quasi
1119 604 1318 644 nimirum
1335 606 1516 661 primam
1532 607 1713 661 impera·

233 661 336 700 toris
359 660 511 701 sellam.
541 660 649 702 addo
681 661 855 713 πρῶμον
883 661 1027 701 vinum
1048 661 1187 702 album
1212 661 1330 712 illud,
1363 677 1611 718 generosum
1641 678 1713 703 re—

233 717 424 758 centiore
452 717 594 772 lingua
633 717 879 772 nuncupari.
948 718 1000 758 sit
1031 717 1173 774 itaque
1203 718 1245 758 in
1275 733 1397 760 sensu
1429 720 1505 759 isto
1536 734 1712 771 πρωμο-

231 773 360 814 σὲλλα
397 774 468 825 (sic
498 790 678 830 namque
707 773 809 814 mihi
841 775 1050 816 lubentIus
1082 775 1355 828 scriberetur)
1388 791 1587 830 generosa
1617 777 1713 830 pri-

233 846 299 869 ma
329 837 370 871 et
399 831 527 871 electa
570 846 776 886 equorum
818 831 1093 872 candidorum
1136 847 1281 872 manus
1311 832 1353 872 in
1384 834 1592 874 Stauracii
1625 838 1712 872 sta-

233 887 338 928 bulis
383 888 650 941 imperatoris
694 888 831 928 usibus
863 889 1087 930 destinata:
1131 903 1261 944 equos
1297 890 1455 946 quippe
1486 890 1598 930 albos
1634 890 1711 929 im-

232 949 475 998 peratorem
505 944 658 985 vehere
687 944 808 1000 leges.
867 944 1163 998 προμοσὲλλαν
1208 951 1359 1000 samen,
1388 962 1529 1003 equum
1558 947 1714 1002 grada-

234 1002 362 1050 rium,
393 1001 516 1057 vulgo
546 1002 751 1059 lzaqzcene'e
781 1001 924 1043 lubens
970 1003 1293 1057 interpretarer.

349 1086 458 1130 Ibid.
494 1084 559 1127 13.
616 1085 869 1142 Βελζητιάς]
906 1087 1076 1142 legimus
1107 1088 1297 1143 superius
1322 1086 1564 1142 Βερζιτιάς.

342 1173 460 1216 Ibid.
494 1170 559 1212 14.
620 1168 704 1212 ὖπὸ
738 1172 823 1213 τῶν
851 1170 1124 1223 Ἑλλαδικῶν]
1159 1172 1380 1224 Heu-adici,
1411 1172 1484 1228 qui
1512 1172 1599 1214 τῶν
1623 1169 1715 1212 Ἑλ-

235 1227 420 1269 λαδικῶν
449 1228 589 1270 thema
610 1236 835 1284 occupant.
897 1229 923 1269 ii
952 1245 1055 1271 vero
1086 1237 1195 1282 sunt,
1229 1230 1301 1286 qui
1330 1229 1526 1271 Achaiam
1555 1236 1597 1270 et
1626 1229 1717 1269 loca

237 1286 430 1326 Corinthi
462 1288 724 1327 contermina
755 1293 941 1330 tuentur.
1002 1287 1141 1329 recole
1174 1303 1222 1328 ex
1254 1287 1444 1342 superius
1477 1286 1597 1326 dictis
1611 1286 1716 1326 Cae-

237 1358 346 1384 sares
375 1343 474 1385 istos
515 1344 778 1386 Constantini
821 1346 1082 1402 Copronymi
1125 1344 1325 1401 sanguine
1354 1349 1497 1395 ortos,
1540 1342 1720 1385 Athenas

244 1400 285 1440 in
317 1401 482 1442 exilium
514 1418 624 1443 anno
654 1403 877 1458 superiore
918 1402 1183 1458 deportatos.

353 1483 464 1524 Ibid.
505 1482 567 1523 17.
638 1480 713 1524 τὸν
754 1479 1099 1537 σεραντάπηχον]
1130 1478 1326 1535 σαράντα
1353 1479 1630 1547 quadraginta
1660 1477 1726 1517 di-

245 1545 347 1580 cunt
375 1541 629 1581 recentiores
653 1541 744 1582 vice
776 1535 1114 1591 τεσσαράκοντα·
1182 1549 1505 1590 σερανταπηχον
1545 1534 1727 1576 enormis

246 1598 542 1652 magnitudinis
585 1598 726 1638 virum
768 1598 966 1652 intellige.
1036 1596 1174 1637 faciles
1218 1595 1327 1636 enim
1368 1601 1466 1636 sunt
1506 1607 1554 1634 ex
1583 1592 1726 1647 aliquo

194 1674 196 1676 ’
246 1662 398 1696 eventu
429 1656 646 1710 imponere
679 1655 944 1710 cognomina.

362 1740 457 1791 735,
496 1742 561 1782 12.
618 1739 829 1794 μοιῗλτωιν]
863 1755 940 1779 vox
972 1739 1155 1778 aLatina
1184 1736 1421 1777 tumultuari
1450 1735 1490 1774 in
1509 1733 1728 1797 Graeciam

249 1799 463 1850 translata,
493 1798 608 1840 cuius
637 1812 731 1839 usus
763 1799 958 1852 frequens
992 1795 1105 1850 apud
1135 1793 1441 1835 iureconsultos
1476 1797 1518 1832 et
1550 1804 1728 1847 canom-

248 1863 329 1897 stas
359 1857 559 1896 Graecos.

367 1932 522 1983 736,2.
581 1934 627 1975 ἐν
645 1933 705 1989 τῷ
727 1927 1032 1974 Ἰουστινιανοῦ
1059 1928 1268 1985 τρικλίνῳ]
1302 1927 1531 1969 triclinium
1563 1940 1728 1967 aureum

255 2007 276 2032 a
307 1991 536 2032 Iustiniano
578 1990 854 2032 Rhinotmeto
897 1993 1153 2028 exstructum
1197 1987 1321 2026 habes
1354 1985 1558 2039 superius,
1619 1983 1728 2024 etin

253 2049 358 2103 orig.
391 2048 474 2088 CP.
543 2044 567 2087 ὅ
607 2047 654 2088 δὲ
691 2041 994 2092 Ἰουστινιανός
1035 2040 1170 2084 ἔκτισε
1209 2039 1254 2083 τὸ
1280 2040 1619 2084 Ἰουστιιίάνειον
1647 2039 1728 2094 τρί-

253 2108 420 2147 κλινον·
480 2104 736 2145 lastinianus
764 2104 990 2144 triclinium
1024 2102 1087 2141 sui
1117 2100 1296 2141 nominis
1325 2099 1576 2156 aedficavit.

365 2189 476 2232 Ibid.
513 2187 552 2231 6.
621 2184 980 2242 καρὸιόπληκτος]
1024 2186 1148 2226 corde
1181 2198 1393 2240 percussus
1437 2183 1486 2222 ab
1523 2181 1728 2222 Anastasio

263 2247 509 2301 reponitur:
547 2246 684 2286 forsan
715 2244 907 2286 cardiaca
937 2257 1135 2299 syncope,
1162 2257 1244 2297 qua
1273 2240 1324 2281 de
1352 2244 1525 2294 repenle
1559 2244 1598 2278 et
1618 2237 1728 2293 quasi

255 2311 471 2344 momento
517 2303 632 2355 aegri
663 2302 899 2343 intereunt:
937 2300 1165 2340 sideratum
1213 2305 1254 2338 et
1285 2297 1399 2350 quasi
1431 2295 1610 2336 fulminis
1645 2295 1728 2334 ictu

256 2362 493 2401 confossum
537 2359 682 2400 dicunt
721 2358 904 2411 medici3
947 2356 1133 2412 quamvis
1175 2354 1402 2410 grandiore
1432 2361 1472 2393 et
1503 2352 1728 2406 praecipua

258 2419 369 2457 circa
398 2424 547 2473 guttur
579 2417 750 2457 effracta
782 2431 887 2455 vena
917 2414 1080 2469 sanguis
1100 2413 1293 2467 copiosus
1313 2410 1555 2466 pulmonem
1584 2410 1728 2462 opple-

259 2490 319 2528 re,
350 2480 392 2515 et
421 2489 496 2515 ore
528 2473 774 2529 despumare
803 2472 1005 2527 potuerit.

376 2549 487 2590 Ibid.
525 2547 586 2587 ll.
642 2545 802 2600 γόητες]
839 2544 1038 2599 astrologi
1071 2541 1298 2583 iudiciarii.

372 2631 468 2681 737,
500 2633 538 2676 2.
597 2629 793 2684 πρέσβεις
824 2628 883 2675 εἷς
910 2629 1031 2668 τοῦτο
1059 2627 1247 2678 πέμψας]
1278 2621 1543 2679 Eginhardns
1576 2619 1627 2660 ad
1659 2634 1728 2658 an.

264 2704 362 2728 num
390 2688 486 2732 802.
555 2687 674 2729 Irene
702 2688 948 2742 imperatrix
991 2699 1013 2725 e
1046 2682 1391 2737 Constantinopoli
1417 2680 1527 2719 misit
1556 2679 1728 2743 {egafunl

264 2747 422 2786 nomine
449 2747 623 2786 Leonem
654 2745 931 2801 spat-chariam
958 2744 1077 2797 pacis
1115 2737 1426 2794 confirmandae
1460 2744 1601 2799 grapa
1637 2741 1728 2797 mles

264 2802 449 2843 Francos
478 2812 518 2844 et
547 2804 754 2843 Graecos.-
783 2808 821 2841 et
854 2801 1085 2855 imperator·—
1108 2797 1292 2836 vicissim
1324 2794 1506 2835 absoluto
1531 2792 1603 2831 1llo
1635 2798 1728 2829 ιηιειῑ
