1728 3184
623 229 627 231 .
681 190 882 234 NOTAE.
1409 184 1509 237 409

56 313 195 368 phane
220 311 436 355 Theodori
462 313 633 354 lectoris
661 311 802 353 dictio.
877 307 949 352 διά
976 309 1051 360 τὰς
1079 313 1296 364 γινομένας
1325 309 1410 354 ὕπὸ
1437 312 1514 354 τοῦ

53 368 162 410 λαοῦ
186 364 353 418 στάσεις
388 369 435 410 c’r
472 369 525 425 τῇ
562 366 684 408 πόλει
725 363 835 408 κατὰ
864 367 942 408 τοῦ
970 369 1189 424 βασιλέως,
1217 367 1411 423 ἐπενόησε
1438 365 1515 408 τὸν

50 421 238 479 ἔπαρχον
270 425 347 478 τῆς
389 423 551 472 πόλεως
577 424 828 465 ἀκολουθεῖν
866 427 960 471 ταῖς
994 427 1144 471 λιταῖς.
1206 425 1402 478 ἐφοβεῖτο
1429 424 1512 478 γὰρ

51 478 124 522 τὸν
151 477 236 522 ὑπὸ
268 483 343 535 τῆς
368 477 570 536 τετάρτης
599 479 781 522 συνόδου
812 479 937 545 Cilone
960 480 1045 520 τῶν
1069 477 1144 526 τοὶς
1168 478 1385 529 ἐπελάσεις
1417 495 1513 522 πω-

48 533 221 579 aanor.
276 532 380 593 ὅπερ
410 535 557 585 λοιπὸς
584 536 630 587 ἐξ
654 535 814 578 ἐκείνου
841 536 941 583 εθος
969 534 1141 588 ἐγένετο.

162 603 258 656 230,
301 604 365 646 17.
415 600 625 657 ’Λχόλιον
655 602 704 645 δέ
727 602 843 660 τινα]
887 598 1110 656 Εὖχοόλιον
1140 603 1286 644 scribit
1311 602 1512 645 Theodo..

44 675 117 708 rus
144 662 291 705 lector.
314 657 551 714 Ἀσχόλιον
578 662 749 716 Peyrez.
778 677 855 703 ms.
1244 686 1246 689 >

160 727 257 780 231,
289 728 355 770 11.
410 726 658 784 κομβαὶνεις]
688 729 853 784 linguae
882 727 1131 770 recentioris
1161 727 1398 781 corruptio,
1430 742 1512 783 qua

48 784 352 840 coniugationis
389 786 540 826 tertiae
582 791 901 827 contractorum
942 784 1071 825 verba
1110 782 1222 823 haud
1260 784 1432 837 amplius
1469 786 1511 823 in

48 838 123 891 (im,
151 841 224 883 sed
253 839 349 883 ὤνω
375 843 668 883 terminantur.
735 843 794 883 sic
824 836 1121 894 ἑλευθεροόνω,
1153 836 1377 893 λυτρώνω,
1402 855 1513 892 χρυ..

45 894 182 949 σώνω,
209 898 302 940 vice
335 898 588 951 ἑλευθερόω,
618 897 797 953 λυτρόω,
826 895 1003 951 χρυσόω
1031 896 1268 951 proferunt.
1325 897 1513 937 futurum

46 953 200 996 deinde
228 954 271 995 in
309 953 408 996 ώσω
436 956 643 996 formant:
688 970 820 1011 quare
861 954 935 995 ubi
975 953 1252 1007 Theophanes
1280 951 1407 993 habet
1437 953 1513 1004 ἐμὲ

41 1010 99 1050 ου’
123 1006 369 1064 κομβαὶυεις,
390 1012 508 1066 prius
529 1010 771 1068 scripserat:
800 1006 1041 1062 ἔκόμβωσεν
1079 1006 1273 1056 πολλούς.
1331 1014 1373 1048 at
1402 1024 1512 1064 quo-

41 1067 199 1108 modo?
229 1067 326 1109 Vnt.
361 1068 381 1107 1
412 1068 553 1109 lectio.
625 1065 794 1119 ἑπάρων
828 1063 961 1106 πολλὰ
997 1063 1229 1118 χρήματα,
1263 1065 1338 1105 καί
1366 1063 1513 1106 λαθών

40 1119 215 1179 ἔφυγεη
243 1121 320 1164 καί
345 1122 551 1166 εἰσελθών
576 1123 623 1165 ἓν
650 1125 755 1165 ΚΠ.
784 1120 1024 1174 ἐκόμβωσεν
1041 1119 1168 1176 κᾷκεῑ·
1189 1117 1378 1168 πολλούς.

152 1191 261 1232 [bid.
293 1186 358 1232 14.
428 1188 710 1239 Ἀναστᾰσιος
752 1185 774 1230 ὅ
812 1186 1016 1243 βασιλεῦς
1057 1186 1253 1242 ἐτείχισε]
1296 1187 1400 1228 haec
1438 1202 1512 1229 ea-

5 1248 141 1289 ·dem
185 1247 420 1289 chronicon
467 1247 789 1289 Alexandrinum
842 1260 950 1286 anno
992 1245 1192 1287 Anastasii
1232 1243 1258 1284 7
1302 1251 1509 1286 erranter.

40 1304 197 1346 bellum
222 1305 334 1346 enim
360 1305 587 1356 Persicum,
622 1319 707 1360 quo
738 1304 949 1359 posterior
975 1301 1294 1356 Anastasiopolis
1323 1301 1511 1352 condita,

41 1360 295 1412 duodecimo
333 1366 497 1402 tautum
538 1363 776 1402 confectum
824 1365 905 1409 est,
950 1374 997 1401 ex
1026 1359 1199 1413 Euagrii
1229 1373 1366 1413 nuper
1394 1358 1510 1398 citati

39 1417 295 1458 testimonio.
366 1418 419 1459 de
464 1418 584 1458 huius
630 1418 745 1458 urbis
786 1417 959 1458 conditu
998 1415 1245 1457 Theodorus
1271 1416 1430 1464 lector,
1469 1420 1512 1454 et

38 1474 246 1528 Euagrius
278 1472 352 1516 lib.
380 1473 408 1515 3
449 1489 540 1529 cap.
569 1474 647 1525 37,
679 1473 752 1529 qui
801 1474 927 1514 etiam
954 1473 1084 1514 addit.
1142 1470 1305 1525 λέγεται
1330 1470 1377 1511 δὲ
1405 1466 1512 1524 πρός

38 1544 165 1571 τινων
190 1526 355 1583 Δάρας,
386 1526 508 1584 διότη
538 1530 725 1584 Δαρεῖον
762 1524 920 1570 αὕτόθι
950 1529 1263 1583 κατηγωνίσατο
1291 1524 1514 1567 παντάπα-

39 1601 110 1627 σιν
135 1582 424 1640 Ἀλέξανδρος.
496 1588 682 1627 nonnulli
724 1588 858 1627 locum
902 1586 1016 1626 illum
1062 1585 1204 1625 Daras
1233 1584 1512 1639 appellarunt,

38 1643 150 1698 quod
175 1643 355 1683 Darium
397 1642 555 1683 ibidem
606 1642 853 1684 Alexander
890 1642 1100 1682 devicerit.
1171 1640 1358 1681 chronic.
1404 1639 1512 1679 Alex.

39 1696 159 1753 διότη
184 1699 370 1752 Δαρεῖον
399 1695 551 1753 δόρατι
581 1695 803 1754 ἔκρουσεν·
833 1699 947 1754 quod
975 1698 1157 1739 Darium
1187 1697 1333 1738 ibidem
1362 1691 1512 1749 δόρατι

38 1756 165 1796 hasta
192 1758 443 1811 pen-usserit.
1415 1773 1423 1782 ·

144 1823 255 1864 Ibid.
287 1823 352 1866 18.
417 1820 652 1877 ἐμβόλους]
692 1821 897 1877 Euagrius
942 1817 1167 1874 βασιλικὰς
1208 1816 1336 1867 στοάς
1381 1819 1511 1873 regias

36 1880 232 1934 porticus.

150 1946 246 1997 232,
276 1944 317 1987 3.
371 1945 645 1994 Ἀναστάσιος
678 1944 700 1986 ὅ
733 1943 934 1998 βασιλεὺς
973 1942 1239 1998 Φλαβιανόν]
1263 1941 1512 1984 discriminis

36 2002 150 2042 haud
177 2002 311 2058 exigui
338 2003 639 2057 Theophanem
671 2003 783 2044 inter
813 2009 856 2044 et
884 2002 1114 2056 Euagrium
1146 2000 1331 2042 Flaviani
1358 1998 1509 2039 Antio-

35 2058 195 2100 chensis
224 2060 409 2114 episcopi
457 2060 555 2101 fides
587 2061 821 2101 subiectum
864 2064 908 2100 et
934 2059 1137 2098 materia:
1168 2058 1250 2098 hoc
1282 2071 1370 2097 eam
1403 2055 1509 2095 inte-

35 2130 154 2169 gram
187 2129 499 2171 perseverasse,
529 2117 600 2157 illo
643 2122 892 2171 corruptam
921 2115 1087 2170 penitus
1118 2120 1160 2154 et
1190 2114 1411 2154 extinctam
1443 2125 1510 2150 as-

37 2179 213 2213 serente.
274 2170 578 2214 monachorum
603 2188 772 2228 gregem
802 2172 914 2213 haud
942 2170 1294 2212 contemnendum
1325 2169 1405 2208 suis
1439 2167 1508 2207 lit-

37 2229 137 2270 teris
165 2230 216 2269 ab
261 2229 421 2269 haeresi
462 2230 708 2269 Flavianum
750 2229 1051 2269 vindicantium
1096 2227 1267 2267 adducit
1305 2225 1509 2277 Euagrius

37 2284 108 2324 lib.
141 2284 168 2326 3
198 2301 289 2340 cap.
317 2285 385 2335 31,
407 2288 597 2326 Xena'iae
624 2285 885 2336 inimicitias,
918 2293 961 2326 et
992 2300 1038 2325 ex
1081 2283 1355 2323 simultatibus
1391 2279 1506 2319 calu-

38 2342 192 2393 mnias,
221 2343 443 2383 confictam
474 2343 526 2382 ab
570 2341 1064 2383 adversariis-haereseos
1098 2348 1263 2387 notam,
1297 2343 1343 2376 ut
1373 2352 1394 2375 a
1429 2336 1507 2374 fide

36 2397 268 2440 discederet
295 2400 379 2438 vim
412 2398 579 2449 illatam,
606 2399 934 2453 persecutiones,
964 2399 1106 2447 minas,
1126 2395 1358 2442 seditiones,
1393 2405 1507 2431 rnor-

36 2460 121 2494 tem
153 2455 285 2510 ipsam
315 2456 584 2504 intentatam,
637 2461 679 2494 et
712 2454 916 2494 inflictum
948 2454 1111 2494 exilium
1143 2457 1286 2491 narrat
1318 2463 1408 2501 cap.
1439 2446 1506 2486 32.

36 2511 127 2565 quis
157 2518 295 2553 tantae
324 2513 583 2552 constantiae
611 2511 677 2550 vir
718 2527 741 2550 a
768 2510 997 2551 sanctitatis
1029 2515 1070 2550 et
1103 2505 1366 2547 innocentiae
1395 2502 1506 2543 iudi..

35 2568 167 2620 cibus,
198 2568 337 2623 quales
358 2568 572 2616 Rammius,
589 2567 797 2617 petavius,
830 2573 871 2606 et
901 2568 987 2617 alii,
1021 2566 1061 2605 in
1092 2570 1332 2603 sauctorum
1366 2560 1507 2599 album

38 2625 246 2665 recenseri
280 2640 364 2666 non
392 2623 657 2664 mereretur?
727 2625 766 2663 in
807 2623 1025 2663 adversum
1059 2634 1209 2674 rapere
1238 2632 1303 2657 me
1331 2616 1506 2656 molitur

35 2680 325 2735 Theophanes,
357 2688 398 2721 et
418 2681 663 2721 Flavianum
698 2679 919 2729 imbellem,
952 2677 1112 2718 timoris
1143 2673 1408 2727 mancipium,
1441 2672 1506 2711 sa-

32 2737 145 2776 voris
177 2752 396 2793 aucupem,
426 2753 448 2777 a
476 2737 621 2791 probis
643 2736 857 2786 reiectum,
885 2735 979 2789 ipsis
998 2732 1212 2774 haereticis
1247 2730 1302 2770 ob
1321 2729 1504 2768 animum

36 2798 253 2836 nutantem
281 2802 324 2836 et
350 2795 583 2844 incertum,
628 2807 820 2844 exosum,
855 2807 903 2832 ac
933 2789 1117 2846 propriis
1150 2787 1316 2835 taudem
1349 2784 1502 2827 technis
