1768 3268
645 225 714 266 EX
757 222 1055 267 SYNCELLO.
1518 219 1548 265 3
1557 221 1579 263 1

94 342 168 401 qui
197 355 287 383 esca
333 339 546 382 vermibus
582 345 643 381 est
677 340 839 392 sactus,
869 341 985 381 annis
1017 338 1071 389 7;
1115 339 1303 395 Agrippa
1349 340 1455 381 silius
1485 340 1585 394 eius,

91 401 163 456 qui
197 399 340 440 minor
368 398 602 448 dicebatur,
632 397 749 437 annis
782 397 854 447 233
887 397 938 443 ad
960 411 1085 453 quem
1118 412 1249 452 usqne
1273 397 1323 437 ab
1346 396 1586 452 alienigenis

90 457 308 498 detentum
335 470 514 511 regnum
548 454 802 496 ludaeorum
834 455 1085 510 perduravit
1118 469 1247 495 annos
1282 454 1361 495 100
1391 471 1413 495 a
1443 455 1584 510 primo

89 514 277 555 Herode.

203 585 351 628 Mundi
384 600 495 626 anno
526 583 650 636 5575,
683 582 849 626 divinae
879 584 1186 626 incarnationis
1218 599 1328 625 anno
1352 584 1420 638 75,
1450 583 1584 625 Vesu—
1598 588 1716 635 p.649

89 643 179 685 vius
210 659 332 685 mons
362 644 438 683 sub
473 642 572 683 'sito
609 641 852 697 Vespasiani
892 642 978 682 filio
1011 646 1051 682 in
1086 643 1246 684 vertice
1272 642 1417 683 scissus
1447 641 1587 697 ignem

89 701 239 752 emisit,
272 699 377 742 adeo
408 706 457 741 ut
486 699 790 740 incenderetur
822 697 1013 740 adiacens
1048 699 1166 755 regio
1199 715 1296 739 cum
1332 698 1585 740 civitatibus.

86 758 356 800 Domitianus
406 755 672 798 eunuchisari
713 757 827 798 viros
856 756 994 808 iussit,
1042 763 1085 798 et
1134 771 1310 798 uxorem
1348 755 1585 810 nuncupari

87 817 343 871 Augustam3
370 813 444 871 qui
478 820 576 869 post
590 815 803 855 Neronem
831 813 1036 854 secundus
1068 814 1410 869 persecutionem
1441 812 1716 860 intulitp.650

89 872 363 923 Christianis,
403 886 589 927 quorum
609 871 731 911 multi
753 871 962 927 martyrio
991 871 1185 911 coronati
1208 878 1318 923 sunt,
1349 876 1397 911 ut
1417 870 1586 910 Bretius

86 929 264 978 scribit3
295 929 407 970 inter
439 942 545 984 quos
577 934 620 969 et
646 928 791 968 Flavia
819 927 1070 980 Domicilla,
1102 929 1358 969 consobrina
1391 927 1586 967 Clemen-

88 987 141 1028 tis
174 985 312 1026 Flavii
343 986 590 1037 consularis,
620 990 670 1025 ut
699 985 935 1026 Christiana
965 985 1160 1041 fugatur,
1196 986 1368 1041 ipseque
1397 984 1586 1025 Clemens

88 1057 172 1098 pro
205 1043 377 1085 Christo
416 1042 658 1099 perimitur.
730 1041 852 1083 huius
887 1049 1028 1083 autem
1067 1042 1304 1097 Stephanus
1336 1041 1508 1097 qnidam
1538 1055 1587 1082 ex

86 1100 261 1154 libertis,
290 1100 406 1141 eirea
432 1099 694 1140 Clementem
724 1099 944 1140 dominum
978 1113 1100 1139 suum
1142 1099 1299 1140 amoris
1330 1098 1484 1140 affectu
1513 1097 1586 1139 de-

85 1162 254 1209 tentus,
283 1157 443 1198 insidiis
471 1156 764 1197 Domitianum
799 1156 1003 1211 peremit;
1045 1156 1157 1197 unde
1187 1156 1355 1198 honore
1386 1171 1409 1196 a
1439 1161 1586 1195 senatu

87 1214 236 1270 dignus
289 1215 460 1256 effeetus
513 1220 575 1254 est
595 1243 606 1263 ‚
657 1229 709 1255 eo
758 1213 876 1270 quod
925 1229 948 1253 a
992 1213 1172 1254 maximo
1226 1213 1337 1254 malo
1372 1214 1585 1255 Romanos

86 1271 264 1313 eruerit.

201 1343 351 1386 Mundi
383 1359 494 1385 anno
529 1342 653 1396 5578,
687 1343 852 1385 divinae
883 1344 1183 1385 incarnationis
1214 1358 1324 1385 anno
1357 1343 1425 1396 78,
1455 1356 1584 1399 quar·
1597 1345 1711 1393 p.651
1741 1344 1765 1379 8

85 1408 151 1442 tus
197 1407 294 1456 post
341 1415 548 1442 summum
582 1401 760 1442 Petrum
792 1402 1008 1442 Romanae
1047 1407 1216 1457 praeest
1260 1401 1458 1443 ecclesiae
1489 1400 1584 1442 Cle-

84 1473 220 1512 mens,
251 1458 368 1500 euius
397 1464 442 1499 et
470 1457 685 1513 apostolus
718 1458 758 1498 in
791 1459 968 1513 epistola
998 1459 1050 1499 ad
1077 1458 1368 1513 Philippenses
1401 1457 1584 1499 secunda

82 1515 276 1556 meminit
295 1515 435 1557 dicens
460 1517 586 1555 “cum
608 1515 826 1556 Clemente
850 1522 892 1556 et
909 1516 1059 1557 ceteris
1091 1515 1448 1570 cooperatoribus
1468 1515 1584 1566 meis,

83 1588 269 1628 quorum
304 1573 477 1613 nomina
517 1577 614 1613 sunt
645 1573 687 1613 iu
719 1572 831 1613 libro
864 1572 1021 1614 vitae.''
1078 1572 1202 1613 huius
1235 1572 1411 1628 epistola
1443 1573 1583 1613 fertur

82 1630 137 1671 ad
168 1629 416 1671 Corinthios
452 1630 594 1681 missa,
627 1645 754 1686 quam
783 1636 875 1670 tota
908 1629 1081 1685 recipit,
1113 1637 1161 1671 ut
1188 1630 1421 1686 Egesippus
1452 1635 1581 1670 testa..

83 1692 184 1738 tur,
224 1687 410 1728 ecclesia.
485 1687 648 1728 Romae
693 1701 866 1743 quoque
902 1687 979 1728 sub
1011 1687 1209 1727 Evaristo
1240 1702 1349 1743 papa
1382 1686 1580 1729 divinitus

81 1744 195 1800 signa
225 1744 370 1796 multa,
402 1750 445 1785 et
473 1758 554 1799 per
582 1750 724 1785 totum
757 1745 922 1796 orbem,
952 1744 1098 1786 effecta
1129 1749 1238 1785 sunt.

198 1828 345 1870 Mundi
381 1844 491 1870 anno
522 1828 662 1882 5589,
707 1829 876 1871 divinae
918 1829 1221 1871 incarnationis
1249 1828 1319 1883 89,
1344 1832 1479 1872 Nerva
1510 1829 1578 1871 vir
1591 1845 1626 1880 p.
1640 1833 1711 1872 654
1741 1835 1758 1869 1

83 1886 196 1928 mitis
224 1887 441 1942 sapienter
476 1887 706 1942 imperium
737 1886 1003 1928 moderatur.

192 1970 340 2012 Mundi
386 1986 498 2012 anno
544 1969 682 2024 5590,
731 1971 898 2013 divinae
934 1971 1238 2013 incarnationis
1267 1970 1337 2024 90,
1369 1971 1574 2014 Traianus
1589 1981 1708 2027 p.655

80 2027 276 2082 imperat.
337 2029 469 2069 lustns
503 2029 756 2070 Tiberiensis
799 2030 973 2070 iudaeus
1015 2030 1287 2084 conscriptor
1318 2031 1575 2083 agnoscitur.

77 2085 365 2125 Tertullianus
392 2085 596 2126 historice
643 2093 792 2128 narrat
821 2087 1004 2127 Plinium
1037 2087 1278 2127 Secundum
1311 2086 1576 2141 quarundam

77 2141 404 2196 provinciarum
445 2158 595 2198 gerere
641 2143 952 2198 praesidatum,
983 2151 1025 2184 et
1055 2150 1196 2185 morte
1228 2143 1434 2198 plurimos
1468 2143 1574 2183 affici

79 2197 354 2251 Christianos,
368 2214 497 2254 super
513 2201 664 2256 quibus
682 2199 889 2242 haesitans
910 2200 1012 2256 quid
1033 2207 1136 2242 esset
1153 2201 1374 2256 agendum,
1388 2202 1574 2241 Traiano

78 2255 264 2310 suggerit
291 2257 349 2296 nil
383 2271 453 2298 eos
484 2263 624 2298 morte
653 2272 803 2312 gerere
837 2258 1039 2312 dignum,
1070 2258 1149 2298 nisi
1180 2258 1295 2314 quod
1333 2257 1455 2298 idolis
1487 2271 1572 2297 non

77 2312 348 2354 immolarent
394 2319 437 2355 et
474 2314 689 2355 Christum
735 2315 866 2356 veluti
905 2315 1032 2356 deum
1064 2322 1162 2356 ante
1190 2317 1326 2356 lucem
1358 2320 1573 2369 surgentes

75 2368 331 2421 laudarent,
361 2385 384 2410 a
414 2371 531 2411 malis
566 2371 762 2412 omnibus
797 2372 1064 2413 abstinentes.
1126 2372 1180 2414 ad
1210 2386 1337 2428 quem
1366 2372 1572 2413 Traianus

76 2427 274 2468 rescribit
303 2427 561 2468 Christianos
595 2428 830 2469 nullatenus
861 2428 1154 2484 inquirendos-

189 2511 338 2552 Mundi
371 2528 482 2553 anno
516 2511 640 2564 5596,
674 2513 840 2555 divinae
870 2515 1171 2557 incarnationis
1202 2529 1312 2555 anno
1346 2512 1414 2565 96,
1442 2513 1570 2554 Ioan..
1584 2530 1620 2565 p.
1640 2519 1711 2556 656
1739 2520 1768 2553 1².

76 2581 173 2608 nem
203 2568 451 2625 deiloquum
497 2576 540 2611 et
569 2571 810 2625 apostolum
839 2572 1069 2613 Eirenaeus
1109 2580 1152 2613 et
1182 2572 1252 2612 alii
1279 2570 1470 2612 scribunt
1497 2587 1569 2612 su-

77 2625 298 2678 perstitem
336 2642 466 2681 usque
497 2626 549 2667 ad
581 2633 775 2682 tempora
816 2630 1090 2682 permansisse
1122 2629 1311 2679 Traiani,
1344 2642 1440 2669 cum
1469 2629 1567 2684 qui-

74 2680 152 2721 hus
185 2682 334 2737 Papias
363 2684 706 2738 Hieropolitanus
739 2690 782 2726 et
817 2686 1081 2743 Polycarpus
1110 2687 1317 2742 Smyrnae
1345 2686 1567 2741 episeopus

77 2737 290 2780 auditores
320 2741 405 2782 eius
435 2741 557 2782 fuisse
588 2748 834 2783 noscuntur.

186 2812 335 2854 Mundi
365 2829 475 2854 anno
490 2813 618 2864 5600,
652 2815 818 2857 divinae
851 2815 1150 2856 incarnationis
1172 2830 1282 2856 anno
1315 2816 1557 2868 centesimo,
1576 2827 1688 2872 p.657
1715 2826 1738 2860 9

75 2865 279 2911 Traianus
309 2871 432 2927 Lysio
466 2872 628 2924 Quinto
661 2872 834 2915 ludaeos
865 2889 884 2913 a
905 2870 1215 2928 Mesopotamia¹
1238 2873 1462 2915 seditiones
1495 2875 1558 2914 fa..
