1728 3184
682 158 896 223 noran.
1416 171 1515 222 477

51 302 132 341 iam
159 301 351 356 proxima
378 300 603 341 Mauricius
629 300 789 340 certior
809 300 856 340 fit
869 300 1107 355 Cbaganum
1137 299 1305 341 differre
1337 313 1518 356 pugnam

49 356 101 398 de
130 357 350 407 industria,
380 360 484 398 etc.''
510 356 704 396 vicesimo
736 357 975 411 contigisse:
1005 358 1083 396 aiia
1113 372 1220 412 quae
1252 359 1359 396 notis
1390 372 1516 411 prae-

51 414 293 454 cedentibus
325 412 380 453 ad
409 428 564 453 annum
595 413 802 453 decimum
832 428 990 452 nonum
1021 428 1068 453 ex
1099 415 1351 453 Simocattae
1377 413 1518 453 calcu..

49 469 98 510 lis
126 469 301 510 diximus
334 470 580 524 pertinere,
628 468 670 508 in
711 467 838 508 alium
878 468 1070 523 priorem
1114 484 1268 508 annum
1312 469 1519 510 decimum

48 530 247 566 octavum
288 531 415 566 erunt
460 524 737 566 remittenda.
781 531 823 565 et
857 524 938 565 hoc
980 530 1105 579 pacto
1136 524 1280 565 decem
1310 539 1518 565 annorum

47 575 168 636 gestis
200 582 244 621 in
273 597 402 622 annos
434 581 600 636 priores
634 580 851 631 revocatis,
882 595 1087 621 annorum
1113 581 1292 621 duorum
1319 582 1518 622 dissensus

49 639 163 679 inter
187 637 460 678 Simocattam
488 644 531 678 et
562 636 864 691 Theophanem
894 636 947 677 ad
959 637 1152 678 Mauricii
1183 651 1310 678 annos
1338 637 1364 678 9
1395 640 1445 681 10
1476 645 1517 678 et

51 695 101 734 11
133 695 428 744 observatus‚’
418 709 459 734 m
488 694 760 734 concordiam
801 694 965 748 poterit
1006 694 1213 734 revocari.
1274 694 1407 733 sotum
1438 694 1516 734 ob-

47 755 130 790 stat
189 751 276 791 uod
305 765 415 790 anno
445 750 643 790 vicesimo
664 757 898 790 memorato
922 764 1012 804 cap.
1028 750 1069 801 4,
1089 756 1239 790 cuncta
1268 750 1368 790 haec
1401 750 1517 803 quasi

47 807 133 847 eius
158 766 344 847 (decursu
373 806 456 846 visa
485 807 640 847 referat
664 806 894 846 Simocatta
921 821 1016 860 cap.
1030 806 1069 858 5,
1100 814 1227 862 atque
1253 807 1364 860 ipsae
1374 806 1519 846 Theo-

47 861 152 903 dosii
183 868 354 918 nuptiae
389 862 429 902 in
461 878 615 902 annum
642 862 905 913 vicesimum,
945 877 1040 902 cum
1065 878 1089 902 a
1119 862 1265 902 chron.
1302 863 1517 903 Alexandr.

47 925 250 970 auctore,
273 926 365 959 tum
407 934 429 958 a
458 918 717 973 Theophane
760 919 979 973 repositae,
1010 933 1119 959 anno
1150 919 1298 973 priore
1324 935 1345 958 a
1378 919 1519 958 Simo-

46 972 158 1016 catta
188 949 426 1016 ceiebratae
454 989 502 1015 ea
532 974 583 1015 de
613 989 734 1015 causa
763 975 1015 1026 laudantur,
1046 975 1161 1030 quod
1190 976 1249 1015 issi
1276 991 1296 1014 a
1327 976 1521 1030 Septem-

45 1031 116 1073 bri
142 1031 240 1072 anni
279 1030 504 1085 periodum
547 1031 841 1085 auspicentui,
881 1031 949 1071 hic
992 1031 1193 1071 lulianum
1233 1031 1425 1073 ordinem
1452 1046 1520 1072 se·-

48 1094 206 1144 quutns,
230 1103 254 1128 a
285 1087 481 1128 Ianuario
514 1102 682 1128 cursum
716 1088 802 1128 eius
835 1087 1025 1128 videatur
1053 1088 1230 1129 emetiri.

162 1168 259 1226 438,
291 1170 331 1215 9.
388 1167 461 1212 τὸν
484 1168 647 1224 Ἀψήχ]
680 1170 858 1212 eundem
901 1172 1042 1213 variae
1071 1171 1271 1214 lectiones
1311 1178 1354 1213 et
1382 1185 1517 1212 anno-

47 1228 228 1269 tationes
261 1228 304 1268 in
336 1241 429 1283 pag.
462 1231 543 1271 215
574 1234 823 1272 memorant,

156 1311 267 1362 Ibid,
300 1312 365 1355 19.
422 1310 508 1350 τῶν
534 1311 714 1361 ναυτῶν]
746 1311 887 1352 variae
915 1310 1111 1352 lectiones
1131 1310 1201 1350 hic
1228 1310 1518 1362 consulendae,

46 1369 79 1409 si
114 1369 226 1409 folte
256 1367 310 1408 ad
341 1366 559 1418 barbaros,
597 1382 681 1407 non
716 1366 767 1407 ad
803 1373 945 1408 nautas
984 1367 1086 1408 haec
1112 1368 1370 1408 referantur.

154 1449 253 1498 439,
283 1451 323 1492 2.
380 1447 402 1490 ὁ
432 1450 479 1490 δὲ
510 1450 796 1503 Μαυρίκιος’
776 1466 821 1492 εκ
852 1447 993 1510 ἑαυτῷ
1022 1447 1260 1505 γενόμενος]
1289 1451 1518 1492 simocatta

44 1507 116 1552 lib.
143 1507 173 1549 8
201 1521 294 1563 cap.
332 1509 383 1551 11
415 1507 529 1547 cirea
558 1507 754 1549 medium.

154 1591 266 1633 Ibid.
301 1592 365 1634 10.
423 1586 499 1630 καί
523 1604 583 1637 εις
610 1588 687 1639 τιὶς
725 1587 904 1644 λαύρας]
935 1592 1082 1631 laurae
1109 1591 1344 1645 opponitur
1373 1606 1518 1631 mona·

39 1647 213 1688 seer-ium.
269 1646 352 1687 boc
383 1646 496 1687 enim
523 1647 843 1688 coenobitarum
872 1662 1095 1688 commune
1135 1648 1416 1689 domicilium:
1449 1647 1519 1687 illa

39 1703 394 1744 anachoretarum
434 1704 555 1743 cellas
596 1720 618 1743 a
664 1719 707 1744 se
750 1703 928 1744 invicem
959 1704 1116 1744 dissitas
1150 1703 1426 1744 habitantium
1457 1705 1518 1744 Ιο-

41 1774 126 1800 cus·
186 1760 366 1816 Cyrinus
406 1759 449 1799 in
476 1760 694 1814 Euthymii
734 1761 821 1800 vita
864 1760 1045 1801 Ianuarii
1089 1759 1142 1800 20
1182 1761 1295 1814 apud
1333 1762 1517 1800 Surium.

42 1821 159 1856 “non
186 1815 368 1857 habebat
396 1830 567 1871 magnus
599 1816 848 1857 Eutlumius
892 1817 934 1856 in
962 1816 1116 1866 animo,
1145 1831 1222 1857 nec
1251 1817 1518 1866 coenobium,

42 1886 120 1913 nec
150 1873 322 1913 omnino
341 1872 542 1912 lauram
531 1888 574 1912 in
595 1873 665 1913 ino
696 1873 790 1913 loco
814 1875 1100 1917 construere’'
1158 1873 1287 1913 infra:
1319 1874 1518 1914 “Petrum

41 1928 296 1970 adhortatur
324 1929 582 1983 episcopum,
612 1937 661 1969 ut
682 1930 736 1970 eis
755 1944 871 1983 parv
861 1944 901 1969 πε
923 1930 1120 1984 quasdam
1140 1930 1260 1969 cellas
1287 1935 1516 1978 construat,

41 1991 84 2025 et
110 1986 165 2024 eis
195 1986 399 2040 templum
429 1986 533 2026 scite
561 1985 764 2027 adornet:
797 1991 839 2026 et
867 1986 927 2026 sic
958 1986 1079 2026 brevi
1109 1986 1192 2026 illic
1221 1986 1382 2026 lauram
1410 2000 1517 2026 con-

41 2041 222 2082 stituit.”
279 2042 451 2082 inferius
489 2042 670 2083 iterum:
710 2042 999 2093 “Gerasimus,
1024 2056 1136 2089 ‚cum
1173 2043 1390 2082 maximam
1434 2043 1517 2082 iilic

40 2097 229 2148 lauram,
258 2112 368 2153 quae
397 2112 483 2138 non
526 2099 747 2152 pauciores
778 2113 904 2153 quam
948 2099 1209 2153 septuaginta
1242 2099 1515 2139 anachoretas

41 2128 246 2203 babebat',
297 2154 612 2196 construxisset·
655 2163 696 2196 et
737 2162 959 2208 praeterea
998 2155 1253 2196 coenobium
1293 2156 1333 2195 in
1375 2155 1516 2195 medio

40 2209 127 2251 eius
158 2212 316 2265 optime
339 2210 599 2263 collocasset,
629 2211 815 2262 curabat,
837 2218 884 2252 ut
913 2211 986 2266 qui
1005 2211 1387 2252 introducebantur
1417 2211 1513 2265 qui-

39 2265 134 2307 dem
162 2266 373 2320 monachi,
414 2273 634 2308 manerent
672 2268 713 2307 in
756 2267 987 2321 coenobio,
1018 2273 1059 2307 et
1087 2269 1215 2308 witam
1246 2267 1513 2307 monasticam

39 2330 308 2364 exercerent:
352 2323 427 2378 qui
468 2329 606 2364 autem
646 2324 807 2364 crebris
837 2329 880 2364 et
920 2323 1051 2379 longis
1079 2338 1122 2364 se
1151 2324 1362 2363 laboribus
1394 2337 1513 2363 exer-

38 2385 242 2431 cuerant,
284 2385 327 2421 et
356 2379 410 2420 ad
459 2380 731 2433 perfectionis
768 2394 980 2420 mensuras
1010 2381 1089 2420 iam
1117 2385 1408 2433 perveneiant,
1429 2393 1513 2432 eos,

38 2435 81 2476 in
109 2436 158 2477 iis
170 2451 303 2500 quae
342 2437 501 2490 (laura)
547 2442 755 2477 vocantur
785 2436 895 2476 celiis
929 2437 1150 2485 collocans,
1182 2436 1258 2476 sub
1286 2435 1365 2475 hac
1392 2434 1515 2476 iube-

37 2491 115 2533 bat
139 2492 284 2534 vivere
314 2492 475 2546 regula,
508 2499 555 2532 ut
584 2494 770 2548 quinque
792 2492 876 2533 dies
902 2492 1201 2543 hebdomadae,
1233 2491 1515 2546 unusquisque

36 2548 83 2589 in
111 2549 289 2603 propria
322 2548 425 2589 cella
447 2549 602 2599 sileret,
633 2549 735 2589 nihil
752 2556 932 2604 gustans,
965 2548 1081 2603 quod
1110 2554 1212 2589 esset
1239 2547 1514 2600 esculentum,

38 2603 120 2644 nisi
148 2619 313 2660 panem,
346 2610 390 2645 et
422 2620 587 2660 aquam,
620 2611 663 2646 et
690 2605 890 2661 dact210s.
933 2606 1106 2645 sabbato
1137 2611 1276 2645 autem
1307 2609 1350 2644 et
1378 2603 1515 2644 domi-

43 2661 154 2702 nica
165 2661 376 2702 venientes
408 2662 451 2701 in
480 2662 722 2711 ecelesiam,
766 2676 862 2702 cum
901 2660 1198 2716 participarint
1237 2660 1513 2709 sanctificata,

42 2723 168 2758 cocto
203 2724 429 2758 uterentur
459 2720 501 2760 in
531 2717 741 2761 coenobio
759 2748 772 2772 ‚
803 2724 845 2759 et
871 2723 1082 2759 sumerent
1103 2731 1254 2772 parum
1283 2717 1381 2771 vini,
1405 2720 1512 2758 etc.''

43 2771 125 2814 alia
151 2772 206 2815 ad
233 2788 328 2830 pag.
344 2769 440 2818 423.
