1768 3268
553 183 623 224 Ex
671 182 1019 226 THEOPH‘ANE.
1449 173 1514 223 49

51 295 293 338 Danubium
322 297 522 339 transiens
554 302 727 352 pontem
757 297 798 338 in
827 312 922 339 eum
951 297 1162 353 lapideum
1179 298 1293 351 seclt,
1322 297 1517 356 Scythas-

51 368 134 409 que
162 353 335 408 subegit.

159 424 301 467 Porro
328 424 527 481 vigesimo
545 426 695 482 quinto
713 427 875 482 imperii
903 427 964 467 sui
982 441 1094 467 anno
1109 427 1519 482 Constantinopolim
1531 433 1622 481 p.42

48 495 202 523 novam
218 485 396 524 Romam
416 485 650 538 nuncupari
668 482 868 536 decrevit,
889 485 1036 525 Marco
1053 486 1213 525 Romae
1239 486 1520 539 praesulatum

48 545 234 594 gerente.
301 539 597 580 Constantinus
631 546 851 595 praeterea
881 540 1123 596 vigesimum
1164 546 1325 581 sextum
1353 542 1520 596 imperii

48 595 112 636 sui
131 609 277 650 gerens
304 610 473 646 annum,
500 597 685 637 extendit
703 597 1039 651 persecutionem
1055 612 1172 638 suam
1200 596 1243 637 in
1265 597 1521 638 destructio-

49 666 146 692 nem
173 651 383 692 idolorum
411 658 539 708 atque
562 655 830 708 templorum.
887 667 967 708 per
989 653 1100 694 idem
1126 659 1290 708 tempus
1320 660 1363 695 et
1386 655 1521 695 Atha-

52 708 185 749 nasius
217 707 514 749 Alexandrinus
547 710 715 751 antistes
755 710 949 751 habetur.
1018 710 1215 765 vigesimo
1243 711 1421 765 septimo
1450 711 1520 750 ni-

47 763 272 806 hilominus
314 764 483 820 imperii
520 766 606 808 eins
654 781 764 808 anno
811 767 939 807 Iulius
976 780 1088 822 papa
1124 768 1337 809 Romanus
1385 781 1520 823 agno-

48 821 192 862 scitur.

158 893 307 935 Mundi
336 908 447 935 anno
487 892 622 946 5823,
649 893 814 935 divinae
852 894 1151 936 incarnationis
1192 911 1302 937 anno
1340 895 1446 949 323,
1475 896 1518 937 in

49 949 226 992 Oriente
253 950 378 992 fames
401 951 510 991 facta
538 956 625 1002 est,
667 951 726 991 ita
757 958 805 992 ut
832 951 997 992 modius
1040 952 1237 993 frumenti
1273 951 1356 994 400
1401 953 1522 994 fieret

49 1014 375 1061 argenteorum,
405 1007 638 1062 imperante
668 1006 944 1048 Constantino
975 1023 1084 1049 anno
1115 1009 1311 1064 vigesimo
1342 1015 1624 1066 octavo;p.43
1652 1020 1695 1054 16

48 1064 166 1104 cuius
194 1063 392 1119 vigesimo
422 1078 536 1104 nouo
568 1063 734 1119 imperii
765 1077 876 1104 anno
896 1065 1017 1105 Arius
1042 1065 1094 1104 ab
1123 1066 1244 1106 exilio
1273 1079 1352 1121 per
1382 1067 1522 1107 fictam

47 1119 352 1174 poenitentiam
390 1125 609 1162 revocatus
650 1126 693 1161 et
725 1119 1013 1162 Alexandriam
1042 1122 1185 1164 missus
1232 1137 1318 1163 non
1351 1129 1413 1165 est
1449 1138 1522 1165 re-

49 1183 194 1231 ceptus
211 1176 276 1218 'ab
301 1176 538 1218 Athanasio.

160 1249 391 1291 Tricesimo
422 1263 533 1290 anno
570 1249 737 1304 imperii
770 1249 1033 1291 Constantini
1061 1250 1148 1291 eius
1177 1251 1424 1293 tricennalia
1453 1255 1626 1305 ce-p.44

47 1304 209 1346 lebrata
236 1313 359 1356 sunt,
402 1306 571 1361 quando
601 1306 716 1347 stella
751 1307 791 1346 in
826 1306 941 1348 caelo
970 1308 1193 1361 apparuit,
1224 1308 1336 1363 apud
1369 1310 1522 1350 Antio-

49 1361 184 1402 chiam
230 1361 416 1402 interdiu
459 1368 610 1402 contra
656 1363 903 1403 orientalem
945 1369 1111 1417 partem
1150 1365 1353 1420 fumigans
1391 1367 1522 1407 vehe-

47 1424 234 1469 menter,
277 1423 478 1473 tanquam
506 1432 555 1458 ex
586 1418 775 1470 camino,
804 1419 857 1459 ab
897 1418 1004 1459 hora
1039 1420 1166 1461 tertia
1198 1436 1329 1476 usque
1357 1422 1410 1462 ad
1436 1422 1521 1464 ho-

49 1489 139 1515 ram
170 1475 374 1531 quintam.
439 1474 561 1514 Arius
603 1480 743 1515 autem
788 1489 883 1515 cum
913 1475 1216 1518 Nicomediensi
1256 1479 1438 1520 Eusebio
1476 1487 1520 1521 et

47 1531 326 1572 sectatoribus
361 1530 442 1572 suis
483 1530 748 1572 insurrexere
777 1545 872 1572 cnm
900 1531 1135 1574 iuramento
1176 1533 1336 1574 libellos
1365 1535 1519 1576 ortho-

50 1588 199 1628 doxiae
226 1587 492 1642 porrigentes
522 1588 782 1642 imperatori,
810 1588 967 1629 sitienti
996 1603 1145 1630 eorum
1176 1591 1249 1645 qui
1279 1591 1399 1633 divisi
1426 1594 1520 1634 sne-

47 1651 147 1686 rant
175 1644 402 1692 unitatem3
436 1650 480 1685 et
510 1658 754 1698 persuasere
782 1644 819 1685 ei
859 1645 1106 1687 mentientes
1136 1646 1252 1702 quod
1280 1650 1520 1690 concorda-

48 1706 144 1742 rent
174 1715 270 1741 cum
299 1701 490 1755 patribus
513 1701 586 1755 qui
614 1700 724 1756 apud
740 1701 933 1742 Nicaeam
959 1709 1258 1744 couvenerant.
1314 1705 1517 1761 siquidem

45 1757 108 1798 his
133 1757 328 1798 credulus
375 1757 609 1812 imperator
649 1758 886 1813 indignatus
926 1764 987 1799 est
1021 1758 1219 1801 adversus
1249 1761 1518 1803 Athanasium

45 1827 129 1869 pro
169 1828 221 1854 eo
261 1813 379 1870 quod
408 1814 584 1865 Arium,
621 1820 663 1854 et
707 1814 915 1855 Euzoium
955 1829 1041 1856 nou
1074 1818 1328 1871 susceperit,
1362 1820 1435 1874 qui
1465 1821 1517 1860 ab

46 1870 281 1912 Alexandro
308 1870 488 1926 depositi
517 1872 699 1921 fuerant,
732 1885 829 1912 cnm
856 1871 1038 1912 Euzoius
1068 1872 1267 1915 diaconus
1299 1883 1416 1917 esset.

153 1943 295 1984 Porro
325 1943 510 1998 primum
551 1950 595 1984 et
630 1943 887 1985 tricesimum
927 1945 1094 2000 imperii
1123 1946 1184 1987 sui
1214 1962 1369 1988 annum
1400 1948 1516 1988 Con-

44 1999 227 2040 stautino
260 2005 423 2055 agente,
451 1999 654 2041 Eusebius
687 2005 729 2040 et
767 2000 812 2041 hi
842 2001 913 2056 qui
944 2016 1039 2042 cum
1068 2003 1158 2056 ipso
1185 2009 1317 2053 erant,
1346 2004 1515 2045 inventa

46 2055 265 2096 occasione
305 2055 500 2097 adversus
538 2056 807 2097 Athanasium
853 2058 1126 2099 decertabant
1173 2065 1324 2115 utpote
1364 2069 1515 2102 contra

44 2118 324 2168 pugnatorem
353 2119 493 2154 rectae
531 2113 653 2163 fidei;
682 2128 779 2154 cum
806 2115 955 2170 quibus
987 2122 1029 2156 et
1053 2116 1266 2156 Meletiani
1292 2119 1516 2158 convenie-

44 2169 164 2210 bant.
196 2174 238 2209 et
270 2168 412 2223 primo
437 2168 607 2225 quidem
627 2173 712 2211 eius
732 2170 1036 2212 detrahebatur
1060 2172 1330 2224 ordinationi,
1364 2189 1514 2230 quam-

46 2240 172 2282 quam
201 2225 481 2280 Apollinarius
512 2227 656 2283 syrius
684 2241 832 2282 magna
862 2243 991 2283 super
1006 2228 1218 2270 Athanasii
1245 2231 1514 2272 ordinatione
1526 2238 1621 2286 p.45

46 2287 245 2329 testetur;
289 2282 479 2324 secundo·
515 2296 618 2325 vero
657 2282 709 2325 de
754 2285 862 2326 linea
899 2292 1033 2339 veste,
1066 2300 1149 2341 qua
1178 2287 1296 2327 indui
1322 2295 1513 2328 sanctum

44 2337 200 2379 inimici
219 2339 604 2389 calumniabantur;
631 2341 808 2382 tertium
828 2356 954 2396 super
967 2342 1231 2396 Philumene,
1262 2346 1330 2384 cui
1362 2359 1511 2385 aurum

42 2395 222 2436 multum
256 2394 369 2436 hunc
408 2396 561 2438 misisse
591 2396 848 2439 mendaciter
886 2399 1121 2440 asserebant
1161 2399 1202 2440 in
1235 2400 1400 2440 iusidias
1428 2402 1510 2440 im-

42 2452 263 2506 peratoris.
322 2453 525 2493 accersito
570 2459 710 2494 autem
746 2454 970 2495 Athanasio
1000 2456 1257 2510 imperator,
1283 2462 1324 2497 et
1358 2463 1510 2498 cuncta

41 2508 140 2548 falsa
169 2509 412 2563 reperiens,
452 2524 547 2550 cum
576 2511 750 2564 epistola
784 2517 827 2552 et
869 2512 1032 2553 honore
1070 2513 1361 2553 Alexandriam
1396 2513 1509 2555 huuc

41 2565 210 2606 remisit.
268 2564 417 2607 deinde
446 2566 589 2607 Ariani
617 2567 786 2609 diversis
815 2568 1038 2609 Athanasio
1067 2569 1178 2624 apud
1210 2570 1507 2623 imperatorem
1519 2586 1556 2623 p.
1571 2575 1617 2611 47
1645 2575 1688 2611 14

40 2622 371 2663 accusationibus
401 2623 661 2678 derogantes,
690 2631 787 2678 post
817 2626 946 2666 multa
977 2640 1074 2666 cum
1102 2627 1337 2668 iuramento
1366 2626 1507 2669 dicere

40 2691 353 2773 praesumpsere
383 2681 479 2735 quia
497 2680 759 2722 minitantem
776 2681 1007 2723 audivimus
1023 2681 1302 2733 Athanasium,
1333 2690 1374 2723 et
1402 2698 1507 2737 pro-

73 2734 253 2776 ibentem
279 2737 479 2776 frumenti
499 2736 749 2779 delationem
778 2753 885 2794 quae
914 2739 1109 2781 veniebat
1137 2739 1188 2777 ab
1216 2741 1404 2794 Aegypto
1424 2741 1505 2795 By-

42 2792 243 2840 zantium;
277 2791 386 2832 unde
417 2799 459 2834 et
484 2802 698 2837 commoto
729 2796 771 2835 in
813 2795 917 2836 iram
954 2796 1088 2836 amico
1116 2794 1269 2836 Christi
1298 2796 1503 2851 principe,

178 2876 416 2923 Theophanes
443 2878 494 2912 11.
1226 2875 1250 2910 4
