1728 3184
195 205 292 252 356
701 206 757 247 ΙΝ
797 205 1171 255 THEOPHANEM

192 326 439 366 sententiam
470 325 520 365 dc
539 322 874 367 Messalianorum
899 325 1075 367 haeresis
1105 324 1268 380 origine
1295 324 1455 367 accedit
1469 326 1661 367 Petavius

196 383 300 423 notis
334 383 374 422 in
401 381 695 437 Epiphanium,

304 465 454 520 99,11.
491 466 802 536 βαλλίζουσιν]
835 466 981 507 Suidas
1001 464 1228 518 βαλλίζειν,
1250 462 1313 517 τό,
1342 464 1539 520 κύμβαλα
1559 480 1662 506 κτυ-

191 525 297 578 πεῖν,
329 519 528 577 καὶπρὸς
557 519 633 562 τὸν
662 519 831 563 ἐκείνων
860 517 965 576 ἦχον
992 522 1235 575 όοχεῖσθαι.
1293 530 1353 563 est
1383 537 1551 578 quoque
1578 524 1662 564 La-

193 580 287 620 tinis
319 580 426 621 hallo
453 589 492 620 et
520 580 700 630 ὒαίἶαιὶο,
728 581 856 620 saito:
886 580 936 620 de
971 580 1119 634 quibus
1153 580 1369 631 Meursius,
1401 586 1443 620 et
1474 578 1661 619 Laceida

192 636 232 675 in
263 635 519 677 adversariis.
582 636 805 676 dictionem
837 637 1054 685 Graecam,
1101 641 1142 676 et
1173 635 1355 690 antiquis
1386 636 1662 692 scriptoribus

191 698 331 733 notam
359 692 543 734 vindicat
574 693 806 733 Athenaeus
837 692 1117 747 Deipnosoph.
1148 691 1217 736 lib.
1249 691 1293 733 8.

300 778 504 823 1b1d.17.
564 770 661 831 ἧκεν
692 777 752 825 εἰς
784 771 1053 828 Καισάρειαν
1086 776 1130 825 ἐξ
1159 775 1383 832 ανατολῆς]
1417 792 1500 817 non
1533 792 1661 832 prae-

190 835 440 875 ῐειειιηάιιῐη
469 849 658 875 errorem
693 838 811 888 (pace
843 834 949 873 tanti
989 833 1070 873 viri
1103 833 1291 885 dixerim)
1325 835 1364 873 in
1395 835 1578 874 Baronio
1609 834 1662 874 ad

189 906 344 931 annum
371 890 452 931 370
487 907 597 931 num.
629 889 682 930 37
713 888 995 944 deprehendo.
1052 905 1136 930 uno
1169 890 1326 945 quippe
1342 890 1523 931 Valentis
1555 891 1664 930 Cae-

187 963 345 1003 saream
376 963 541 988 accessu
576 947 722 1002 posim,
752 961 800 987 eo
830 948 1068 1000 prof‹ctum
1101 947 1317 998 existimat,
1348 962 1442 987 cum
1474 948 1663 987 Nicome-

186 1004 255 1044 dia
287 1004 368 1044 iter
394 1019 515 1059 agens
550 1003 813 1044 Antiochiam
840 1003 1037 1057 perrexit,
1067 1003 1344 1058 Basiliumque
1371 1003 1448 1044 loci
1481 1003 1665 1044 eiusdem

186 1068 373 1101 creatum
404 1061 626 1101 antistitem
669 1059 842 1114 reperit.
899 1060 1071 1109 Valens,
1106 1059 1253 1114 inquit,
1284 1060 1523 1104 Nicomedia
1551 1075 1662 1099 rece·

184 1119 294 1168 dem,
326 1118 490 1157 contulit
533 1133 574 1157 se
600 1131 688 1156 cum
717 1118 795 1156 suis
825 1115 1064 1155 Caesaream
1108 1116 1412 1171 Cappadociae,
1443 1126 1662 1156 vexaturus

182 1175 393 1213 ecclesiam
422 1175 542 1213 illam
561 1204 572 1225 ‚
612 1189 752 1228 nempe
799 1173 910 1227 qnod
947 1181 1111 1226 praeter
1153 1187 1311 1212 suornm
1357 1173 1660 1226 magistratuum

182 1240 414 1270 sententzam
434 1234 632 1270 creassent
648 1230 897 1269 orthodoxae
905 1228 1226 1284 s'dezmsz‘rnem
1246 1229 1509 1282 dfimooem,
1541 1244 1658 1269 acer-

181 1288 405 1343 rimamque
426 1296 767 1343 propugnatorem
795 1299 987 1339 magnum
1009 1285 1238 1325 Bas'stlizcm:
1277 1285 1382 1324 infra
1417 1300 1530 1326 vero
1559 1286 1661 1342 quzd

181 1352 309 1383 autem
342 1351 476 1382 actum
509 1345 562 1382 sit
591 1359 617 1383 a
635 1342 810 1383 Valente
842 1342 1032 1382 adversus
1062 1342 1280 1392 Basiliam,
1313 1357 1400 1381 cum
1415 1341 1571 1382 Caesa!
1569 1357 1658 1382 eam

180 1402 313 1448 ve111'‚t
346 1398 586 1439 Sozomenus
630 1409 670 1439 et
707 1400 784 1438 alii
821 1413 912 1438 cum
949 1398 1151 1449 recitant,
1186 1399 1316 1453 plane
1342 1399 1656 1450 hallucinantur,

181 1455 275 1495 dnm
301 1465 451 1512 putant
490 1456 704 1495 adventum
738 1455 785 1494 V
779 1456 920 1495 alenus
953 1454 1205 1494 Caesaream
1249 1469 1294 1494 eo
1323 1463 1498 1509 tempore
1527 1456 1659 1495 conci-

178 1527 291 1565 gzsse,
319 1528 396 1568 qao
427 1512 592 1552 Eusebia·
620 1514 703 1552 eius
733 1513 911 1551 civztatis
940 1513 1119 1566 episcopi
1146 1510 1340 1550 adversus
1366 1512 1571 1551 Βαειίῐιιηι
1601 1512 1660 1550 .ςὶ-

182 1570 330 1607 mullas
358 1569 434 1607 ella
462 1569 632 1623 vigebat.
688 1583 782 1608 nam
803 1569 958 1607 Basilio
991 1568 1078 1607 iam
1106 1581 1289 1623 epzscopo
1317 1577 1462 1618 creato,
1497 1567 1541 1606 V
1537 1568 1655 1606 alen-

180 1634 254 1662 tem
284 1639 329 1664 eo
355 1628 612 1680 pervenisse,
642 1625 736 1680 ipsa
775 1639 908 1664 terum
946 1633 1150 1677 gestatum
1186 1638 1309 1663 senes
1332 1625 1425 1679 plns
1452 1639 1519 1664 εει
1519 1634 1556 1664 to
1585 1624 1657 1663 de-

181 1682 334 1720 clarat.
369 1694 516 1721 verum
543 1681 668 1721 semel
700 1688 742 1720 et
771 1681 938 1731 iterum,
967 1680 1226 1720 Antiochiam
1256 1680 1448 1720 videlicet
1475 1686 1657 1731 euntem,

184 1743 225 1776 et
252 1752 296 1776 ex
339 1751 386 1777 ea
428 1743 730 1787 revertentem,
772 1737 852 1777 iter
884 1738 1083 1777 Caesarea
1124 1737 1292 1788 fecisse,
1322 1742 1365 1776 et
1396 1737 1437 1777 in
1468 1752 1559 1777 eam
1590 1737 1657 1776 in-

182 1808 379 1848 gressum,
402 1794 631 1833 Baronium
659 1808 740 1833 non
772 1793 1010 1843 advertisse,
1040 1808 1091 1833 ex
1116 1792 1202 1832 eius
1229 1793 1364 1832 verbis
1391 1794 1484 1847 plus
1522 1808 1658 1848 aequo

181 1855 356 1890 constat.
415 1850 567 1890 itinere
592 1850 735 1904 'primo
765 1849 1025 1890 Antiochiam
1057 1849 1227 1890 tendens
1257 1849 1455 1889 Basilium
1487 1850 1658 1905 quidem

181 1906 342 1947 audivit
378 1905 634 1947 orthodoxae
674 1906 768 1945 fidei
801 1906 1059 1946 defensorem
1097 1912 1140 1946 et
1178 1913 1537 1960 propugnatorem
1566 1922 1660 1946 ma-

182 1977 321 2017 gnum,
356 1969 398 2003 at
433 1978 566 2017 neque
595 1970 881 2016 praesentem,
923 1977 1058 2016 neque
1102 1962 1263 2016 reperit
1302 1963 1563 2018 episcopum:
1594 1978 1655 2003 se-

122 2059 125 2063 ,
182 2019 330 2070 cundo,
352 2034 448 2059 cum
479 2020 675 2058 nimirum
708 2019 883 2066 rediret,
906 2018 1174 2072 conspicuum
1196 2019 1358 2069 habuit,
1388 2025 1430 2059 et
1462 2019 1656 2060 ecelesiae

183 2076 456 2117 Caesariensis
484 2083 709 2126 rectorem,
745 2081 785 2114 et
813 2090 907 2114 cum
938 2090 985 2115 eo
1018 2077 1138 2130 gessit
1168 2075 1248 2123 illa,
1281 2090 1388 2130 quae
1416 2075 1484 2116 hie
1510 2077 1658 2117 brevi-

181 2133 256 2174 bus
287 2138 503 2173 contracta
533 2133 657 2171 fusius
691 2147 713 2170 a
743 2106 1042 2172 Theodo1et0⁰
1053 2132 1299 2171 referuntur
1328 2132 1396 2173 lib.
1421 2132 1450 2172 4
1479 2148 1569 2187 cap.
1606 2136 1655 2177 17

183 2196 225 2230 et
253 2204 275 2228 a
305 2190 532 2230 Sozomeno
568 2186 699 2228 1ih.6
731 2201 820 2242 ca.p
847 2192 910 2231 15.
971 2188 1146 2242 duplicis
1179 2189 1284 2228 illius
1315 2189 1558 2229 Caesaream
1578 2191 1656 2230 ad-

183 2251 330 2286 ventus
370 2252 548 2286 assertor
579 2251 659 2296 est,
690 2250 780 2284 tum
810 2260 934 2299 quem
975 2244 1173 2284 Bz'uonius
1217 2244 1346 2284 eludit
1387 2246 1657 2297 Sozomenus,

183 2308 273 2343 tum
302 2303 527 2356 Gregorius
554 2301 766 2355 theologus
798 2308 905 2341 orat.
936 2300 987 2341 20
1021 2301 1059 2340 in
1101 2301 1237 2341 Basilii
1271 2301 1433 2342 laudem
1462 2317 1656 2356 pronun..

184 2359 302 2399 tiata.
363 2334 468 2399 iliius
504 2359 752 2409 testimonio,
784 2372 867 2412 quo
896 2359 1041 2413 nugari
1079 2358 1280 2398 Baronins
1312 2364 1464 2410 censet,
1493 2360 1656 2407 omisso,

184 2415 304 2456 huius
337 2415 466 2455 veiha
495 2415 837 2456 rese1arn.nai
864 2428 968 2464 μετα
1002 2411 1202 2466 τοιαύτης
1234 2412 1335 2467 ἡμῖν
1362 2412 1657 2467 ἑπιστοατεύει

184 2472 257 2522 τῆς
284 2469 493 2523 οἶσεβεὶάς.
551 2486 640 2511 cum
666 2471 1111 2526 lmzfl‘usmodiimpzetate
1139 2472 1351 2510 advenum
1380 2487 1451 2512 nos
1477 2471 1658 2526 expedi..

184 2530 330 2568 tionem
371 2529 633 2582 (Caesaream
676 2528 845 2579 versus)
888 2529 1048 2583 suscipit
1084 2528 1260 2567 Valens:
1306 2541 1399 2567 mox
1442 2528 1658 2578 exercitus,

186 2583 424 2639 ducumque
450 2584 634 2626 Valentis
672 2583 909 2623 barbaricas
954 2584 1207 2623 incursiones
1241 2589 1464 2638 superante
1496 2585 1656 2638 impetu

185 2639 406 2694 descripto,
441 2648 482 2682 et
510 2646 704 2681 enarrata
735 2654 811 2694 per
840 2640 1025 2680 ecclesias
1067 2641 1153 2680 inas
1185 2641 1360 2680 immissa
1387 2645 1538 2694 strage,
1568 2647 1673 2680 tumr

186 2697 378 2751 Gregmii
415 2697 467 2738 ad
499 2697 689 2738 Basilium
720 2695 934 2750 legatione,
969 2702 1010 2736 et
1040 2697 1126 2737 eius
1161 2711 1183 2736 e
1212 2697 1344 2736 Ponto
1376 2697 1530 2747 reditu,
1562 2697 1660 2736 sub-

186 2751 262 2792 dit.
322 2763 439 2808 atque
467 2755 533 2793 illi
560 2769 678 2804 sane,
708 2752 896 2793 Valentis
927 2753 1115 2803 comites,
1157 2755 1211 2792 sic
1243 2753 1398 2805 zlpfectis
1423 2753 1538 2792 rebus
1567 2752 1659 2792 ἄιε-

184 2824 298 2849 cesse1
300 2820 388 2859 unt,
421 2811 524 2850 mali
554 2811 661 2850 male
687 2818 768 2849 tum
792 2809 969 2864 primum
993 2810 1221 2864 pudefacti,
1253 2819 1289 2850 ei
1319 2824 1438 2864 supe]
1437 2810 1513 2859 ati,
1541 2818 1657 2866 atque
