1768 3268
296 213 388 258 182
493 214 775 258 ANASTASH
818 214 1076 257 HISTORIA
1110 212 1522 256 ECCLESlASTlCA

154 343 190 380 p.
207 337 276 373 550
290 330 474 370 batarios
499 330 575 369 sibi
603 336 828 381 statuerat,
868 336 955 370 tam
983 329 1138 369 scilicet
1164 342 1232 369 eos
1264 326 1335 381 qui
1368 323 1420 365 ad
1450 340 1574 369 eoum
1603 331 1646 366 et
1674 341 1750 367 oc-

287 401 422 426 casum
452 401 576 441 quam
607 386 695 426 illos
726 386 799 441 qui
830 385 882 426 ad
911 392 1075 426 arctum
1111 391 1152 425 et
1181 382 1398 424 meridiem
1424 382 1749 422 commoraban-

286 449 369 490 tur,
401 442 452 482 ab
488 443 561 481 ista
593 442 822 482 detestabili
850 447 970 496 gente
993 440 1120 480 fuerit
1147 445 1378 493 superatus,
1439 453 1586 480 verum
1615 439 1749 492 impe-

286 505 406 539 rator
449 499 506 538 ita
537 499 706 553 quidem
748 504 789 538 et
826 497 1091 551 providentia
1135 496 1198 536 dei
1230 494 1310 534 hoc
1340 494 1582 537 Christianis
1612 496 1750 535 conti-

281 554 382 609 gisse
413 554 606 604 credens,
642 555 874 608 evangelice
912 559 1092 593 tractans
1128 566 1272 606 pacem
1302 550 1413 601 fecit,
1443 556 1486 591 et
1511 551 1591 591 fuit
1621 566 1750 606 usque

283 611 334 650 ad
366 611 528 650 obitum
564 624 685 650 suum
729 610 890 664 quietus
921 624 944 648 a
973 608 1128 648 cunctis
1158 607 1358 657 hostibus,
1384 607 1566 648 studium
1594 607 1748 648 habens

280 667 556 721 praecipuum
590 666 758 707 uniendi
802 668 1006 706 universas
1046 665 1231 704 ecclesias
1259 662 1325 703 dei
1356 678 1463 719 quae
1494 664 1651 719 ubique
1682 663 1749 703 di-

281 723 390 763 visae
416 723 582 763 ruerant
624 738 646 762 a
687 722 946 776 temporibus
978 720 1162 760 Heraclii
1199 718 1400 774 principis
1431 721 1582 774 proavi
1610 720 1674 760 sui
1707 727 1750 760 et

281 779 414 833 Sergii
442 779 578 818 vesani
610 793 658 818 ac
686 777 861 834 Pyrrhi,
892 777 963 833 qui
1001 775 1166 832 indigne
1196 776 1353 816 throno
1386 776 1747 832 Constantinopo-

281 837 366 876 leos
391 835 676 888 praefuerunt,
701 849 826 874 unam
858 833 1114 874 voluntatem
1143 839 1185 874 et
1224 847 1350 872 unam
1383 833 1675 886 operationem
1706 833 1747 873 in

281 891 450 932 domino
495 890 572 931 deo
613 905 660 930 ac
698 890 901 930 salvatore
933 895 1077 930 nostro
1109 888 1489 943 dogmatizantium.
1564 905 1748 945 quorum

279 963 455 1002 nequam
488 947 729 1001 opinionem
758 947 1001 987 subvertere
1022 951 1207 1000 satagens
1238 945 1347 986 idem
1380 945 1748 986 christianissimus

279 1004 510 1057 imperator
531 1003 709 1044 concilio
736 1002 1378 1057 universaliConstantinopolim
1407 1009 1642 1042 convocato
1665 1000 1746 1043 289

279 1061 568 1114 episcoporum
587 1092 597 1111 ‚
633 1065 713 1098 tarn
743 1059 935 1112 dogmata
975 1073 1081 1113 quae
1113 1059 1154 1098 in
1186 1059 1528 1099 antecedentibus
1559 1058 1748 1114 quinque

275 1116 426 1156 sanctis
469 1122 509 1155 et
536 1115 835 1156 universalibus
877 1114 1058 1155 conciliis
1086 1114 1254 1155 fuerant
1285 1115 1532 1155 confirmata
1563 1115 1746 1156 robora-

275 1173 348 1222 vit,
379 1186 583 1226 quamque
610 1171 726 1226 pium
749 1171 927 1211 duarum
957 1171 1223 1212 voluntatum
1243 1177 1285 1212 et
1312 1172 1610 1226 operationum
1639 1185 1743 1226 pro-

273 1227 449 1282 mulgari
479 1227 626 1282 dogma
657 1228 842 1268 decrevit
864 1241 943 1281 per
971 1227 1144 1269 eandem
1162 1233 1345 1269 sanctam
1376 1233 1418 1269 et
1441 1227 1748 1268 subtilissimam

275 1283 512 1324 universalis
553 1283 720 1323 concilii
758 1283 992 1339 synodum;
1023 1284 1090 1324 cui
1131 1289 1357 1339 praeerant
1383 1291 1469 1325 tam
1499 1283 1587 1338 ipse
1615 1284 1747 1338 piissi-

273 1355 361 1380 mus
391 1340 620 1394 imperator
649 1340 941 1381 Constantinus
983 1355 1108 1396 quam
1133 1341 1193 1395 pii
1230 1341 1443 1396 principes
1466 1339 1746 1381 sacerdotum.

273 1410 406 1451 porro
435 1411 512 1449 per
556 1395 663 1438 idem
708 1402 868 1451 tempus
898 1396 1000 1437 Azid
1039 1398 1182 1453 coepit
1210 1412 1294 1439 esse
1323 1397 1509 1439 Arabum
1536 1397 1746 1453 princeps,

274 1452 346 1508 qui
376 1452 508 1493 tribus
535 1451 596 1493 his
628 1453 812 1507 praefuit
847 1453 976 1496 annis.

146 1553 183 1588 p.
197 1542 263 1578 551
386 1532 503 1571 Anno
535 1530 697 1585 imperii
734 1530 996 1572 Constantini
1037 1532 1289 1573 duodecimo
1319 1532 1492 1573 collecta
1522 1537 1582 1572 est
1605 1537 1748 1572 sancta

276 1593 317 1627 et
364 1588 599 1628 universalis
643 1593 754 1629 sexta
803 1589 985 1644 synodus
1040 1589 1406 1643 Constantinopoli
1466 1588 1748 1629 ducentorum

276 1643 514 1697 octuaginta
544 1659 692 1685 novem
718 1651 956 1686 sanctorum
986 1653 1169 1701 patrum,
1208 1645 1508 1702 praeceptione
1536 1645 1597 1700 pii
1625 1645 1749 1705 prin-

277 1700 376 1754 cipis
409 1700 678 1741 Constantini.
1675 1711 1677 1713 ’

387 1783 532 1824 Mundi
563 1799 670 1827 anno
687 1783 810 1838 6173,
839 1786 1004 1828 divinae
1039 1786 1337 1828 incarnationis
1368 1800 1476 1827 anno
1510 1784 1608 1838 673,
1636 1801 1745 1827 anno

277 1854 379 1880 vero
413 1840 578 1894 imperii
614 1842 675 1881 sui
709 1841 780 1894 13,
820 1843 976 1897 repulit
1005 1843 1300 1885 Constantinus
1344 1843 1396 1889 ab
1440 1843 1620 1898 imperio
1664 1844 1749 1883 fra-

276 1903 367 1992 ires
391 1910 484 1991 sufo¹s
515 1897 756 1939 Heraclium
783 1905 826 1941 et
853 1900 1087 1952 Tiberium,
1117 1906 1159 1943 et
1187 1901 1295 1942 solus
1326 1899 1517 1955 regnavit
1546 1914 1641 1940 cum
1672 1899 1748 1941 Ti-

309 1966 397 1992 erno
440 1968 510 1992 110
539 1967 625 1994 suo.

391 2037 508 2076 Anno
542 2037 708 2092 imperii
739 2039 998 2082 Constantini
1035 2040 1086 2081 14
1113 2041 1309 2081 Muchtar
1338 2040 1514 2081 mendax
1547 2039 1647 2080 dum
1677 2046 1747 2096 ty-

278 2092 495 2132 rannidem
525 2095 793 2148 exercuisset,
833 2097 1018 2138 obtinuit
1043 2097 1270 2138 Persidem.
1333 2098 1511 2138 vocabat
1540 2101 1680 2137 autem
1705 2112 1749 2138 se

276 2147 410 2203 ipsum
440 2148 701 2203 prophetam,
736 2158 779 2195 et
802 2154 1043 2195 conturbati
1067 2161 1163 2195 sunt
1192 2153 1366 2195 Arabes.

388 2233 506 2273 Anno
540 2233 704 2288 imperii
732 2237 992 2280 Constantini
1015 2239 1065 2280 15
1099 2239 1284 2280 Arabum
1315 2239 1509 2294 princeps
1541 2236 1743 2278 Maruhan

275 2302 386 2328 anno
425 2302 510 2329 uno
552 2292 782 2343 praefectus
820 2301 907 2345 est,
947 2295 1154 2351 siquidem
1204 2297 1403 2337 defuncto
1447 2293 1546 2335 Azid
1586 2293 1747 2334 turbati

276 2345 430 2385 Arabes
460 2345 649 2386 Aethribi
678 2349 1010 2403 insurrexerunt,
1043 2353 1342 2393 constituentes
1373 2351 1521 2392 ducem
1550 2350 1627 2391 sibi
1657 2351 1746 2390 Ab-

274 2399 409 2440 delam
438 2401 644 2456 quendam
673 2404 802 2444 filium
820 2407 975 2456 Zcbur,
1010 2416 1051 2449 et
1080 2409 1325 2465 congregati
1354 2408 1582 2449 Phoenices
1612 2412 1654 2447 et
1669 2407 1747 2446 Pa-

273 2455 435 2497 laestini
462 2459 710 2499 Damascum
738 2462 932 2517 veniunt,
971 2466 1042 2505 sed
1075 2473 1117 2506 et
1152 2481 1281 2521 usque
1318 2464 1538 2506 Gabitham
1571 2469 1613 2504 ct
1641 2464 1746 2502 Asan

275 2513 459 2576 amiram
488 2515 769 2568 Palaestinae,
814 2518 999 2574 dantque
1042 2537 1186 2562 manus
1231 2523 1420 2563 dexteras
1451 2520 1675 2561 Marsuhan
1706 2524 1748 2559 ct

275 2575 423 2633 sistunt
449 2585 543 2611 eum
563 2571 726 2623 ducem,
754 2574 825 2629 qui
856 2576 1010 2617 amirae
1039 2577 1396 2618 administratione
1420 2577 1608 2631 fungitur
1626 2590 1747 2616 men-

274 2625 383 2688 sibus
415 2640 581 2668 novem.
662 2643 747 2683 quo
796 2637 966 2672 mortuo
999 2634 1237 2675 Abirnelcch
1282 2635 1387 2674 filius
1421 2634 1545 2688 ipsius
1577 2633 1747 2686 suscipit

144 2682 570 2736 p‚552p1=1ncipatum,
605 2698 701 2725 cum
729 2686 877 2727 amiras
906 2689 1044 2729 suisset
1073 2691 1186 2730 annis
1215 2692 1265 2731 21
1298 2699 1424 2746 atque
1455 2689 1642 2740 dimidio,
1671 2703 1747 2743 ag-

274 2738 547 2794 grediturque
585 2748 783 2795 tyrannos
796 2773 808 2794 ,
844 2749 887 2786 et
926 2745 1135 2788 interfecit
1172 2747 1388 2789 Abdellam
1427 2747 1558 2788 filium
1589 2746 1744 2796 Zuber,

275 2808 353 2834 nec
382 2809 463 2835 non
496 2796 728 2838 Dodacum,
