1768 3268
240 185 332 239 140
452 197 733 241 ANAs'rAsn
777 196 1036 239 nis‘romA
1069 191 1481 238 EchEsiAsrmA

238 311 422 366 nopolim
451 312 794 354 conscenderunt.
867 310 1021 353 occidit
1052 315 1188 351 autem
1215 307 1373 349 Phoeas
1419 318 1586 346 omnem
1619 319 1694 346 co-

237 368 474 423 gnationem
502 368 693 410 Mauricii
718 374 761 410 et
791 367 1142 410 Commentiolum
1172 369 1413 421 praetorem
1433 362 1623 402 Thracae
1654 369 1696 403 et

237 423 335 464 alios
364 425 528 465 multos.
587 426 695 466 facta
725 431 784 466 est
813 430 949 465 autem
979 424 1020 464 in
1051 437 1159 463 anno
1201 421 1278 461 isto
1309 420 1435 460 etiam
1464 418 1694 459 mortalitas

105 495 139 531 p-
155 484 223 522 457
237 486 278 521 et
307 481 447 536 inopia
482 482 615 522 omnis
641 481 804 536 speciei.
874 486 1090 535 praeterea
1118 479 1267 520 Persae
1296 491 1378 516 una
1408 490 1501 516 cum
1533 475 1694 516 Carda-

235 537 323 592 riga
356 537 504 592 egressi
532 545 736 592 ceperunt
762 537 998 578 Armeniam
1031 542 1072 576 et
1089 532 1407 589 Cappadociam,
1439 537 1696 587 pugnantes-

235 607 316 649 que
343 594 631 634 Romanorum
671 599 892 636 verterunt
932 592 1124 640 militias,
1172 594 1459 644 ceperuntque
1488 589 1696 629 Galatiam

234 656 277 690 et
302 649 638 704 Paphlagoniam,
671 657 713 691 et
739 655 943 691 venerunt
974 663 1103 704 usque
1124 646 1442 696 Chalcedonem,
1472 645 1560 686 sine
1589 659 1695 700 par-

234 706 359 746 citate
388 706 683 761 depopulantes
712 714 900 749 aetatem.
942 712 983 746 et
1014 703 1181 760 quidem
1208 704 1361 744 Persae
1390 701 1494 742 foris
1522 708 1693 756 portam

233 762 427 803 Romanis
453 763 715 818 tyrannidem
745 763 978 803 inferebant
996 793 1006 813 ‚
1034 761 1192 801 Phocus
1221 773 1324 801 vero
1357 758 1603 800 intrinsecus
1630 757 1693 798 his

232 818 379 873 peiora
407 819 616 874 patrabat,
646 819 839 860 occidens
870 825 996 874 atque
1026 818 1248 872 captivans.

341 892 460 931 Anno
492 891 656 946 imperii
697 891 862 932 Phocae
888 891 1063 946 septimo
1106 889 1272 944 Sergius
1302 886 1692 942 Constantinopoli..

233 951 363 998 tanus,
391 947 605 988 Zacharias
619 947 1015 1003 Hierosolymitanus
1045 952 1086 988 et
1104 948 1273 986 Ioannes
1288 944 1587 986 Alexandrinus
1616 943 1693 984 ha·-

231 1002 385 1043 bentur
415 1004 628 1045 antistites.
686 1003 931 1045 Antiocheni
958 1018 1059 1045 vero
1080 1002 1261 1044 Hebraei
1291 1001 1497 1043 simultate
1524 1001 1694 1056 inquie-

231 1064 274 1099 te
298 1061 331 1111 *J
362 1061 572 1100 commissa
611 1067 756 1101 contra
786 1061 1038 1101 Christianos
1083 1059 1284 1100 occidunt
1314 1058 1571 1099 Anastasium
1602 1073 1693 1097 ma..

230 1129 357 1174 gnum
386 1116 666 1171 patriarcham
697 1117 957 1166 Antiochiae,
990 1117 1199 1158 mittentes
1231 1121 1424 1157 naturam
1453 1116 1508 1167 **)
1537 1114 1621 1154 eius
1650 1114 1693 1153 in

230 1185 275 1212 os
307 1172 402 1226 eim,
434 1178 475 1213 et
501 1180 596 1226 post
617 1173 698 1213 hoc
724 1173 933 1214 trahentes
965 1189 1060 1214 eum
1088 1174 1127 1213 in
1157 1173 1340 1228 plateam
1370 1171 1499 1212 urbis.
1558 1171 1693 1211 inter-

227 1228 416 1269 fecerunt
444 1236 579 1270 autem
609 1236 651 1270 et
677 1230 828 1270 civium
858 1231 1026 1282 multos,
1061 1235 1103 1270 et
1129 1229 1406 1270 incenderunt
1436 1242 1518 1269 eOS.
1578 1227 1693 1268 Pho-

229 1297 294 1324 cas
323 1298 423 1325 vero
458 1285 554 1325 fecit
598 1287 794 1327 comitem
826 1286 1011 1327 Orientis
1049 1287 1287 1338 Bonosum,
1319 1291 1360 1326 et
1389 1285 1527 1341 Cotyn
1560 1284 1693 1339 magi-

226 1345 355 1380 strum
379 1340 579 1393 militum,
614 1349 655 1383 et
693 1343 916 1383 transmisit
946 1358 1014 1384 eos
1058 1343 1252 1384 adversus
1283 1343 1402 1393 illos,
1433 1347 1475 1382 et
1505 1356 1589 1381 non
1620 1356 1696 1380 va-

225 1395 395 1437 luerunt
423 1397 566 1439 sedare
594 1398 926 1453 inquietudinem
951 1414 1112 1441 eorum.
1171 1404 1464 1440 coacervantes
1492 1411 1595 1438 vero
1625 1412 1693 1438 ex-

224 1453 375 1494 ereitus
406 1454 624 1495 irruerunt
652 1456 693 1497 in
723 1457 833 1508 illos,
865 1463 908 1497 et
950 1456 1156 1511 plurimos
1188 1456 1461 1506 occiderunt,
1492 1461 1534 1495 et
1563 1468 1692 1509 quos-

225 1508 320 1549 dam
350 1524 496 1550 eorum
526 1511 780 1553 detruncatis
805 1514 978 1554 artubus
1021 1514 1072 1554 ab
1106 1512 1212 1553 urbe
1242 1512 1521 1554 reddiderunt
1548 1516 1693 1551 extor-

224 1579 299 1606 res.
355 1566 514 1608 Phoeas
547 1574 684 1608 autem
724 1570 822 1610 fecit
865 1571 1099 1611 Circensem
1140 1569 1296 1621 ludum,
1326 1575 1369 1610 et
1395 1568 1557 1608 Prasini
1592 1582 1694 1608 con-

223 1621 336 1662 viciis
364 1637 460 1663 eum
488 1624 682 1665 lacessere
716 1623 1052 1682 praesumpsere,
1082 1626 1305 1667 clamantes
1335 1626 1517 1666 “iterum
1547 1624 1588 1664 in
1623 1638 1694 1679 ga-

222 1677 321 1718 bata
348 1679 504 1730 bibisti,
537 1680 690 1721 iterum
718 1697 877 1723 sensum
905 1683 1167 1738 perdidisti.''
1197 1690 1239 1723 et
1268 1683 1377 1723 iussu
1404 1681 1572 1722 Phocae
1607 1681 1694 1720 Co-

95 1739 325 1787 p.458smas
353 1737 585 1789 praefectus
614 1737 728 1778 urbis
748 1740 898 1780 multos
922 1755 969 1780 ex
986 1740 1041 1781 eis
1074 1739 1355 1791 detruncavit,
1383 1737 1587 1794 quosdam
1616 1737 1693 1778 de-

225 1790 411 1841 collavit,
464 1794 682 1834 nonnullos
721 1802 859 1836 autem
910 1796 953 1836 in
995 1811 1135 1837 saccos
1181 1796 1320 1836 missos
1361 1794 1469 1835 mari
1511 1794 1693 1834 necavit.

222 1859 357 1901 porro
386 1848 545 1889 Prasini
587 1852 820 1893 coacervati
859 1853 1062 1894 miserunt
1101 1853 1239 1908 ignem
1267 1853 1309 1892 in
1339 1851 1620 1907 praetorium,
1650 1856 1694 1890 et

225 1902 502 1945 incenderunt
531 1907 688 1946 curiam
724 1913 765 1948 et
790 1909 940 1950 scrinia
972 1917 1014 1950 et
1051 1923 1252 1960 carcereS,
1283 1923 1329 1949 ex
1360 1908 1510 1963 quibus
1539 1906 1691 1961 egressi

223 1958 354 1999 vincti
377 1961 588 2015 fugerunt.
667 1963 763 2004 hinc
802 1965 930 2005 iratus
970 1966 1131 2007 Phocas
1177 1980 1263 2005 non
1293 1965 1464 2005 militari
1496 1963 1692 2005 Prasinos

224 2014 357 2080 iubet.
417 2031 550 2070 porro
583 2019 797 2060 Heraclius
834 2028 1010 2075 praetor
1038 2023 1228 2073 Africae,
1269 2021 1502 2062 molestiam
1532 2034 1693 2075 perpe-

224 2078 330 2112 tiens
361 2087 384 2112 a
412 2080 576 2125 senatu,
605 2078 769 2117 vocavit
810 2078 939 2118 filium
967 2093 1086 2119 suum
1121 2078 1362 2119 Heraclium
1392 2083 1544 2118 contra
1573 2076 1694 2116 Pho-

225 2141 319 2168 cam
346 2135 570 2184 tyrannum
598 2131 815 2184 mittendi3
859 2149 1005 2175 verum
1038 2143 1079 2175 et
1108 2137 1364 2190 subpraetor
1405 2134 1491 2175 eius
1522 2135 1692 2187 Grego-

225 2199 296 2248 ras·
338 2185 448 2224 misit
490 2201 568 2240 per
597 2188 756 2228 aridam
796 2190 980 2231 Nicetam
1020 2192 1150 2232 filium
1187 2207 1329 2245 suum,
1371 2196 1612 2240 statuentes,
1646 2194 1694 2227 nt

226 2254 465 2304 quicunque
495 2257 541 2282 ex
573 2242 633 2282 his
657 2247 923 2298 praeveniret
949 2254 1252 2304 superaretque
1281 2255 1520 2303 tyrannum,
1554 2246 1692 2299 impe-

226 2311 337 2337 rium
363 2305 559 2338 sumeret.
632 2299 713 2340 hoc
753 2316 854 2341 vero
885 2300 1013 2344 anno*
1039 2305 1167 2345 hiems
1197 2305 1378 2346 enormis
1406 2303 1603 2349 efficitur,
1635 2302 1692 2340 ita

225 2359 273 2393 ut
301 2353 424 2392 maris
454 2354 644 2395 mollities
672 2356 710 2395 in
743 2357 886 2411 glaciei
916 2359 1111 2401 duritiem
1131 2368 1384 2402 verteretur.
1444 2365 1544 2399 tunc
1573 2357 1692 2397 Pho-

226 2422 292 2448 cas
322 2411 584 2450 Macrobium
630 2413 865 2454 scribonem
907 2416 1020 2457 iussit
1058 2418 1244 2471 sagittari
1287 2416 1400 2472 apud
1427 2415 1691 2470 Septimum,

227 2465 475 2518 pendentem
516 2467 557 2506 in
599 2466 763 2519 lancea,
805 2470 848 2509 in
889 2486 973 2526 quo
1002 2473 1158 2514 tirones
1200 2474 1529 2522 exercebantur,
1577 2470 1692 2525 quasi

228 2522 436 2562 conscium
479 2522 722 2564 insidiarum
765 2539 944 2567 suarum.
1017 2529 1265 2571 Theodorus
1309 2530 1419 2572 enim
1456 2529 1693 2584 praefectus

274 2676 305 2722 ')
329 2675 506 2726 inquieta]
535 2678 632 2725 apud
661 2679 868 2715 Gruterum.

254 2750 303 2798 **)
327 2753 501 2802 naturam]
528 2755 701 2800 Apuleius
725 2756 748 2789 Ι.
776 2756 814 2790 7:
839 2768 911 2791 non
934 2762 1071 2793 tantum
1099 2767 1274 2803 naturam,
1301 2773 1426 2797 verum
1451 2761 1562 2803 etiam
1580 2761 1690 2805 eaput

324 2810 470 2847 quoque
500 2802 615 2848 ipsum
646 2804 803 2850 pessimo
829 2805 888 2840 isti
918 2806 1020 2841 asino
1049 2807 1204 2843 demere.
1257 2810 1366 2845 Fun.
