1728 3184
606 180 809 222 NOTAE.
1350 172 1445 223 545

0 297 147 352 στέφει
175 310 224 338 τε
252 293 390 350 αιτῆν
429 294 700 351 Avyonmar
741 313 813 339 και
844 314 902 356 τιιυ
932 298 1012 357 υἱῷ
1040 298 1190 351 ζεύξας
1220 297 1295 340 τὸν
1322 298 1463 353 ,αμὸν

0 354 198 394 ἐπιτελεῖ.
253 353 448 408 adhunc
488 369 616 419 usque
658 370 816 395 annum
856 339 1074 396 historiam
1116 356 1309 410 perduxit
1336 357 1464 397 Nice-

1 409 173 464 phoruS.
230 410 308 450 sibi
339 410 416 465 ipsi
443 410 554 450 testis
578 411 774 465 deinceps
802 411 884 451 erit
911 412 1197 467 Theophanes.

112 474 208 529 687,
245 477 310 521 11,
385 474 467 518 σὺν
495 483 589 524 ταῖς
623 476 791 530 γυναιξὶ
818 478 1188 530 προϋπαντώντων]
1216 481 1306 535 quis
1334 480 1468 534 impe-

5 531 169 572 ratricis
198 547 248 573 ac
280 548 413 574 novae
444 548 617 588 sponsae
656 535 697 573 in
739 535 897 575 unbem
920 536 1150 585 comitatus,
1178 542 1220 575 et
1252 537 1468 591 ingressus,

3 594 46 628 et
75 595 122 628 ut
149 603 173 629 a
202 590 518 644 praestantioris
552 590 760 645 dignitatis
790 591 977 630 foeminis
998 592 1236 645 excipienda
1267 601 1309 632 et
1338 593 1471 632 dedu-

4 645 136 685 cenda
168 646 379 701 praecipit
421 652 464 687 et
506 646 707 687 describit
752 647 936 688 eodinus
978 647 1029 688 de
1072 647 1215 688 officiis
1247 648 1364 688 aulae
1389 649 1470 687 (ΣΡ.

4 715 96 756 cap.
128 702 204 742 ult.

115 766 213 820 688,
241 768 282 809 8.
351 766 570 810 §voverat-9«
614 768 766 823 στολήν
797 766 963 823 λευκήν]
1009 771 1125 825 nigra
1156 770 1348 811 videlicet
1379 786 1471 809 mo-

8 825 195 876 nachan,
224 841 248 864 a
294 840 376 880 qua
424 826 480 865 illi
509 827 912 880 μελανοφοοοῦντες,
942 834 984 867 et
1009 826 1281 881 μαυροφόροι
1313 842 1473 868 nuncu-

2 881 107 935 pati,
140 882 323 922 reiecta·
355 888 397 922 et
419 882 593 922 candida
630 883 808 923 hennae
838 884 1035 936 pronuba
1071 891 1255 960 accepta.

115 948 225 990 Ibid.
249 949 312 988 15.
372 946 604 1004 ωιομάσθη
636 951 953 997 Κωισταντῖνος
986 950 1143 999 ζῶντος
1168 947 1231 990 ἔτι
1249 950 1477 990 Κωνσταν-

6 1005 120 1043 π’νου
148 1004 227 1044 τοῦ
251 1002 442 1059 πάπποι]
474 1021 609 1059 puero
642 1007 773 1070 patris
804 1013 876 1045 aut
904 1006 968 1046 avi
993 1021 1144 1046 nomen
1177 1021 1227 1046 ne
1249 1007 1478 1061 imponant,

7 1061 194 1100 Graecos
236 1061 414 1115 impedit
453 1063 709 1126 superstitio.
783 1068 827 1102 ut
872 1064 1008 1113 enim,
1040 1063 1180 1108 aiunt,
1210 1070 1377 1117 patrem
1410 1068 1481 1101 aut

10 1131 136 1156 avum
163 1117 335 1157 nomine
356 1118 499 1168 refert,
528 1118 584 1158 ita
604 1133 822 1173 personam
841 1125 1137 1173 repraesentat,
1167 1125 1209 1158 et
1237 1120 1278 1158 in
1308 1119 1394 1160 eius
1415 1118 1479 1158 lo-

12 1188 110 1213 cum
139 1173 420 1213 substituitur.
478 1182 642 1228 patrem
672 1176 813 1229 itaque
842 1175 1089 1230 quantocius
1119 1175 1372 1215 moriturum
1406 1174 1482 1214 de-

13 1230 165 1283 signat,
196 1237 239 1270 et
271 1244 308 1270 ei
324 1244 602 1271 successorem
635 1247 676 1272 se
706 1232 913 1271 advenisse
933 1232 1176 1285 piolitetur.
1235 1246 1322 1272 rem
1354 1231 1484 1285 ῐ3ἰωι

15 1285 239 1336 insolitam,
269 1287 335 1325 vel
366 1287 515 1327 ominis
548 1288 710 1327 infausti
731 1287 1004 1352 Theophanes
1037 1288 1276 1337 observans,
1306 1287 1484 1352 scripsit.

11 1338 243 1410 ὠνομάσθη
274 1341 591 1391 Κωνσῐαντΐνος
619 1343 769 1394 ζῶντος
797 1340 859 1384 ἔτι
892 1342 1219 1384 Κωνσταντίνου
1259 1343 1337 1384 τοῦ
1365 1339 1483 1382 πάπ-

15 1411 99 1438 που
131 1395 285 1438 αὐτοῦ.

126 1463 235 1504 [bid.
261 1463 330 1504 20.
390 1464 474 1504 τῶν
493 1463 831 1521 Βουκελλαοίων]
863 1466 1097 1514 Bucellarii‚
1129 1466 1187 1506 ait
1203 1465 1360 1517 Suidas,
1382 1466 1482 1505 Gal-

20 1521 223 1574 lmglaeci
259 1521 554 1571 nominantur,
584 1529 626 1562 et
657 1536 806 1562 eorum
850 1523 965 1577 regio
999 1523 1341 1576 Gallo-graecia.
1374 1522 1483 1561 unde

18 1577 62 1616 hi
90 1577 251 1631 equites
280 1584 401 1618 mant
421 1578 616 1632 expediti.
675 1579 967 1619 Constantinus
1002 1578 1401 1643 Porpliyrogenneta
1433 1578 1484 1617 de

15 1632 266 1673 thematibus
287 1635 398 1674 inter
419 1635 630 1686 Isauriam,
649 1641 692 1676 et
708 1635 1015 1700 Cappadociam
1029 1635 1331 1675 Buccella1·ium
1359 1636 1483 1676 locat.

14 1689 249 1730 describens
270 1691 380 1730 enim
400 1687 617 1743 α’ναῑολὴι,
630 1691 769 1743 hahet,
800 1692 951 1745 inquit,
971 1707 993 1731 a
1013 1691 1176 1731 sinistra
1197 1698 1338 1745 partes
1365 1705 1485 1745 quas-

15 1745 112 1786 dam
139 1746 412 1796 Buccellarii‚
444 1753 487 1787 et
516 1747 681 1787 initium
702 1747 1017 1802 Cappadociae;
1048 1747 1099 1787 ad
1127 1748 1316 1788 dextram
1347 1753 1487 1787 autem

16 1804 229 1845 Isauriam.
297 1803 408 1843 unde
447 1817 549 1843 vere
586 1804 700 1844 locus
730 1804 1033 1845 Buccellarium
1075 1804 1128 1844 sit
1158 1811 1344 1854 vocatus,
1375 1803 1485 1842 idem

18 1859 128 1899 infra
158 1859 300 1913 aperit
337 1858 521 1900 themate
559 1868 689 1901 sexto.
749 1861 914 1911 thema,
946 1860 1096 1915 inquit,
1125 1859 1485 1900 Buceellariorum

18 1930 103 1955 non
131 1931 155 1955 a
186 1918 281 1956 loco
314 1916 456 1971 aliquo
485 1917 811 1971 appellationem
839 1917 1014 1971 accipit,
1044 1931 1180 1971 neque
1210 1932 1234 1956 a
1262 1921 1385 1971 gente
1415 1915 1488 1954 ali-

19 1987 103 2027 qun
136 1986 245 2027 quae
287 1972 345 2012 ita
386 1981 635 2025 vocaretur,
662 1973 731 2014 sed
774 1973 890 2028 qnod
930 1973 1112 2012 militum
1143 1973 1318 2013 asseclae
1343 1977 1487 2020 essent,

17 2033 60 2068 et
92 2033 372 2068 commeatum
402 2028 603 2071 veherent
629 2030 910 2071 Buccellarius
940 2029 1049 2070 enim
1065 2029 1212 2069 Latina
1244 2029 1380 2083 lingna
1409 2041 1488 2068 vo-

17 2091 140 2125 catut
171 2087 225 2135 is,
255 2085 329 2139 qui
368 2086 430 2124 rei
474 2086 673 2140 panariae
712 2101 858 2127 curam
884 2087 1007 2141 gerit,
1037 2091 1085 2125 ut
1112 2086 1261 2125 milites
1296 2084 1488 2138 expediti,

20 2148 63 2182 et
92 2141 146 2181 ab
175 2141 290 2181 omni
332 2156 462 2182 onere
497 2143 620 2184 liberi
650 2143 703 2183 ad
744 2143 899 2183 bellum
930 2147 1074 2182 essent.
1134 2142 1347 2181 Buccellas
1377 2140 1487 2180 enim

19 2204 200 2238 vocatur
247 2203 363 2237 torta
406 2199 521 2252 panis
556 2200 806 2239 circularem
850 2200 1024 2252 figuram
1076 2199 1115 2237 in
1143 2198 1281 2237 medio
1316 2210 1487 2235 vacuam

21 2268 126 2308 prae
155 2268 198 2294 se
226 2254 374 2293 ferens.
433 2255 624 2295 cellarius
662 2263 804 2295 autem
834 2262 972 2295 custos
1000 2255 1143 2308 panis:
1175 2254 1351 2307 proprio
1385 2266 1485 2290 vero

21 2316 65 2350 et
96 2310 356 2350 Graecanico
396 2312 564 2352 nomine
604 2311 647 2352 hi
676 2312 948 2366 Maryandeni
989 2317 1222 2350 vocantur:
1256 2315 1350 2348 sunt
1377 2308 1490 2346 enim

23 2366 197 2406 Galatae
225 2366 521 2422 cognominati.
579 2367 732 2408 horum
762 2370 922 2408 Graeca
952 2368 1119 2420 proseit
1141 2365 1349 2419 Rigaltius.
1381 2364 1489 2403 Pan-

25 2423 196 2462 cirollus
228 2401 304 2463 den
313 2423 458 2463 iisdem
489 2437 580 2477 cap.
606 2421 660 2464 47
694 2430 784 2463 not.
806 2425 905 2478 imp.
938 2423 1101 2463 Onicnt.

137 2487 331 2537 689,13.
402 2488 648 2544 κουλούκην]
690 2492 884 2532 catulum.
917 2491 1076 2544 ipsique
1107 2489 1300 2542 patrique
1328 2488 1490 2526 Lacha-

0 2544 263 2586 ‚nodraconi
293 2547 461 2587 nomine
491 2546 736 2597 δυσώνυμα.

138 2613 246 2653 Ibid.
302 2609 680 2668 κουτζοδάκτυλον]
710 2613 853 2668 digitis
875 2614 1134 2653 decurtatum.
1169 2609 1261 2650 vide
1289 2610 1490 2649 noninum

29 2668 361 2723 improbitatem.

139 2736 244 2830 1«in
277 2735 341 2778 19.
401 2736 459 2783 εἰς
493 2734 801 2790 φυλακτήριον]
830 2738 873 2776 in
900 2749 1062 2776 sactum
1095 2734 1329 2784 amuletum,
1359 2741 1399 2774 et
1427 2733 1488 2773 sui

31 2797 151 2832 custo
184 2793 276 2832 iam.
1235 2802 1240 2806 ’

162 2874 401 2922 sseophcmes
431 2876 482 2909 112
1185 2871 1229 2905 35
