1728 3184
203 190 300 236 336
707 197 760 237 lN
802 194 1176 238 THEOPHANEM

315 307 836 359 53,11.Kmv‹rra'vuo;
865 308 938 366 ἔτη
966 309 1047 361 κοί]
1072 311 1205 351 solnm
1229 309 1462 351 Palatinum
1484 312 1679 353 convenit

203 380 296 404 cum
316 365 466 420 Regio.
493 367 654 422 reliqua
682 369 916 408 correctius
945 364 1018 420 ἔτη
1048 365 1126 411 κδ’.

314 438 909 506 1οἰᾰ.16.1(ωισταιτΐιος
933 438 956 480 ὅ
983 437 1078 488 υἱὸς
1104 440 1179 481 τοῦ
1211 434 1411 495 μεγάλου]
1441 440 1493 480 ad
1526 455 1680 482 annum

205 495 468 536 Constantini
518 491 546 535 4
590 497 852 538 Constantini
896 498 1073 537 iuni01is
1111 497 1281 538 caedem
1313 503 1519 537 annotant
1549 513 1680 553 quae-

204 550 299 591 dam
332 552 649 608 Hieronymiani
685 553 873 594 cluonici
906 554 1154 619 exemplaria
1174 583 1185 603 ‚
1221 553 1313 604 alia,
1344 560 1447 594 teste
1476 554 1679 604 pomaeo,

207 623 304 648 cum
334 609 591 663 Theophane
628 610 679 649 ad
709 609 750 651 3.
822 612 985 651 numeri
1015 612 1127 651 istius
1160 609 1407 662 Theophani
1435 616 1587 650 auctor
1618 617 1682 651 (st

204 665 396 706 Aurelius
423 666 593 706 Victor.
653 667 801 720 igitur,
834 667 995 722 inquit,
1026 669 1231 720 confestim
1260 667 1516 716 Dalmatius,
1545 669 1679 707 incer.

203 730 284 761 tum
309 736 390 777 quo
418 737 582 763 suasore
613 724 879 779 interficitur:
913 726 1123 779 statimque
1152 724 1324 763 triennio
1350 732 1444 780 post
1469 724 1682 763 minimum

203 781 521 835 maximumque,
534 780 679 830 fatali
707 781 807 820 bello
836 781 1118 820 Constantinus
1139 781 1268 820 cadim

314 848 555 903 54,1.ε’ν
579 848 725 908 χωρίω
748 853 1007 903 Δεμακέλλει
1038 850 1299 908 καὶουμένω]
1333 851 1471 892 locum
1501 865 1573 892 seu
1604 852 1682 891 vil-

206 909 288 949 lam
314 907 631 962 imperatoriam
673 910 793 948 fuisse
835 909 983 949 scribit
1023 909 1252 976 Gregorius
1291 909 1481 948 Nazianz.
1512 915 1621 949 orat.
1638 907 1682 973 “3

207 967 250 1005 in
280 965 484 1004 Iulianum
516 980 633 1005 num.
667 965 731 1005 27.
763 965 929 1019 διαίτης
950 963 1029 1014 μὲν
1054 981 1124 1005 και
1153 964 1387 1017 θεραπείας
1417 961 1460 1004 ἓν
1490 979 1568 1005 τινι
1597 980 1682 1004 των

204 1021 438 1074 βασιλικῶν
478 1022 650 1073 χωρίων
696 1019 743 1073 η’ζ,
730 1021 891 1061 ἰοῧντο
935 1021 1169 1074 βασιὶικῆς.
1237 1022 1350 1073 regio
1379 1021 1546 1077 quidem
1572 1023 1683 1060 victa

206 1078 391 1133 cultuque
427 1078 472 1117 in
511 1079 778 1133 imperatoria
819 1078 940 1117 domo
975 1077 1096 1131 digni
1131 1078 1392 1118 habebantur.
1462 1077 1683 1118 Macellum

205 1140 332 1174 vocat
361 1134 617 1174 sozomenus
651 1134 764 1174 lib.5
795 1148 885 1188 cap.
902 1134 941 1183 Q,
972 1148 1017 1173 ex
1050 1148 1134 1188 quo
1170 1135 1244 1173 ista
1274 1138 1489 1188 excerpta,
1517 1133 1568 1174 ad
1600 1137 1682 1173 Ar-

209 1205 332 1245 geum
363 1196 547 1230 montem
581 1205 664 1229 non
693 1191 815 1244 longe
854 1206 874 1229 a
909 1191 1106 1230 Caesarea
1145 1190 1296 1230 situm:
1346 1189 1387 1229 in
1430 1205 1515 1246 quo
1547 1191 1682 1245 impe-

208 1247 312 1287 riale
339 1246 554 1300 palatium,
584 1247 754 1298 balnea,
766 1223 928 1297 Dhorti,
959 1254 1000 1286 ct
1031 1248 1166 1287 fontes
1197 1261 1414 1301 perennes·
1472 1246 1680 1298 προσετά-

204 1304 377 1356 χθησαν
403 1302 448 1343 ἐν
478 1304 768 1344 Καππαδοκία
809 1303 1045 1354 ὃιατριβεῖν
1084 1304 1129 1343 ἐν
1159 1303 1390 1370 Μακέλλῳ.
1444 1303 1606 1355 χωρίον
1637 1302 1684 1343 δὲ

203 1360 328 1400 τοῦτο
356 1356 579 1424 βασιλικὸν
622 1357 729 1414 πρὸς
774 1360 832 1416 τῷ
868 1358 1024 1415 Ἀυγέω
1066 1351 1170 1413 όρει,
1200 1359 1277 1398 οὐκ
1302 1355 1385 1398 απὸ
1418 1361 1576 1399 πολλοῦ
1608 1360 1683 1412 τῆς

204 1415 468 1481 Καισαρέων
495 1411 677 1469 πόλεως,
703 1401 1005 1482 μεγαλοπρεπῆ
1035 1430 1079 1456 τε
1115 1416 1313 1468 βασίλεια
1339 1410 1449 1469 ἔχον,
1481 1415 1556 1456 καί
1581 1418 1683 1456 λου.-

203 1468 299 1526 τρά,
326 1473 399 1511 καί
424 1471 601 1526 κήπους,
640 1474 715 1513 καί
752 1469 889 1525 πηγὰς
934 1470 1146 1521 ἀεννάους.
1206 1485 1337 1527 quare
1365 1471 1585 1527 legendum
1615 1472 1684 1512 hic

204 1535 350 1583 putem
380 1528 425 1569 ἐν
451 1529 599 1584 χωρίῳ
636 1529 684 1569 δὲ
714 1529 944 1585 Μακέλλῳ.

313 1602 423 1644 Ibid
441 1600 479 1641 3.
514 1599 779 1666 αὐάγνωσται
797 1597 1030 1667 γεγόνασιν]
1055 1601 1287 1668 Gregorius
1309 1600 1472 1641 citatus.
1529 1599 1588 1655 τῷ
1607 1601 1687 1652 μὲν

203 1670 252 1710 γε
282 1656 422 1723 κλήρω
451 1657 652 1712 φέροντες
681 1653 865 1705 ἐαυτους
907 1657 1186 1711 ἑγκατέλεξαι,
1213 1652 1319 1698 ὥστε
1350 1658 1424 1698 καί
1453 1653 1531 1705 τὰς
1562 1656 1686 1704 θείας

203 1710 516 1766 ὖπαγινώσκειν
544 1713 603 1754 τιῦ
631 1715 720 1770 λαῷ
751 1715 938 1766 βίβλους.
969 1715 1012 1754 ἱη
1048 1715 1199 1754 clerum
1226 1715 1376 1770 seipsos
1401 1716 1687 1769 ascripserunt,

205 1770 313 1811 adeo
338 1779 382 1810 ut
408 1755 590 1811 divinos
614 1784 768 1838 quoque
804 1772 928 1811 libros
966 1771 1081 1839 plebi
1122 1772 1370 1839 lectitarent.
1429 1772 1685 1810 sozomenus

208 1840 409 1891 quoque:
440 1823 581 1882 κλήρῳ
621 1826 971 1892 ἐγκαταῖεγῆναι,
1002 1840 1073 1867 και
1116 1823 1482 1879 υπαναγινιόσκειν
1510 1826 1569 1866 τῶ
1598 1826 1688 1865 λαῶ

204 1879 283 1930 τὰς
312 1880 661 1936 ἐκκλησιαστικὰς
700 1883 885 1935 βίβλους,
916 1889 1145 1938 utrumque
1184 1884 1329 1923 refert.
1389 1882 1521 1923 solum
1555 1883 1682 1923 Iulia-

207 1955 309 1980 num
340 1939 540 1980 lectorem
566 1939 835 1980 Nicomediae
858 1946 1111 1995 provectum
1142 1943 1319 1980 testatur
1347 1939 1541 1980 Socrates
1569 1938 1641 1980 lib.
1660 1937 1687 1979 3

211 2010 302 2052 cap.
337 1996 357 2036 1
391 2002 433 2037 et
459 1995 748 2037 Theodoretus
780 1995 851 2036 lib.
881 1994 908 2036 3
941 2010 1030 2051 cap.
1056 1996 1100 2037 -.2

319 2079 426 2121 Ibi-d
483 2094 537 2134 τῳ
568 2076 673 2134 ἁγίῳ
697 2076 886 2133 μάρτυρι
915 2079 1142 2135 ΙΙΙαμαντι]
1172 2079 1353 2119 Maviam
1385 2085 1508 2120 vocat
1537 2078 1687 2120 lauda..

206 2143 274 2177 tus
296 2136 568 2190 Sozomenus,
596 2137 667 2191 qui
686 2137 886 2177 Mamanti
905 2137 1015 2177 idem
1046 2142 1117 2177 est.
1178 2143 1414 2192 martyrum
1445 2136 1580 2183 aedes,
1615 2151 1687 2177 ae-

209 2192 395 2234 dificium
429 2193 533 2234 illud
562 2208 585 2233 a
606 2194 782 2234 Socrate
814 2199 856 2234 et
886 2193 1095 2247 Gregorio
1128 2200 1412 2247 nuncupatur,
1447 2192 1561 2247 quod
1595 2194 1687 2232 Ma..

208 2251 338 2291 manti
368 2265 533 2291 sacrum
563 2250 722 2290 fatetur
753 2250 864 2290 Elias
893 2250 1097 2290 Cretensis
1140 2250 1181 2289 in
1212 2264 1362 2290 comm.
1396 2256 1438 2289 et
1465 2264 1510 2289 ex
1547 2263 1688 2304 gram-

207 2307 385 2348 maticae
436 2307 594 2362 legibus
633 2306 844 2362 singulare
886 2321 982 2347 cum
1028 2307 1184 2361 plurali
1234 2320 1538 2361 nonnunquam
1582 2320 1688 2346 con-

209 2364 343 2404 fundi.

319 2437 426 2479 Ibid.
441 2435 480 2478 5.
538 2432 869 2490 ἆποκειρᾰμενος
903 2436 950 2478 δὲ
978 2434 1057 2485 τὰς
1085 2434 1250 2491 τρίχας]
1282 2450 1329 2477 ex
1361 2436 1537 2476 Socrate
1565 2435 1635 2476 lib.
1659 2434 1685 2475 3

209 2509 299 2549 cap.
317 2494 355 2546 1,
384 2499 427 2535 et
455 2494 686 2535 Sozomeno
716 2493 786 2534 lib.
818 2493 843 2533 5
874 2508 967 2548 cap.
1005 2494 1041 2533 1.

321 2578 434 2620 Ibid.
467 2577 508 2618 6.
568 2574 868 2625 Κωνστάντιος
899 2577 946 2618 δὲ
974 2577 1049 2618 καί
1076 2576 1302 2629 Κώνστας]
1334 2591 1382 2617 ea
1412 2576 1474 2617 lex
1503 2575 1685 2616 habetur

209 2633 487 2675 Theodosiani
520 2635 590 2675 lib.
624 2633 675 2675 16
706 2635 772 2674 tit.
805 2633 830 2674 9
862 2635 1064 2689 iescripta
1094 2635 1146 2675 ad
1175 2632 1431 2687 Euagrium‚
1463 2633 1690 2673 ascribitur

211 2690 485 2732 Constantino
517 2692 742 2745 (iuniorem
774 2691 968 2746 intellige)
1001 2698 1042 2731 et
1071 2693 1152 2730 AA.
1183 2691 1291 2731 Coss.
1322 2690 1564 2744 agnoscitur
1595 2690 1688 2728 lata.

213 2748 531 2790 Constantinum
578 2757 719 2790 autem
747 2754 789 2789 et
818 2749 1086 2789 Constantem
1127 2761 1237 2788 anno
1273 2746 1438 2800 imperii
1467 2745 1528 2786 sui
1557 2745 1686 2786 tertio

212 2804 469 2845 consulatum
495 2806 659 2861 gessisse
689 2806 949 2847 demonstrat
977 2804 1186 2846 petavius.
1246 2815 1352 2858 quae
1384 2803 1585 2844 fastorum
1615 2816 1686 2842 la-
