1728 3184
173 156 192 177 ⁸
233 152 329 200 560
743 159 798 199 ΙΝ
840 159 875 198 Τ
882 158 1218 212 ΠΕΟΡΗΑΝΕΜ

231 270 428 311 memoria
457 270 602 324 dignos
623 272 880 327 patriarchas
900 273 1113 313 Tarasium
1143 280 1184 313 et
1214 272 1485 328 Nicephorum
1520 285 1609 313 usos
1620 273 1706 325 fit..

233 343 299 367 ma
328 337 398 376 est,
422 337 547 383 prout
587 329 698 368 alibi
735 331 821 369 iam
861 330 1229 380 manifestavimus,
1296 338 1336 368 et
1363 330 1461 368 haee
1489 339 1578 369 sunt
1604 344 1707 385 quae

232 385 471 424 narratione
498 394 631 424 nostra
661 386 903 426 illustranda
935 386 1207 439 aggredimur.
1268 384 1550 425 Constantinus
1577 387 1706 440 impe-

233 450 347 481 rator
374 441 511 481 Irenes
541 441 744 481 Christum
776 443 947 483 amantis
978 443 1245 498 imperatricis
1258 441 1398 495 filius,
1429 444 1540 482 vitae
1571 444 1710 482 coniu-

233 498 369 552 giique
400 507 583 538 consorte
607 500 798 554 empulsa,
842 510 879 540 et
908 500 1040 538 invita
1071 499 1362 553 reluctanteque
1389 500 1432 538 in
1464 500 1709 538 monasterio

233 553 430 605 detonsa,
458 567 630 594 uxorem
672 556 802 595 aliam
831 557 916 595 eius
951 556 1038 594 loco
1085 555 1362 595 substituerat.
1431 569 1480 594 ac
1520 554 1712 594 Tarasius

234 610 398 665 quidem
426 620 584 650 sanctus
620 611 711 661 vir,
742 613 775 650 is
800 613 907 651 enim
946 621 1036 651 tunc
1065 611 1258 651 ecclesiae
1291 611 1712 666 Constantinopolita-

235 681 312 706 nae
339 667 498 706 clavum
541 667 734 721 regebat,
759 669 835 707 tali
852 667 1041 722 facinori
1077 681 1274 723 nusquam
1302 668 1546 723 praebuerat
1570 682 1709 707 assen-

235 737 351 768 sum3
375 724 585 777 presbyter
610 733 767 763 tantum
799 723 892 777 fuit
921 725 1007 764 eius
1043 725 1234 764 ecclesiae
1258 726 1420 764 nomine
1450 725 1612 779 Ioseph,
1642 724 1712 776 qui

235 779 452 818 sceleratas
481 780 710 819 huiusmodi
735 781 901 835 nuptias
941 782 1216 821 contrahentes
1243 780 1550 821 connubiali'bus
1577 781 1711 820 corol-

238 836 291 875 lis
323 849 445 875 ausus
457 838 611 887 ficerat
636 837 844 876 redimire.
901 852 944 876 re
974 839 1137 889 cognita
1176 851 1343 890 magnus
1379 838 1609 877 Theodorus
1635 838 1712 875 im-

234 901 463 945 peratorem
507 893 701 932 ecclesiae
739 893 909 933 divortio
943 893 1184 943 damnavit,
1223 903 1262 933 et
1288 895 1422 934 virum
1434 895 1610 945 fervore
1640 893 1713 932 illo

236 948 404 988 caelesti
432 958 576 988 motum
612 950 841 1005 principem
885 950 1107 1002 illegitimis
1139 950 1412 1001 facinoribus
1441 965 1581 989 sacras
1608 950 1714 1002 leges

239 1005 462 1044 laedentem
504 1007 706 1059 corripere
746 1020 974 1060 aggressum
989 1037 999 1054 ‚
1027 1007 1165 1061 plures
1191 1007 1269 1046 alii
1297 1008 1383 1045 eius
1409 1006 1578 1046 consilio
1610 1006 1716 1045 zelo-

239 1075 318 1117 que
345 1062 460 1101 ducti
484 1064 637 1117 sequuti
662 1071 765 1102 sunt.
838 1061 1074 1103 Theodorus
1111 1063 1194 1117 ipse
1237 1063 1428 1102 ecclesiae
1456 1066 1645 1116 ingressu,
1678 1071 1718 1101 et

236 1119 498 1172 patriarchae
545 1132 758 1172 congressu
795 1128 919 1159 semet
958 1121 1174 1159 continuit:
1216 1119 1329 1174 quod
1355 1121 1546 1175 quamvis
1574 1120 1716 1170 nejan-

238 1174 340 1214 dum
369 1175 595 1228 coniugium
634 1175 745 1216 haud
780 1176 913 1217 verbis
949 1176 1172 1232 probasset
1211 1176 1472 1231 patriarcha,
1510 1176 1716 1215 severiore

238 1240 371 1270 tamen
403 1245 545 1287 poena
576 1245 657 1272 non
680 1234 1000 1287 perstrinxerat,
1039 1246 1111 1272 nec
1153 1234 1196 1272 in
1234 1246 1325 1271 eum
1363 1234 1433 1288 qui
1474 1242 1557 1272 tam
1591 1245 1717 1271 exoso

237 1287 382 1327 sceleri
405 1289 669 1343 praestiterat
694 1303 829 1345 opem,
860 1290 995 1329 laesae
1024 1289 1244 1328 maiestatis
1272 1289 1434 1329 divinae
1456 1301 1614 1344 poenas
1642 1303 1717 1328 escn

241 1353 438 1384 ercuerat.
510 1345 569 1384 his
613 1347 810 1396 accessit,
850 1346 960 1402 quod
986 1346 1151 1385 caelesti
1177 1345 1347 1385 consilio
1375 1355 1414 1386 et
1435 1347 1631 1402 permissu
1660 1346 1719 1383 ir-

240 1410 387 1452 rogata
408 1400 670 1442 Constantino
690 1403 896 1443 oculorum
924 1402 1086 1451 mulcta,
1113 1411 1151 1441 et
1174 1403 1342 1458 imperii
1361 1410 1559 1457 potestate
1587 1401 1718 1441 eidem

241 1458 398 1508 ablata,
427 1466 469 1497 et
497 1458 615 1499 Irene
640 1461 722 1499 eius
750 1469 883 1500 matre
910 1460 1011 1499 solio
1041 1459 1319 1515 dignitateque
1347 1460 1482 1515 pulsa,
1512 1458 1721 1513 Nicepho-

244 1529 326 1566 rus‚
356 1516 431 1570 qui
455 1528 511 1555 ex
542 1515 700 1555 insidiis
724 1530 821 1556 eam
850 1517 1131 1557 exauctoravit
1167 1517 1333 1571 imperii
1358 1515 1582 1571 sceptrique
1609 1528 1722 1554 com—

238 1585 331 1626 pos,
350 1581 514 1627 praeter
542 1573 633 1612 alia
662 1587 766 1629 quae
795 1573 961 1613 adorsus
992 1582 1051 1612 est
1066 1573 1246 1625 nefanda
1273 1572 1439 1623 scelera,
1466 1572 1610 1627 Ioseph
1637 1585 1725 1610 me-

245 1637 453 1668 moratum
486 1632 663 1685 superius
685 1629 968 1685 presbyterum
996 1629 1244 1684 depositione
1270 1629 1513 1668 damnatum
1538 1626 1604 1668 ad
1623 1628 1724 1683 pri-

245 1688 371 1724 stinos
395 1686 561 1725 honores
606 1687 650 1726 in
685 1687 855 1726 ecclesia
893 1687 1168 1726 revocandum
1197 1685 1400 1726 studuerit.
1473 1684 1723 1740 Nicephorus

246 1742 355 1780 alter
382 1743 600 1782 sanctitate
637 1744 875 1798 conspicuus
914 1743 1091 1796 defiuzcti
1125 1742 1289 1782 Tarasii
1330 1742 1415 1782 loco
1436 1741 1620 1794 suffectus
1646 1742 1726 1779 im·-

241 1798 455 1853 peratoris
484 1798 708 1854 Nicephori
733 1801 913 1839 consiliis
940 1798 1246 1849 obsecundavit,
1275 1807 1315 1837 et
1346 1801 1389 1838 in
1416 1799 1609 1838 ecclesiae
1637 1797 1726 1837 col·

251 1855 398 1907 legium
427 1855 573 1910 Ioseph
596 1856 713 1910 prius
742 1857 948 1895 rescissum
971 1855 1156 1895 admisit:
1187 1869 1243 1895 ex
1270 1867 1351 1907 quo
1379 1868 1538 1894 rursum
1558 1867 1726 1907 magnus

253 1911 484 1950 Theodorus
513 1912 598 1951 eius
623 1926 664 1951 se
692 1914 971 1952 communione
1007 1913 1245 1965 segregavit.
1312 1913 1347 1950 is
1373 1913 1480 1951 enim
1506 1925 1600 1950 vere
1628 1925 1726 1950 san-

248 1976 332 2007 ctus
363 1967 594 2007 Theodorus
631 1969 844 2023 repudium
873 1983 1037 2023 prorsus
1076 1969 1334 2022 illegitimum
1362 1969 1445 2008 iam
1476 1968 1532 2008 ab
1559 1968 1727 2023 antiquo

244 2025 553 2079 proscripserat,
584 2038 637 2064 ac
663 2025 757 2064 licet
785 2025 1065 2065 Constantinus
1094 2027 1321 2080 imperator
1340 2025 1564 2081 propositis
1592 2038 1728 2064 mune-

250 2081 361 2120 ribus
388 2081 568 2130 allicere,
599 2090 638 2120 et
662 2082 817 2121 artibus
843 2084 973 2121 variis
999 2082 1135 2121 virum
1178 2082 1241 2121 ad
1266 2097 1306 2121 se
1333 2083 1570 2136 pertrahere
1599 2093 1726 2120 cona-

251 2146 379 2189 retur,
406 2145 445 2176 et
471 2151 560 2177 cum
578 2139 752 2192 proprio
784 2147 925 2188 marte,
955 2148 1038 2178 tum
1069 2139 1248 2178 aliorum
1268 2139 1461 2188 subsidio,
1491 2147 1573 2178 tum
1604 2137 1728 2192 ipsius

252 2194 332 2232 sibi
353 2202 516 2247 praeter
543 2193 675 2248 legum
687 2195 767 2244 fiis
794 2196 1030 2235 coniunctae
1060 2196 1243 2234 mulieris
1267 2197 1402 2251 patris
1431 2191 1728 2249 adgnataefle-

253 2260 361 2291 ctere
387 2250 581 2304 nequiret,
614 2251 767 2301 exiliis,
797 2251 993 2302 custodia,
1019 2251 1290 2306 compedibus,
1317 2252 1454 2306 plagis
1482 2261 1588 2305 tergo
1618 2251 1657 2289 in
1695 2250 1728 2288 i·-

253 2308 339 2357 ctis,
362 2307 552 2362 probatis
578 2308 704 2347 etiam
735 2322 922 2362 generum
966 2309 1141 2349 aliorum
1173 2310 1390 2359 tormentis,
1419 2309 1554 2348 virum
1585 2314 1728 2348 cuncta

250 2364 460 2419 patienter
468 2364 677 2416 serentem
708 2365 759 2404 de
790 2365 932 2404 divino
962 2366 1044 2405 zelo
1064 2366 1280 2422 quicquam
1309 2367 1523 2413 remittere,
1552 2365 1728 2405 nullate-

255 2435 327 2459 nus
355 2420 504 2478 adegit‚
537 2428 614 2460 aut
641 2421 873 2460 instantium
912 2424 1188 2462 necessitatum
1232 2424 1278 2461 vi
1306 2423 1540 2475 inferiorem
1567 2435 1610 2460 se
1638 2417 1728 2460 red-

258 2480 366 2519 dere.
426 2478 517 2517 viro
544 2478 690 2532 quippe
720 2486 836 2517 tanta
854 2477 1131 2518 sanctitudine
1154 2480 1403 2534 praestanti,
1433 2479 1519 2518 leve
1547 2477 1617 2517 vel
1647 2490 1728 2516 mo-

257 2532 391 2572 dicum
419 2532 676 2573 Constantini
702 2532 895 2573 delictum
925 2549 1005 2575 non
1033 2536 1269 2590 apparebat.
1338 2536 1389 2575 ab
1418 2537 1504 2590 ipso
1533 2532 1728 2589 siquidem

257 2591 506 2644 imperatore
536 2590 678 2630 ducens
704 2592 914 2643 originem,
944 2590 1006 2631 ad
1031 2593 1282 2649 infinitarum
1311 2594 1544 2632 animarum
1574 2592 1728 2630 ruinam

259 2646 342 2685 iam
351 2648 522 2697 fecerat
541 2661 809 2701 progressum.
882 2650 1084 2688 hominum
1125 2664 1297 2705 namque
1332 2650 1520 2704 plurimi,
1553 2649 1728 2702 maxime

260 2703 468 2757 voluptati
491 2702 708 2743 sectandae
731 2704 989 2756 faciliore-3,
1035 2707 1249 2747 occasione
1275 2715 1452 2762 arrepta,
1480 2714 1519 2744 et
1549 2701 1728 2758 exempl!

259 2756 372 2812 dato,
400 2762 596 2813 nefastum
633 2762 894 2817 imperatoris
903 2762 1073 2813 sactum
1093 2761 1168 2816 fas
1210 2764 1294 2803 rati
1320 2758 1588 2818 adimplendo
1617 2758 1728 2800 venei
