1728 3184
665 197 868 243 NOTAE.
1381 199 1486 248 399-

39 317 236 358 criminat
260 317 547 372 Stephanum,
576 317 775 373 huncque
815 334 926 360 anno
966 320 1056 360 solo
1086 321 1299 364 ecclesiam
1329 323 1511 366 admini-

35 381 266 426 strantem,
309 380 354 416 et
380 382 610 431 martyrem
642 377 833 428 extitisse,
864 382 906 417 et
937 377 1234 419 Calendionem
1266 381 1513 435 praecesisse

35 436 228 472 testatur.

148 501 242 557 199,
270 502 312 544 8.
370 501 661 561 Κωδωνάτον]
692 506 870 546 larvatos
902 505 1187 548 tintinnabulis
1214 503 1382 550 κώδωσι
1419 525 1512 565 spe-

32 565 216 656 gtatores
247 559 300 601 ad
329 560 458 602 risum
486 569 726 616 moventes,
770 560 1046 612 κωδωνάτους
1076 569 1231 604 vocant
1260 566 1514 608 recentiores

78 631 200 658 raecn

144 689 255 731 Ihid.
273 688 311 731 9.
369 686 691 748 πρωτόθρονον]
721 691 883 747 primus
913 698 1011 747 post
1040 692 1326 748 patriarcham
1351 701 1513 737 metro-

35 745 168 802 polita
197 753 258 788 est
288 743 602 801 πρωτόθρονος.

155 819 270 916 ΙΞὶᾰ.
317 820 381 862 12.
439 816 746 877 ἐχειροτονήθη
790 818 813 863 ὅ
855 815 1086 879 Ἰωάννης]
1135 822 1342 878 Euagrius
1387 824 1458 865 lib.
1486 823 1515 865 3

37 889 131 932 ⁰³1)-
151 876 258 984 Ilbiil.
292 942 356 983 15.
417 939 438 984 ὅ
469 941 516 984 δὲ
546 943 765 996 πατρίκιος
783 936 935 997 Ἴλλος]
968 943 1177 986 Candidus
1205 946 1434 987 Photianus
1463 948 1515 988 ad

37 998 194 1041 codicis
227 999 280 1042 79
319 999 498 1050 calcem,
534 1001 739 1056 Euagrius
771 1001 840 1041 lib.
870 1000 897 1042 3
927 1016 1015 1056 cap.
1046 1000 1127 1054 27,
1173 1003 1426 1045 Theodorus
1452 1005 1516 1046 le-

33 1063 131 1098 ctor
159 1057 229 1097 lib.
251 1057 291 1109 2,
322 1056 546 1098 lornandes
569 1058 622 1099 de
644 1072 758 1113 regn.
785 1072 834 1098 ac
865 1064 1047 1113 tempor.
1077 1059 1348 1101 successione.

150 1129 245 1181 200,
273 1128 315 1171 6.
390 1126 718 1183 καταλαβόντων
764 1131 849 1172 ταῖν
889 1131 1080 1188 σακρῶν]
1122 1139 1206 1173 tres
1244 1132 1433 1186 codices,
1465 1135 1517 1176 de

35 1187 188 1241 quibus
232 1188 374 1228 variae
419 1187 619 1229 lectiones
675 1188 733 1228 ita
780 1188 997 1230 scribunt:
1052 1190 1285 1231 correctius
1330 1193 1515 1231 καταλα-

33 1244 217 1295 βουσαῖν.

141 1310 249 1354 Ibid.
285 1314 349 1355 11.
388 1310 771 1367 Τρασκαλισσαῐόν]
802 1311 1133 1353 Tarasicodisam
1163 1320 1288 1354 vocat
1319 1314 1513 1355 laudatus

36 1366 244 1408 Candidus
279 1368 391 1423 apud
412 1368 629 1410 Photium:
661 1369 920 1410 Aricmesum
947 1369 1156 1425 Euagrius
1186 1370 1259 1411 lib.
1280 1371 1306 1412 2
1334 1386 1429 1427 cap.
1450 1371 1515 1424 14,

37 1423 313 1465 Codiosaeum
344 1424 579 1466 chronicon
609 1425 803 1466 Alexand.

145 1495 240 1550 201,
272 1496 312 1539 6.
372 1497 567 1552 εἰσῆλθεν
596 1495 618 1538 ὅ
645 1496 871 1555 Λεόντιος]
915 1499 1119 1556 Euagrius
1157 1500 1230 1542 lib.
1261 1499 1288 1541 3
1317 1515 1411 1556 cap.
1444 1500 1513 1553 27,

38 1553 294 1595 Theodorus
325 1554 460 1596 lector
490 1555 559 1598 lib.
583 1556 619 1596 2.

146 1627 253 1734 ῙΙξΙίᾱ.
285 1627 328 1670 7.
386 1623 700 1686 μηνίἸουνίῳ]
735 1629 861 1671 Barb.
901 1629 1020 1671 addit
1062 1626 1128 1682 ιζ’,
1156 1630 1244 1673 Pal.
1275 1645 1372 1672 cum
1401 1630 1513 1687 Pey-

38 1698 122 1725 rez.
147 1698 171 1724 κ
209 1714 221 1726 .

146 1756 255 1798 Ihid.
286 1755 354 1798 13.
412 1753 533 1811 γόητι
574 1758 784 1815 λεγομένῳ
807 1751 933 1813 εἶναι]
965 1774 1091 1815 quam
1120 1759 1304 1801 studiose
1331 1759 1514 1814 praesti-

34 1812 107 1867 giis
137 1827 180 1854 se
222 1813 455 1866 addixerit,
499 1822 542 1856 et
585 1815 821 1869 prohibitas
865 1817 1102 1858 exercuerit
1142 1823 1276 1869 artes,
1314 1816 1514 1858 fusissime

35 1870 207 1924 exponit
240 1871 387 1912 Suidas
415 1887 452 1912 v.
484 1870 768 1924 παμπρέηιος.

146 1943 240 1995 202,
274 1944 310 1986 1.
365 1945 439 1985 τοῦ
471 1944 645 1998 Πετροῦ
672 1944 749 1985 τοῦ
779 1945 963 1998 Μογγοῦ
993 1941 1033 1986 οἱ
1059 1945 1357 1996 σπουδασταί]
1387 1947 1512 1987 Ioan-

36 1999 98 2041 nis
128 2000 386 2051 eiectionem‚
418 2003 562 2057 Mongi
594 2002 884 2055 intrusionem,
914 2008 956 2042 et
981 2004 1162 2043 Zenonis
1191 2003 1431 2044 Henoticon
1459 2003 1513 2044 ad

34 2056 211 2098 verbum
241 2057 406 2100 exhibet
434 2058 638 2114 Euagrius
666 2059 739 2104 lib.
769 2058 795 2099 3
826 2073 949 2114 capp.
994 2060 1043 2100 12
1077 2059 1126 2100 13
1159 2067 1200 2101 et
1228 2075 1345 2116 seqq.

145 2130 253 2170 Ibid.
287 2129 350 2171 17.
412 2129 674 2184 Θευδὲριχος
706 2128 728 2172 ὅ
762 2127 1056 2187 Οὗαλάμερος]
1090 2132 1408 2174 Theodoricum
1427 2133 1512 2172 Va-

38 2186 203 2227 lameris
248 2185 380 2227 filiurn
421 2195 640 2241 praesente
683 2203 793 2230 anno
840 2189 1020 2230 Zenonis
1063 2190 1285 2231 undecimo
1316 2191 1357 2230 in
1394 2189 1511 2231 ltalia

34 2250 280 2298 regnantem
310 2252 518 2285 memorat
547 2245 740 2286 chronic.
781 2246 999 2287 Alexandr.
1059 2248 1144 2287 eius
1173 2247 1214 2286 in
1250 2246 1406 2286 ltaliam
1438 2261 1511 2286 ex-

33 2300 291 2355 peditionem
321 2301 362 2341 in
392 2316 547 2341 annum
568 2304 746 2343 Zenonis
778 2303 827 2343 15
856 2302 1136 2355 Marcellinus,
1166 2311 1207 2344 et
1223 2303 1380 2343 Marius
1409 2302 1512 2342 reii-

32 2357 166 2398 ciunt.
234 2357 418 2399 ciusdem
460 2358 623 2399 decimo
668 2365 821 2414 quarto
859 2360 1093 2415 praedandi
1133 2360 1304 2400 libidine
1343 2358 1509 2413 pulsum

31 2413 256 2455 Thraciam
283 2415 407 2455 armis
437 2415 658 2467 infestasse,
688 2424 840 2457 auctor
868 2425 929 2458 est
952 2417 1061 2457 idem
1094 2417 1367 2457 Marcellinus,
1426 2414 1509 2454 hoc

31 2470 177 2526 itaque
203 2472 379 2512 Zenonis
410 2471 632 2512 undecimo
663 2487 759 2513 cum
788 2475 940 2514 loanne
969 2473 1124 2529 Scytha
1154 2473 1348 2513 adversus
1376 2471 1509 2523 Illum,

33 2533 78 2568 et
116 2527 300 2570 eiusdem
343 2529 581 2570 rebellionis
621 2530 754 2571 socios
797 2531 1037 2585 expeditum
1078 2529 1284 2570 consentit
1317 2529 1510 2568 Petavius

33 2582 109 2624 lib.
147 2583 199 2625 13
240 2584 293 2626 de
326 2585 442 2626 doct.
487 2592 615 2640 temp.
674 2586 760 2628 eius
800 2587 1119 2640 educationem,
1148 2586 1247 2626 dum
1276 2585 1358 2625 CP.
1392 2584 1510 2625 obses

32 2638 189 2696 ageret,
221 2641 274 2682 ad
305 2649 470 2697 patrem
498 2657 743 2697 regressum,
777 2644 996 2685 consulare
1026 2657 1187 2694 munuS‚
1217 2656 1312 2681 cum
1340 2641 1511 2683 Zenone

31 2697 199 2749 foedus,
240 2713 356 2739 arma
398 2699 440 2739 in
470 2699 697 2740 Thraciam
737 2700 873 2752 illata,
913 2701 956 2741 in
986 2700 1170 2749 Italiam,
1210 2699 1296 2739 sive
1325 2698 1507 2753 proprio

31 2753 158 2794 animi
186 2756 417 2810 proposito,
446 2755 532 2796 sive
547 2757 724 2796 Zenonis
756 2772 852 2798 eum
872 2757 1055 2798 timentis
1075 2755 1248 2796 consilio
1276 2761 1510 2810 susceptam

30 2811 353 2865 profectionem,
385 2818 428 2854 et
458 2812 604 2854 exinde
638 2814 752 2855 varia
777 2814 862 2856 eius
880 2813 1110 2855 certamina
1141 2812 1382 2854 describunt
1399 2811 1509 2854 Pro-
