1728 3184
472 186 656 230 NOTAE
697 191 1071 237 ros'rssmonts.
1394 194 1491 242 623
1534 179 1542 185 ’

43 302 119 342 lius
147 298 271 342 Cedr-
300 299 374 364 ξαί
401 296 427 351 ἧ
459 295 646 352 ὅθεσμος
691 298 1013 358 αἱματεκχυσία.
1044 309 1245 367 descripta
1277 312 1378 354 haee
1405 314 1491 354 clu-

47 359 116 399 det
144 356 329 398 Huncin
361 370 474 396 anno
505 358 575 398 25.

153 425 251 475 510,
284 424 349 467 19.
406 419 434 475 ἧ
464 424 550 464 τῶν
573 425 803 478 μεσογείων
839 427 911 468 καί
938 427 963 480 ἦ
993 428 1037 469 ἐν
1068 431 1252 489 Φοινίκῃ.

68 549 76 557 ·
134 493 247 557 ⁸511,
277 489 318 555 7.
349 490 450 531 ,καί
475 489 624 539 πάντες
645 490 931 558 ἐφοβήθησαν.
949 498 1136 537 mutilum
1153 499 1247 551 hoc,
1266 516 1342 542 nec
1371 516 1492 558 supe-

41 548 223 588 rioribus
255 553 337 588 nte
364 561 607 587 connexum.
681 555 916 601 praemittit
951 555 1085 592 Anast.
1117 569 1162 594 eo
1188 565 1361 612 tempore
1389 562 1492 598 venie

39 604 197 645 audicio
223 604 335 652 eius;
366 618 514 657 nempe
543 605 606 643 vei
624 604 879 654 mahumetis,
909 607 1075 662 eiusque
1096 624 1225 652 novae
1250 619 1393 655 sectae.
1423 616 1488 655 vel

39 661 311 708 successoris3
343 675 450 715 quac
478 660 535 699 sic
566 660 758 700 timorem
785 662 1014 703 incusserit.

151 727 263 768 Ibid.
284 726 349 768 13.
407 726 536 779 μέχρι
564 727 636 780 τῆς
663 729 843 782 σφαγῆς]
875 730 934 770 sic
960 745 1107 771 errore
1134 733 1269 772 Anast.
1290 735 1409 777 Cedr.
1441 752 1489 778 ac

39 783 304 838 Theophanis
334 782 457 824 codd.
492 797 590 836 pru,
635 785 794 836 φαγῆς;
824 800 943 842 usque
967 786 1063 826 dum
1093 789 1349 830 comedentem
1375 793 1488 832 vide.

36 849 152 888 rann
182 854 361 895 nempe,
401 839 547 880 cameli
590 854 730 879 carnes
760 842 1008 893 immundas,
1040 850 1085 884 ut
1112 845 1250 885 statim
1275 848 1487 901 sequitur:

37 911 85 938 ex
114 910 164 938 eo
204 897 315 937 enim
360 902 651 951 cognoverunt
699 912 779 936 non
812 913 893 938 esse
929 899 1139 951 Messiam,
1171 901 1243 954 qui
1273 902 1330 942 sic
1359 903 1488 957 legem

36 953 412 1008 transgrederetur.
486 952 580 991 καθ’
610 949 727 1005 ἡμῶν
755 955 836 994 τῶν
868 955 1020 1009 Χριστ.
1044 955 1312 1010 γενικωτάτης
1340 959 1488 1013 φυλῆς.

33 1009 139 1050 tn'bu
165 1009 357 1049 latissime
365 1010 486 1062 fiasa.

148 1076 259 1144 512,x
270 1075 312 1116 3.
372 1075 446 1115 καί
470 1072 692 1125 Ἀραβίαν]
723 1077 856 1115 Anast.
885 1082 926 1116 et
955 1078 1077 1118 Cedr.
1101 1075 1284 1130 Ῥαβάιν.
1310 1080 1490 1134 συγγενῆ

44 1131 181 1174 αὐτοῦ
203 1145 352 1173 ουσαν.
383 1132 507 1172 Barb.
538 1131 660 1187 Peyr.
694 1137 771 1171 etc.

129 1205 257 1271 ¹Ibid.
299 1202 364 1245 14.
435 1200 833 1259 παρρησιασάμενος
871 1199 1124 1260 ὑπεισῆλθε]
1172 1207 1271 1263 Reg.
1309 1223 1485 1250 συνανε-

34 1275 259 1316 στρηφετο.

143 1328 241 1381 513,
277 1328 341 1369 12.
398 1322 530 1375 οὕτως
558 1325 604 1366 ἐκ
632 1326 839 1379 γυναικῶν
881 1319 1009 1380 ἦλθεν
1035 1325 1095 1375 εἷς
1122 1320 1293 1382 ἄνδρας.

145 1396 257 1439 Ibid.
288 1395 353 1437 15.
410 1391 483 1436 διὰ
503 1394 688 1445 πολέμου
715 1390 760 1434 τὸ
789 1390 978 1449 ἔσχατον]
1006 1395 1124 1436 Cedr.
1147 1395 1225 1443 ἕως
1252 1397 1330 1438 τοῦ
1353 1396 1485 1451 ἐσχά-

32 1465 107 1492 του
133 1452 340 1504 πολέμους
374 1451 491 1508 quod
538 1466 621 1490 non
662 1450 826 1490 videtur
855 1456 1006 1504 aptum.
1046 1453 1211 1492 obtinuit
1231 1463 1372 1508 partes
1396 1442 1483 1495 Ze..

31 1508 160 1549 thribi
185 1512 350 1563 (nempe
390 1507 651 1561 provinciam
695 1507 820 1546 felicis
849 1507 1034 1560 Arabiae,
1064 1508 1199 1563 inquit
1232 1511 1273 1550 S.
1301 1511 1483 1564 Nicepb.)

32 1563 96 1604 ad
120 1575 350 1606 extremum
378 1565 500 1613 bello,
529 1577 583 1603 ac
620 1565 757 1602 armis.
812 1563 868 1602 sic
901 1578 1047 1617 nempe
1075 1564 1354 1606 mahumetani
1381 1566 1485 1608 hae-

33 1622 159 1660 resim
174 1621 456 1670 disseminant,
486 1634 580 1659 cum
609 1619 713 1658 desit
741 1619 875 1659 divina
898 1619 963 1658 illa
994 1620 1065 1670 vis,
1092 1635 1172 1675 qua
1197 1621 1381 1662 Christus
1406 1624 1482 1663 sibi

32 1678 163 1718 eorda
194 1677 350 1718 addicit
370 1692 449 1732 per
489 1675 707 1715 stultitiam
746 1675 1082 1729 praedicationis;
1116 1691 1191 1717 nec
1218 1678 1346 1718 modo
1374 1678 1483 1719 aliud

31 1734 159 1788 magis
187 1733 241 1774 ad
274 1734 383 1774 heila
428 1732 584 1772 animat
614 1747 737 1786 quam
776 1733 1072 1786 superstitionis
1098 1733 1217 1785 zelus,
1247 1740 1290 1774 et
1316 1740 1363 1775 ut
1388 1750 1483 1776 cum

33 1790 210 1844 imperio
242 1796 398 1831 sectam
426 1789 696 1843 producant.-

143 1855 238 1907 514,
256 1855 318 1896 17.
347 1856 420 1897 ἐπὶ
447 1856 502 1910 τῇ
517 1855 600 1895 τῶν
618 1854 799 1905 Περσῶν
823 1855 927 1910 νίκῃ]
952 1856 1048 1909 Reg.
1072 1862 1150 1896 etc.
1179 1855 1228 1910 τῇ
1245 1855 1381 1914 ἦμὲρᾳ
1408 1858 1485 1910 τῆς

34 1911 344 1960 εἰδωλοθυσίας
372 1912 529 1952 αὐτῶν.
558 1914 696 1950 Anast.
724 1912 768 1950 in
795 1911 872 1960 die,
898 1926 984 1967 qua
1007 1921 1122 1951 erant
1148 1912 1269 1952 idolis
1298 1915 1482 1955 immola-

30 1971 127 2016 tur-1²,
159 1983 309 2023 nempe
338 1969 495 2009 Arabes
526 1967 803 2007 Mahumetani
822 1996 834 2015 ‚
866 1968 1012 2019 quibus
1044 1974 1085 2007 et
1115 1967 1333 2010 idolatriae
1362 1971 1483 2025 quid-

30 2026 143 2078 piam
172 2025 297 2066 Cedr.
331 2024 499 2065 videtur
512 2024 738 2070 ascribere;
756 2025 828 2063 etsi
846 2023 916 2073 illi,
942 2024 1012 2078 qui
1043 2023 1166 2063 deum
1195 2039 1322 2065 unum
1352 2041 1482 2081 agno..

31 2086 163 2134 scant,
191 2082 315 2136 longe
347 2096 390 2122 se
416 2081 468 2121 ab
497 2094 547 2121 eo
580 2086 628 2119 ut
661 2079 780 2119 idolis
810 2079 1031 2129 immolent,
1061 2094 1142 2120 esse
1171 2081 1410 2122 existimant.
1439 2083 1481 2121 in

32 2151 137 2179 vers.
166 2139 252 2193 ipse
278 2139 322 2178 in
350 2152 419 2178 eos
432 2138 562 2189 facta
585 2137 840 2191 impressione
869 2137 927 2175 ad
949 2150 1115 2191 pagum.
1146 2143 1223 2176 etc.

138 2203 238 2256 515,
272 2203 338 2244 13.
394 2204 554 2260 asperis
580 2218 646 2243 eos
674 2202 808 2243 verbis
832 2204 1022 2243 eunuchus
1049 2204 1193 2256 abegit.

141 2269 238 2321 516,
269 2272 306 2312 1.
382 2266 645 2323 στρατηγούς
682 2268 717 2309 δ’
762 2265 1050 2323 ὄδηγηθὲντας,
1094 2267 1151 2315 ὥς
1174 2269 1373 2323 προὲφην,
1401 2265 1482 2309 ὕπὸ

27 2325 354 2382 τῶν-Ἀράβων]
382 2328 482 2381 Reg.
513 2327 578 2366 vel
610 2334 656 2366 ut
684 2327 807 2381 Peyr.
837 2332 913 2366 etc.
955 2322 994 2365 οἱ
1025 2324 1310 2378 ὅδηγηθέντες.
1364 2325 1484 2364 duoes

24 2391 215 2438 quattuor
244 2386 357 2424 misit
367 2415 379 2434 ,
419 2384 490 2436 qui
518 2384 606 2423 viae
632 2383 801 2423 ducibus
828 2382 1030 2423 Arabibus
1047 2412 1058 2431 ,
1092 2387 1167 2421 etc.
1201 2395 1304 2436 quos
1334 2394 1483 2434 nempe

26 2439 241 2481 eunuchus
270 2440 425 2493 negatis
454 2439 668 2494 stipendiis
708 2438 759 2478 ad
789 2438 1172 2478 mahumetanorum
1202 2442 1342 2490 partes
1367 2451 1482 2477 com-

26 2495 206 2549 pulerat.
264 2495 492 2536 Soloechos
521 2511 568 2536 ex
597 2497 699 2550 Reg.
727 2495 948 2547 exscriptos
978 2494 1146 2534 emenda
1175 2507 1222 2533 ex
1242 2493 1366 2547 Peyr.
1400 2499 1482 2532 etc.

22 2550 104 2592 σὺν
142 2549 415 2604 στρατιώτοις
453 2549 625 2603 ὄλίγοις.
688 2548 766 2590 σὺν
798 2555 885 2597 τοῖς
923 2547 1199 2602 στρατιώταις
1225 2549 1484 2602 τριακοσίοις

20 2601 139 2648 οὖσι.
196 2608 272 2648 καί
295 2606 601 2660 συμβαλόντες.
633 2608 734 2661 Reg.

136 2679 245 2720 lbid.
279 2679 342 2721 16.
416 2677 487 2734 ἔτη
521 2678 600 2719 δύο
642 2674 789 2733 ἥμισυ·
865 2674 913 2726 ὃς
941 2672 1277 2730 παραλαμβάνει]
1305 2676 1406 2731 Reg-
1441 2682 1485 2716 at

21 2735 146 2791 Peyr.
171 2734 232 2782 ὥς
273 2734 348 2776 καί
383 2735 598 2788 παρέλαβε
639 2732 749 2787 μετὰ
787 2731 1021 2786 Ῥωμαϊκῆς
1068 2729 1298 2783 δυνάμεως.
1342 2734 1483 2773 Anasi.

26 2791 147 2832 Cedr.
179 2793 278 2845 Reg.
309 2793 432 2848 Peyr.
464 2798 543 2832 etc.
577 2805 668 2832 cum
698 2791 887 2830 Romanis
914 2789 1054 2844 copiis.
1084 2788 1154 2828 ubi
1186 2787 1326 2828 oculi?
