1768 3268
265 218 358 264 120
478 221 758 264 ANASTAsn
803 221 1064 264 HISTORIA
1104 216 1519 263 ECCLESlASTlCA

246 338 555 391 *imperatorem
595 351 643 380 ex
684 337 859 379 Persicis
899 338 1051 380 exuviis
1091 336 1222 377 multa
1253 341 1295 376 et
1339 338 1484 389 &aptos
1514 331 1729 373 universos

258 407 339 433 una
371 409 466 434 cum
492 394 651 435 bandis.

368 473 513 513 Mundi
534 489 644 514 anno
661 471 785 524 6080,
803 471 969 513 divinae
998 469 1297 513 incarnationis
1320 482 1429 509 anno
1459 466 1555 517 580,
1588 481 1725 506 mense

124 529 548 583 p.4038epte1nbrio‚
595 530 826 570 indictione
866 536 1003 580 sexta,
1034 527 1299 583 Langobardi
1343 526 1500 565 bellum
1529 523 1724 564 adversus

253 587 460 627 Romanos
502 587 759 637 intulerunt,
791 593 832 627 et
862 586 1175 626 Maurusiorum
1215 589 1353 640 gentes
1385 582 1582 623 adversus
1611 580 1725 621 Afri-

252 657 342 682 cam
374 658 539 699 magnas
566 643 906 698 perturbationes
946 648 1314 697 perpetraverunt.
1374 639 1414 678 in
1446 637 1619 679 Perside
1647 652 1724 676 au-

251 705 335 739 tem
362 714 507 741 carcer
538 706 598 742 est
630 701 701 756 qui
733 700 889 740 dicitur
918 699 1061 750 Lethe,
1090 706 1131 740 et
1163 698 1314 738 multos
1342 697 1566 737 Persarum
1603 709 1673 734 rex
1701 709 1724 733 a

251 756 420 796 diversis
459 757 648 811 gentibus
689 758 728 797 in
770 756 850 796 hoc
880 756 1045 796 inclusit
1089 771 1172 796 una
1204 769 1298 795 cum
1339 752 1512 808 captivis
1544 750 1723 792 civitatis

247 814 400 852 Darae.
460 813 524 853 isti
554 828 653 868 ergo
685 813 894 867 desperati
939 814 1158 868 insurgunt
1183 819 1333 853 contra
1373 824 1441 850 eos
1472 809 1545 865 qui
1575 823 1616 848 se
1647 823 1724 848 cu-

249 867 505 920 stodiebant,
545 877 586 911 et
627 870 764 910 occiso
809 871 972 910 Marusa
1016 876 1143 923 caput
1174 869 1258 909 eius
1286 866 1534 923 Byzantium
1567 864 1723 906 attule-

250 931 363 965 runt.
422 933 483 967 ast
505 927 737 982 imperator
764 941 857 966 cum
883 925 1034 981 gaudio
1066 941 1217 980 magno
1250 924 1338 964 illos
1367 923 1558 977 suscepit.
1616 921 1723 961 Phi-

246 982 449 1036 lippicum
479 984 618 1023 au'tem
649 985 712 1023 vix
739 989 982 1037 praetorem
1013 984 1174 1037 recepit
1206 982 1425 1022 exercitus.
1457 994 1551 1020 cum
1581 985 1720 1019 autem

245 1039 468 1079 Persarum
507 1041 883 1094 Romanorumque
923 1039 1077 1080 bellum
1118 1039 1403 1095 Martyropoli
1434 1037 1566 1086 tieret,
1594 1050 1720 1090 supe-

232 1101 397 1140 *rantur
435 1097 626 1137 Romani.
704 1097 937 1150 imperator
975 1103 1115 1136 autem
1169 1112 1191 1135 a
1231 1101 1428 1149 praetura
1477 1093 1719 1148 Philippico

245 1166 385 1192 rursus
403 1159 556 1206 amoto,
577 1153 926 1193 commentiolum
947 1160 1189 1206 praetorem
1207 1152 1393 1192 Orientis
1408 1151 1570 1191 direxit.
1586 1150 1720 1190 Hera-

245 1207 345 1247 clius
371 1217 508 1250 autern
527 1216 795 1264 prosperatus
821 1209 862 1248 in
892 1209 1000 1250 bello
1019 1210 1198 1264 peremit
1217 1209 1444 1250 Persarum
1461 1213 1719 1262 praetorem.

243 1263 487 1317 Aphrahato
518 1280 619 1307 vero
666 1266 919 1319 interempto
959 1266 1125 1321 fugiunt
1163 1266 1316 1306 Persae
1359 1272 1400 1306 et
1441 1266 1721 1319 insequuntur

241 1320 430 1360 Romani.
461 1337 555 1362 eum
584 1329 725 1362 autem
754 1322 932 1362 multum
963 1323 1105 1364 fuisset
1138 1323 1178 1363 in
1207 1323 1263 1364 eis
1295 1322 1501 1364 excidium
1539 1322 1718 1372 factum,

243 1377 605 1431 comprehendunt
635 1379 758 1419 etiam
787 1379 1020 1419 custodiam
1048 1386 1090 1421 et
1121 1380 1272 1420 multas
1295 1380 1458 1420 exuvias
1472 1379 1720 1434 Byzantium

114 1433 423 1483 p.404mittunt.
469 1435 649 1490 denique
691 1436 927 1490 imperator
970 1438 1232 1492 equestribus
1277 1435 1631 1490 speculationibus
1677 1441 1718 1475 et

242 1491 496 1531 commerciis
513 1493 660 1533 urbem
673 1493 935 1547 splendidam
951 1493 1146 1534 reddidit.
1170 1494 1391 1534 Hormisda
1406 1493 1628 1533 Persarum
1646 1507 1718 1532 rex

241 1554 483 1600 praetorem
521 1550 670 1588 Baram
711 1556 957 1604 promotum
994 1566 1077 1590 una
1111 1566 1207 1591 cum
1253 1550 1543 1605 potentatibus
1577 1549 1716 1589 multis

242 1609 389 1642 contra
421 1605 615 1645 Suaniam
644 1606 784 1648 mittit.
859 1622 905 1647 ex
938 1608 1150 1662 insperato
1179 1613 1316 1647 autem
1350 1607 1447 1647 huic
1477 1608 1629 1646 instans
1664 1606 1715 1645 ad

240 1661 417 1700 Araxem
444 1660 596 1702 flumen
621 1669 751 1703 castra
779 1672 1043 1715 commovet,
1074 1665 1282 1720 siquidem
1310 1664 1551 1719 expugnatis
1565 1663 1715 1704 Tureis

241 1731 262 1754 a
292 1717 424 1756 Persis
455 1719 557 1759 adeo
587 1719 805 1761 Hormisda
851 1722 984 1761 crevit
1011 1727 1059 1761 ut
1090 1722 1215 1763 etiam
1248 1722 1407 1762 tributa
1438 1721 1714 1777 quadraginta

240 1772 353 1811 milia
385 1775 475 1813 auri
498 1790 520 1814 a
535 1776 680 1817 Tureis
713 1778 936 1832 acciperet,
970 1793 1065 1818 cum
1099 1780 1216 1834 prius
1247 1778 1333 1833 ipse
1360 1778 1549 1834 aequalia
1568 1777 1717 1817 Tureis

241 1830 513 1892 persolveret.
542 1847 688 1872 verum
702 1835 926 1875 Mauricius
950 1835 1032 1876 hoe
1051 1842 1273 1890 comperto
1288 1836 1524 1876 Romanum
1551 1849 1716 1889 prove-

239 1884 303 1923 lnt
334 1894 586 1939 praetorem,
609 1897 650 1929 et
672 1890 711 1930 in
729 1891 922 1932 Suaniam
942 1907 1037 1932 cum
1056 1899 1283 1947 potentatu
1303 1893 1563 1942 transmittit.
1598 1906 1714 1932 cum-

240 1956 337 2006 que·
361 1945 615 1996 pervenisset
636 1947 843 1988 Romanus
873 1949 1063 1989 Lazicem
1091 1956 1133 1990 et
1163 1950 1215 1990 ad
1244 1949 1407 1989 Phasim
1435 1949 1610 1990 fluvium
1644 1963 1716 1988 ae-

240 2005 431 2059 cesslsset,
461 2000 502 2039 in
531 2002 744 2043 Albaniam
776 2005 1003 2046 exercitum
1033 2007 1178 2048 movit.
1237 2008 1389 2047 Baram
1419 2011 1559 2046 autem
1594 2005 1714 2045 audi-

241 2068 309 2094 ens
350 2057 583 2097 Romanum
629 2061 868 2113 profectum
907 2077 997 2103 rem
1036 2064 1268 2105 deridebat.
1339 2064 1539 2118 cupiebat
1588 2063 1711 2102 etiam

238 2111 526 2152 Romanorum
557 2115 686 2155 aciem
718 2133 842 2158 manu
873 2134 1045 2174 capere:
1091 2136 1174 2161 non
1208 2121 1318 2162 enim
1350 2120 1487 2161 adhuc
1516 2119 1712 2160 adversus

238 2168 448 2232 Romanos
477 2170 632 2211 bellum
661 2173 820 2214 inierat.
893 2182 935 2215 at
963 2192 1064 2218 vero
1095 2179 1308 2219 Romanus
1338 2179 1572 2218 Romanam
1604 2176 1712 2216 mul-

238 2225 460 2265 titudmem
488 2230 715 2283 separavit,
760 2245 844 2270 non
884 2234 1072 2287 probatis
1103 2250 1228 2290 penes
1269 2236 1449 2275 sarcinas
1484 2233 1710 2275 derelictis.

237 2279 379 2320 decem
409 2282 520 2322 milia
564 2284 689 2325 etiam
734 2301 871 2328 secum
899 2291 1103 2345 accipiens
1147 2293 1342 2333 adversus
1374 2292 1578 2332 barbaros
1605 2305 1711 2345 pro-

104 2353 138 2388 p.
154 2342 222 2378 405
236 2338 424 2400 perabat,
455 2345 496 2379 et
525 2338 608 2404 duo
640 2342 749 2382 milia
781 2347 1034 2397 praecedere
1070 2349 1187 2390 iubet
1228 2349 1471 2390 exercitum.
1532 2347 1604 2403 qui
1634 2362 1709 2387 ve-
1759 2398 1762 2399 ⁷

236 2400 392 2434 mentes
437 2396 603 2436 obvlam
651 2398 711 2439 his
752 2402 821 2454 qui
864 2413 1193 2456 praecesserant,
1225 2407 1368 2446 Persas
1413 2405 1487 2445 hos
1519 2406 1560 2445 in
1593 2411 1711 2458 terga

234 2457 419 2513 vertunt,
448 2458 490 2492 et
521 2468 662 2495 omnes
693 2456 961 2499 interimunt:
992 2462 1100 2502 facta
1131 2464 1288 2517 quippe
1318 2465 1414 2518 fuga
1437 2467 1478 2502 et
1496 2460 1711 2516 praecipi-

235 2511 293 2544 tuo
335 2508 408 2546 sibi
455 2511 645 2551 obstante
675 2514 859 2553 conclusi
905 2530 1046 2557 omnes
1088 2519 1357 2560 interierunt.
1440 2525 1501 2558 ast
1529 2518 1707 2558 Romani

234 2575 362 2616 usque
384 2565 432 2604 ad
451 2566 732 2607 barbarorum
752 2571 903 2610 vallum
931 2581 1145 2626 venerunt,
1167 2577 1220 2616 ita
1245 2584 1289 2617 ut
1307 2578 1457 2616 Raram
1477 2589 1605 2630 super
1623 2574 1707 2614 hoc

232 2619 556 2682 obstupesceret.
631 2625 745 2679 quod
790 2627 957 2668 audiens
987 2631 1194 2671 Romanus
1242 2634 1428 2673 animare
1459 2632 1601 2686 eoepit
1637 2647 1711 2671 ex-

231 2682 430 2727 cremum,
463 2685 502 2717 et
532 2681 778 2733 praeliaturi
810 2691 1013 2736 parantur
1046 2687 1084 2726 in
1116 2704 1264 2746 eampo
1281 2689 1496 2731 Albaniae.
1558 2690 1706 2728 Raram

230 2735 608 2797 autem-nitebatur
637 2738 794 2778 bellum
818 2740 964 2791 furari,
998 2744 1218 2787 frustratus
1250 2754 1387 2788 tamen
1412 2745 1587 2786 consilio
1618 2752 1702 2785 est:

227 2792 548 2854 sur1·e-x1t·enim
569 2795 790 2846 Romanus,
823 2803 865 2836 et
896 2801 1176 2853 comptissimc=
1197 2805 1441 2857 parabatur.
1500 2817 1595 2843 cum
1628 2817 1704 2841 au..

227 2850 313 2885 tem
344 2860 518 2887 invicem
549 2852 768 2892 conflictus
793 2854 1024 2908 agitaretur
1054 2860 1235 2901 etmulti
1264 2861 1549 2902 harbarorum
1577 2858 1703 2900 occisi
