1728 3184
188 183 288 234 480
680 194 736 234 m
776 192 1152 235 THEOPHANEM

302 304 401 361 449,
433 309 497 352 16.
555 307 792 360 ἀναιρεῖται
823 308 869 349 δὲ
889 309 963 348 καί
993 303 1219 361 ὄΠέτρος]
1247 307 1475 349 simocatta
1493 323 1584 363 cap.
1604 311 1667 354 13.

197 366 386 406 chronic.
416 364 614 406 Alexand.

308 447 405 499 450,
439 447 483 488 4.
543 445 710 497 Βίλιοι]
740 448 968 488 Simocatta
999 447 1374 502 cap.15.A1').iov.

313 534 420 575 Ihid.
453 531 493 574 9.
552 533 855 587 καλλιγραφος]
895 533 1005 572 idem
1037 546 1127 586 cap.
1162 535 1226 577 13.
1286 528 1389 585 α’νήρ
1416 545 1479 580 τις
1522 532 1604 573 τῶν
1632 531 1675 579 ἐς

203 588 357 638 κάλλος
374 585 645 644 χραφὸντων.
673 590 842 629 litteras
874 589 970 630 bene
994 589 1193 645 pi’ngendi
1214 591 1369 645 pentus
1398 591 1566 640 art-sex

318 663 425 705 1b1·.d
462 664 525 706 10.
599 661 644 702 ἐκ
683 661 957 714 παννυχίδος]
1001 677 1023 702 e
1069 668 1281 701 nocturno
1332 662 1525 701 convivio
1576 665 1674 713 (non

203 722 412 762 matutina
456 719 633 773 vigilia,
670 724 803 772 prout
853 718 966 759 rudis
1009 718 1272 770 Anastasius)
1319 719 1373 758 ob
1415 723 1556 758 natum
1598 717 1676 756 sibi

206 777 338 816 filium
377 790 536 816 marem
577 789 656 830 per
695 775 779 814 dies
821 783 980 830 septem
1017 775 1297 829 sumptuosius
1339 775 1548 830 agitando.
1607 774 1678 813 Si-

205 839 404 874 mocatta.

319 918 432 958 Ibid.
466 920 531 960 11.
597 911 696 962 τούς
733 912 1007 968 α’νδριάντας]
1051 916 1244 956 Mauricii
1286 920 1390 969 puto
1435 920 1478 956 et
1519 915 1680 956 libero-

210 989 332 1014 rum:
376 973 487 1014 idola
532 985 704 1028 quoque
749 973 958 1026 coniicio,
1010 987 1116 1028 quae
1169 970 1384 1024 δαιμόνων
1430 971 1578 1013 scribit
1617 973 1680 1011 in-

209 1030 347 1072 serius.

322 1110 416 1166 452,
447 1111 485 1154 3.
538 1110 811 1165 Ἆρζαμοῦν]
853 1110 1095 1166 Ἀρξαμοῦν
1138 1113 1281 1167 legunt
1309 1113 1434 1154 Barb.
1476 1119 1518 1154 et
1559 1112 1683 1168 Peyr.

212 1171 336 1213 codd.
372 1173 572 1210 Arzancm
603 1171 818 1224 regionem
851 1175 892 1211 et
925 1169 1129 1224 oppidum
1159 1169 1284 1210 habet
1311 1170 1544 1224 Procopius
1576 1169 1694 1210 duo-»

213 1244 309 1269 rum
336 1227 418 1268 iter
447 1226 607 1267 dierum
641 1242 664 1267 a
695 1227 964 1267 Constantina
1003 1226 1169 1267 distans.
1225 1226 1380 1267 Persic.
1409 1226 1481 1267 lib.
1512 1227 1550 1267 2.

326 1311 442 1354 Ibid.
461 1310 499 1352 9.
554 1315 794 1364 χειροτονεῖ
818 1307 1056 1364 στρατηγὸν
1073 1307 1368 1361 Δομεντιόλον]
1403 1310 1453 1352 de
1482 1311 1597 1351 cuius
1613 1309 1690 1350 ad..

217 1383 356 1409 versus
384 1369 527 1408 Persas
558 1369 720 1418 itinere,
752 1367 966 1419 conflictu,
997 1373 1040 1408 et
1069 1368 1277 1423 periculo,
1307 1368 1524 1409 Theodori
1543 1367 1689 1407 Sicco-

217 1432 286 1466 tae
316 1425 401 1464 vita
433 1423 545 1479 apud
577 1425 750 1464 Surium
780 1425 831 1465 22
865 1425 996 1479 April.

330 1496 517 1548 453,14.
577 1512 646 1538 και
676 1497 721 1539 ἐν
747 1498 1013 1554 μοναστηριίο
1043 1497 1316 1567 ἐγκλειόνται]
1346 1497 1577 1538 elnonicon
1596 1498 1693 1536 Ale-

217 1555 339 1595 xand.
370 1570 478 1595 anno
510 1553 677 1595 Phocae
706 1555 862 1625 primo.
933 1555 1239 1595 Κωνσταντίνα
1269 1552 1295 1608 ἦ
1328 1551 1409 1593 ἀπὸ
1437 1554 1695 1606 βασιλισκῶν

216 1607 377 1664 ἐβλήθη
407 1610 451 1650 ἐν
479 1624 558 1661 μοι’
562 1612 765 1667 αστηρίω.
836 1610 1096 1651 Constantina
1141 1613 1446 1668 eximpetatrIx
1477 1612 1520 1650 in
1547 1624 1696 1650 mona-

214 1669 377 1708 sterium
405 1668 588 1707 coniecta
619 1677 689 1707 esc.
751 1666 895 1708 odium
932 1668 1239 1708 Prasinmum
1230 1684 1270 1708 in
1303 1683 1392 1708 eam
1426 1682 1473 1708 ex
1502 1665 1696 1707 Mauricii

225 1724 269 1765 in
295 1724 481 1766 Venetos
512 1724 664 1764 affectu
693 1725 869 1778 prodiit.
899 1725 1142 1765 Simocatta.

334 1808 446 1849 Ibid.
481 1810 545 1852 15.
612 1804 683 1848 τὸν
712 1807 759 1848 δὲ
794 1803 1025 1876 Γερμαιόν
1046 1807 1290 1860 ἀποκείρας]
1322 1808 1553 1848 cluonicon
1588 1807 1700 1848 idem

222 1866 264 1905 in
299 1879 453 1904 annum
484 1864 662 1905 eundem
694 1864 892 1932 primum.
950 1878 1021 1903 και
1050 1861 1246 1930 γεγόνασι
1275 1864 1463 1919 κληρικοί
1493 1865 1699 1905 (Dilimn-

226 1918 300 1968 κὸς
329 1916 349 1959 ὃ
399 1921 642 1973 πατρίκιος,
690 1917 764 1960 καί
792 1918 920 1985 κόμης
955 1916 1293 1973 ὲξκουβητόρων,
1323 1920 1398 1961 καί
1424 1918 1642 1972 Γερμανὸς
1678 1915 1700 1958 ὅ

222 1974 445 2029 πατρίκιος
477 1974 683 2030 πενθερὸς
711 1972 933 2028 γενόμενος
956 1975 1187 2017 Θεοὸἢοσιου
1216 1978 1294 2017 τοῦ
1318 1974 1416 2018 υἱοῦ
1433 1978 1702 2029 Μαυρικιόυ.

224 2035 365 2075 cleriei
385 2035 504 2085 sacti
526 2043 615 2072 sunt
645 2033 904 2088 Philippicas
943 2034 1148 2087 patri'‚czus
1180 2043 1221 2073 et
1247 2049 1378 2075 comes
1406 2034 1700 2079 excubitorum,

224 2100 264 2132 et
296 2090 522 2130 Germanus
544 2091 740 2145 patricius
763 2104 875 2129 socer
912 2090 1127 2130 Theodosii
1137 2090 1235 2147 filii
1263 2092 1476 2132 Mauricii.

339 2169 435 2227 454,
469 2177 504 2218 1.
578 2174 652 2214 τοῦ
692 2172 738 2214 δὲ
776 2171 1047 2227 πατριάρχου
1089 2175 1318 2227 Κυριακοῦ
1358 2171 1702 2229 τελευτήσαντος]

229 2228 376 2270 eodem
393 2246 504 2271 anno
518 2236 559 2271 et
571 2245 709 2271 mense
723 2230 944 2286 Cymaeum
955 2231 1043 2271 vita
1065 2232 1257 2272 functum
1277 2231 1556 2286 adstipulatur
1575 2232 1707 2272 chro-

231 2286 357 2327 nicon
402 2287 755 2328 Alexandrinum:
795 2285 905 2327 diem
944 2293 1081 2328 tamen
1124 2290 1263 2329 obitus
1294 2289 1426 2344 signat
1459 2289 1511 2330 29
1542 2290 1583 2329 in
1611 2290 1707 2329 sab-

229 2343 376 2384 batum
407 2344 681 2394 incidentem,
725 2345 1054 2400 successorisque
1087 2344 1276 2386 Thomae
1301 2345 1611 2387 ordinationem
1641 2347 1709 2386 la-

233 2400 370 2440 nuarii
412 2399 465 2441 23
505 2406 736 2455 peractam.
806 2407 995 2441 ceterum
1034 2401 1214 2442 Thomas
1248 2403 1347 2456 iste,
1389 2402 1636 2454 sacellarius,
1666 2402 1710 2442 id

236 2462 308 2507 est,
336 2458 608 2508 sacculorum,
625 2467 663 2497 et
678 2458 833 2497 aerarii
858 2459 1126 2513 patriarchici
1150 2468 1291 2510 castos,
1320 2469 1358 2500 et
1385 2473 1595 2501 carcerum
1625 2461 1711 2500 eius

233 2523 408 2566 curator,
443 2519 574 2568 plout
605 2513 656 2553 ad
686 2513 916 2565 Codinum,
945 2520 987 2555 et
1018 2515 1290 2580 euchologica
1318 2515 1568 2582 scripsimus,
1600 2516 1712 2556 idem

237 2577 473 2610 memorato
512 2570 712 2610 chronico
743 2570 837 2610 laud
843 2576 938 2610 itur
978 2569 1119 2611 ἐπάνω
1152 2571 1235 2613 τῶν
1262 2573 1553 2626 χειροτονιῶν,
1587 2587 1713 2627 quem

237 2640 333 2666 cum
360 2627 594 2681 interprete
614 2627 780 2667 Radero
801 2628 908 2667 ultro
928 2630 1149 2682 expetitum
1171 2643 1376 2695 nusquam
1396 2628 1607 2684 intelliges,
1640 2628 1712 2669 sed

238 2682 558 2725 ordinandorum
587 2684 790 2734 examini,
822 2685 885 2724 vel
919 2689 1034 2724 certe
1055 2684 1268 2726 ordinibus
1294 2686 1394 2741 ipsis
1425 2699 1448 2723 a
1473 2685 1715 2740 patriarcha

240 2739 496 2792 conferendis
534 2739 808 2805 praecipuum
848 2740 1098 2792 ministrum,
1138 2741 1254 2783 cuius
1291 2754 1438 2783 munus
1480 2742 1631 2784 nostris
1661 2741 1712 2783 ad

242 2793 450 2837 Codinum
482 2797 592 2839 notis
624 2797 813 2838 occurrit
841 2796 1104 2853 explicatum.
