1768 3268
539 209 610 251 Ex
647 209 994 252 THEOPnANE.
1023 226 1025 230 ¹
1075 230 1080 234 -
1434 205 1494 251 61

35 327 255 383 episcopm
283 324 767 380 Constantinopolitanus
813 324 1012 366 Iudaeum
1052 325 1261 381 quendam
1297 324 1502 382 paralyti-

37 399 135 426 cum
163 396 335 424 monens
361 381 536 423 suadens
563 388 692 437 atque
718 381 934 437 baptizans
951 395 1095 422 sanum
1124 397 1172 423 ex
1200 382 1367 424 lavacro
1396 381 1502 424 edu..

37 441 119 482 xit:
140 438 369 481 secundum
397 438 521 480 deum
547 438 658 479 enim
685 437 843 479 dicitur
872 437 995 479 fuisse
1019 446 1264 493 provectus.
1321 440 1500 494 septimo
1513 455 1549 491 p.
1567 443 1634 478 129
1660 444 1683 478 6

36 496 205 551 imperii
245 495 476 536 Theodosii
515 509 654 546 anno,
704 495 888 536 obeunte
926 495 1164 550 Theophilo
1210 495 1502 548 Alexandrino,

37 553 215 610 Cyrillus
257 553 532 594 consobrinus
573 552 660 592 eius
686 566 768 606 pro
801 553 890 607 ipso
928 552 1148 607 episcopus
1179 553 1396 594 ordinatus
1426 559 1502 594 est.

38 616 142 650 tunc
169 614 214 651 et
240 609 466 666 Hesychius
505 608 729 664 presbyter
756 608 1161 665 Hierosolymitanus
1206 609 1411 651 doctrinis
1441 610 1505 651 ef-

38 665 201 710 floruit.

151 738 298 780 Mundi
324 752 434 780 anno
455 737 582 791 5912,
613 737 778 779 divinae
805 738 1102 779 incarnationis
1120 752 1229 779 anno
1250 735 1508 789 412,Theo-

27 795 180 837 ‘'dosius
207 797 410 852 imperat3
441 796 556 836 cuius
586 794 750 836 decimo
780 794 929 850 quinto
963 795 1129 850 imperii
1158 809 1269 835 anno
1293 794 1507 835 Honorius
1519 809 1558 843 p.
1577 796 1642 830 130
1673 795 1717 830 ¹9

40 853 249 904 moritur,
277 859 317 893 et
349 854 519 893 loannes
559 851 729 907 quidam
758 865 807 892 ex
843 851 1128 906 imperialibus
1152 851 1509 906 subscriptoribus

42 910 201 951 Romae
221 909 446 964 imperium
460 908 636 963 arripit,
664 908 999 965 legationemque
1028 908 1080 948 ad
1094 908 1379 950 Theodosium
1407 909 1511 947 mit-

39 967 108 1014 tit,
136 966 179 1006 in
213 967 513 1021 imperatorem
552 964 704 1020 suscipi
738 965 980 1019 deprecans.
1045 971 1089 1005 at
1118 979 1220 1006 vero
1248 963 1510 1006 Theodosius

44 1022 188 1078 legatis
220 1023 262 1064 in
311 1036 525 1063 carcerem
553 1021 677 1062 trusis
707 1021 989 1062 Ardaburium
1024 1022 1232 1078 stratigon
1273 1022 1405 1063 mittit
1432 1020 1512 1062 ad-

42 1093 181 1120 versus
209 1094 327 1127 eum;
359 1093 485 1135 quem
513 1085 714 1134 tyrannus
747 1078 860 1133 apud
879 1080 1116 1119 Ravennam
1147 1092 1357 1134 aggressus
1379 1076 1512 1118 inclu-

40 1136 106 1178 sit.
181 1150 266 1192 quo
305 1134 563 1176 Theodosius
608 1135 780 1189 cognito
818 1136 1018 1189 Asparem
1059 1135 1183 1176 huius
1215 1135 1347 1176 filium
1383 1134 1514 1175 mittit

44 1193 242 1234 adversus
271 1207 380 1234 eum.
438 1197 528 1232 tum
558 1190 638 1232 deo
664 1191 848 1232 amabilis
877 1191 1145 1246 imparatoris
1161 1193 1356 1233 oratione
1385 1204 1514 1247 ange-

44 1250 109 1290 lus
138 1249 327 1300 domini,
367 1247 410 1288 in
451 1247 600 1288 habitu
639 1247 818 1302 pastoris
850 1262 1083 1302 apparens,
1112 1247 1284 1290 deduxit
1312 1252 1513 1304 Asparem

45 1313 88 1347 et
114 1320 185 1348 eos
218 1305 289 1361 qui
319 1318 416 1345 cum
471 1304 545 1345 illo
577 1310 718 1355 erant,
750 1309 792 1344 et
822 1303 940 1344 ducit
969 1318 1038 1346 eos
1066 1319 1145 1360 per
1173 1305 1371 1360 paludem
1402 1303 1516 1345 invi..

46 1379 125 1414 am,
156 1377 264 1418 quae
293 1363 516 1402 Ravennae
535 1359 709 1411 adiacet,
732 1375 859 1416 quam
888 1359 987 1402 deus
1007 1362 1198 1416 perviam
1225 1367 1423 1417 operatus
1454 1365 1516 1401 est

45 1417 398 1476 quemadmodum
442 1417 725 1458 Israelitarum
765 1423 983 1471 tempore;
1022 1425 1064 1459 et
1101 1424 1400 1459 transmeantes
1437 1431 1516 1472 per

45 1475 230 1526 aridam,
272 1473 430 1530 apertis
468 1473 605 1528 portis
634 1472 813 1514 civitatis
859 1473 1061 1525 inventis,
1094 1480 1319 1530 tyrannum
1348 1473 1517 1530 quidem

45 1531 307 1582 occiderunt,
325 1530 609 1572 Ardaburium
629 1534 768 1570 autem
789 1544 812 1569 a
829 1529 1003 1571 vinculis
1022 1531 1303 1573 absolverunt.
1321 1530 1513 1587 sequenti
1527 1545 1563 1581 p.
1579 1533 1651 1568 132
1674 1533 1697 1567 5

46 1594 186 1630 autem
218 1602 328 1628 anno
372 1585 584 1628 Maruthas
626 1600 648 1626 e
682 1586 846 1640 iscopus
877 1587 1206 1642 Mesopotamiae
1242 1587 1374 1628 filium
1404 1586 1512 1643 regis

45 1646 270 1686 Persarum
301 1642 553 1698 Hisdigerdis
584 1658 607 1682 a
634 1600 857 1683 ‹iinemonio
886 1649 1081 1684 vexatum
1109 1644 1280 1685 sanavit.
1349 1644 1511 1685 interea
1523 1661 1558 1696 p.
1573 1647 1641 1683 134
1679 1648 1722 1682 13

44 1701 306 1743 Theodosius
332 1700 568 1755 imperator
605 1699 739 1739 multa
767 1699 1022 1754 benignitate
1058 1706 1211 1753 motus,
1240 1700 1339 1741 licet
1366 1701 1513 1741 Persas

45 1757 331 1813 potentissime
346 1757 511 1809 vicerit,
540 1769 714 1811 parcens
744 1760 883 1797 tamen
912 1756 1154 1798 Christianis
1177 1757 1250 1814 qui
1267 1757 1516 1799 habitabant

47 1816 89 1856 in
121 1814 304 1864 Perside,
333 1828 479 1868 pacem
508 1811 805 1867 amplectitur;
836 1813 952 1854 cuius
982 1814 1044 1854 rei
1073 1813 1207 1869 gratia
1236 1813 1367 1856 mittit
1399 1813 1515 1869 lega-

46 1872 176 1913 tar-ios
203 1874 237 1923 *)
264 1871 491 1912 Heleonem
518 1868 757 1924 patricium,
796 1883 923 1925 quem
961 1869 1082 1912 valde
1107 1870 1404 1911 honorandum
1437 1870 1515 1911 du-

46 1929 196 1978 cebat,
242 1932 285 1970 et
330 1926 571 1968 Anatolium
610 1925 794 1966 Orientis
836 1926 1056 1981 stratigon.
1110 1927 1344 1968 Vararanes
1374 1933 1515 1968 autem

46 1985 177 2026 sciens
203 1985 514 2040 superationem
547 1997 663 2023 suam
692 1981 865 2037 suscipit
886 1983 1158 2038 legationem,
1192 1990 1235 2025 et
1263 1985 1339 2024 ista
1367 1998 1516 2038 perse-

48 2041 165 2082 cutio
189 2041 360 2082 cessavit
389 2054 495 2096 quae
522 2040 562 2078 in
582 2038 839 2079 Christianos
861 2040 1110 2094 agitabatur.
1169 2047 1358 2081 ceterum
1374 2040 1517 2081 Theo-

48 2098 185 2140 dosius
203 2097 438 2152 imperator
462 2095 852 2137 communicatrices
868 2095 1022 2138 habens
1041 2096 1292 2152 hymnodiae
1319 2097 1516 2152 proprias

50 2169 218 2195 sorores
235 2184 248 2202 ‚
280 2168 388 2209 quae
413 2152 697 2207 virginitatem
724 2157 818 2192 tota
848 2153 931 2192 vita
959 2154 1248 2205 sectabantur,
1277 2168 1405 2209 super
1435 2153 1515 2193 hu..

49 2209 276 2252 iuscemodi
314 2210 524 2251 beneficiis
555 2208 633 2251 deo
662 2208 814 2263 gratias
855 2224 977 2264 agens
1007 2210 1170 2265 hymnis
1198 2210 1313 2251 hunc
1341 2210 1516 2251 laudare

48 2267 215 2323 penitus
245 2281 329 2307 non
358 2266 554 2307 cessabat.
628 2264 829 2306 Sisiunius
858 2272 997 2307 autem
1027 2267 1514 2323 Constantinopolitanus

49 2324 267 2379 episcopus
292 2323 492 2378 Proclum
519 2327 737 2363 consecrat
768 2322 1013 2378 episcopum
1042 2323 1203 2379 Cyzici3
1234 2339 1359 2379 quem
1391 2322 1515 2379 Cyzi-

50 2380 143 2421 ceni
173 2395 256 2421 non
300 2379 586 2434 suscipientes,
626 2377 878 2419 monachum
918 2380 1127 2435 quendam
1163 2387 1335 2436 praeter
1368 2386 1516 2420 votum

49 2437 220 2478 sisinnii
259 2436 514 2477 Dalmatium
551 2434 710 2476 dictum
737 2443 971 2477 consecrat.
1040 2437 1214 2478 Proclus
1241 2442 1380 2477 autem
1408 2450 1517 2489 pro-

50 2494 187 2548 priam
217 2493 427 2535 ecclesiam
458 2506 542 2531 non
574 2491 728 2532 habens
750 2492 1115 2548 Constantinopoli
1143 2493 1318 2534 hortatu
1347 2491 1515 2532 Sisinnii

27 2549 254 2604 Vdoctrinis
283 2549 493 2604 pollebat;
525 2548 597 2604 qui
631 2547 814 2589 eiusdem
846 2549 962 2590 urbis
994 2565 1077 2590 non
1108 2551 1241 2590 multo
1271 2555 1367 2603 post
1395 2547 1516 2589 ordi-

51 2612 180 2647 natur
206 2607 385 2647 antistes.
449 2604 637 2660 sequenti
678 2619 781 2645 vero
811 2619 921 2645 anno
950 2605 1169 2662 Philippus
1196 2606 1418 2662 presbyter
1446 2605 1517 2646 Si-

54 2661 130 2704 dae
158 2663 435 2704 Christianam
465 2660 682 2702 historiam
709 2662 750 2702 in
784 2662 956 2718 triginta
983 2678 1049 2704 sex
1071 2663 1200 2704 libros
1232 2661 1460 2716 descripsit.

102 2787 134 2833 ')
160 2786 366 2835 legatarios]
403 2785 629 2821 Flodoardus
668 2785 751 2821 hist.
781 2786 869 2820 eccl.
906 2789 1004 2821 Rem.
1037 2788 1054 2820 1
1088 2787 1154 2821 25:
1183 2785 1380 2831 legatarius
1404 2786 1517 2821 animi

150 2835 238 2869 felle
266 2841 475 2870 commotus.
526 2835 630 2869 Fun.
