1728 3184
652 188 854 232 NOTAE.
1385 183 1479 234 547

23 304 299 370 Theophanes
330 304 417 360 ipse
458 303 623 344 iamiam
666 310 993 355 memoraturus,
1036 311 1079 344 et
1106 319 1196 345 eam
1222 317 1334 344 anno
1363 318 1487 360 prae-

21 364 142 412 senti,
168 363 429 417 Copronyini
457 362 654 400 uidelicet
671 361 820 415 quinto
851 375 976 414 supra
1008 361 1263 401 tricesimum
1290 362 1488 401 inchoato

25 418 284 469 addicturus,
313 423 542 473 Augustum
575 423 619 458 et
645 416 917 456 indictionem
947 417 1207 469 ειιροιίοτεπι
1237 431 1487 466 memorans,

24 474 141 514 illum
169 473 409 515 indictionis
429 473 614 514 decimae
634 474 799 524 tertiae,
829 473 934 511 hauc
965 472 1018 511 ad
1048 474 1308 528 Copronymi
1335 486 1488 514 annum

21 536 223 585 quartum
254 537 297 571 et
325 530 579 571 tricesimum
608 536 801 584 spectare
830 528 1030 569 declarat.

135 606 233 659 693,
267 604 334 649 14.
406 605 628 657 Θεόδοτος]
659 608 716 648 ita
730 608 881 648 Graeci
911 606 1092 648 codices.
1150 609 1380 649 Anastasius
1410 625 1488 650 no..

24 679 120 704 men
149 671 272 705 tacet.
330 670 482 704 auctor
516 665 720 704 miscellae
754 665 914 705 scribit.
968 663 1108 704 eodem
1140 677 1251 704 anno
1280 664 1489 719 Adilgisus

22 721 383 775 Langobardorum
412 736 503 772 mx,
535 727 615 761 etc.

138 798 251 840 Ibid.
285 798 350 841 18.
420 799 472 855 τῇ
497 796 546 851 ιγ’
576 800 654 839 τοῦ
691 797 997 850 Σεπτεμβρίου]
1046 799 1113 839 die
1143 799 1248 838 Iunii
1279 798 1329 839 27
1361 798 1490 852 patris

23 855 202 910 imperio
230 858 425 896 successit
455 857 759 910 Copionjmus,
795 870 841 895 ex
873 856 991 894 dictis
1021 856 1074 896 ad
1103 856 1189 895 eius
1222 870 1375 895 annum
1397 856 1490 908 pri-

23 927 162 952 mum:
194 914 309 953 anuis
335 912 392 952 34
420 914 625 952 mensibus
641 913 665 951 2
697 919 738 952 et
756 912 898 952 diebus
916 908 969 950 26
1002 912 1152 952 exactis
1173 911 1389 952 defunctus
1405 918 1489 952 est:

25 968 156 1022 igitur
186 969 445 1022 Septembris
473 968 539 1009 die
572 968 637 1008 23.

137 1053 250 1094 Ibid.
283 1053 350 1097 20.
415 1053 531 1105 βοῶν
569 1052 644 1091 καί
679 1052 827 1106 λέγων]
860 1052 1074 1092 codicibus
1114 1053 1156 1092 in
1192 1052 1349 1093 cunctis
1389 1051 1492 1093 haec

24 1122 109 1148 non
137 1115 278 1150 extare
305 1109 522 1150 declarant
553 1110 691 1149 variae
724 1110 935 1151 lectiones.

134 1197 232 1250 694,
251 1200 316 1243 18.
374 1198 529 1250 ΠΙαδί]
561 1199 822 1239 Mahometus
842 1198 1308 1239 AlmohdiEccbellensi
1341 1198 1490 1240 dictus.

134 1279 247 1325 Ibid.
281 1281 344 1322 19.
414 1279 463 1322 τὸ
493 1281 723 1337 σπήλαιον,
757 1279 805 1322 τὸ
847 1280 1142 1335 ἐπιλεγόμενον
1182 1281 1352 1332 καῦσιν]
1381 1283 1492 1324 bello

21 1344 244 1393 captorum
264 1353 420 1390 carcer,
441 1340 796 1394 captivorumque
817 1339 869 1379 ad
887 1339 1078 1379 triremes
1100 1338 1398 1393 deputatorum
1414 1354 1493 1380 cu-

22 1394 156 1434 stodia
191 1395 359 1435 Graecis
390 1396 692 1436 recentioribus
724 1401 784 1436 est
810 1410 975 1445 καισις,
1008 1410 1132 1460 quam
1163 1396 1263 1435 ltala
1296 1409 1399 1436 voce
1425 1411 1493 1436 sa-

20 1451 72 1491 tis
106 1451 254 1491 usitata
286 1452 418 1505 hagno
448 1467 750 1507 nonnunquam
779 1452 936 1492 dicunt.
965 1450 1116 1490 καύειν
1147 1452 1257 1491 enim
1284 1465 1367 1505 pro
1397 1449 1493 1491 xal-

19 1521 97 1560 ειν,
129 1507 338 1561 affligere,
364 1509 621 1564 deprimere,
664 1517 848 1562 torquere
887 1509 1142 1561 exprimunt.
1211 1508 1363 1556 καῦσις
1391 1523 1492 1561 ergo

17 1578 158 1603 carcer
188 1561 469 1620 quicumque,
510 1565 628 1619 quod
670 1565 786 1604 locus
820 1565 1051 1604 afflictionis
1085 1570 1127 1603 et
1157 1564 1398 1604 calamitatis
1428 1565 1493 1607 sit.

21 1620 63 1660 in
92 1620 237 1669 antris,
265 1621 420 1669 foveis,
449 1620 675 1674 spelunci5‚
708 1635 760 1660 ne
792 1621 832 1659 vi
873 1627 1218 1674 perrumpantur,
1250 1621 1493 1674 praeparari

21 1682 244 1727 noverunt,
276 1677 348 1731 qui
366 1678 587 1730 piraticam
610 1677 784 1716 callent:
816 1684 859 1717 et
887 1676 1122 1716 huiusmodi
1153 1676 1372 1730 speluncae
1400 1678 1493 1716 adi..

23 1739 113 1773 tum
142 1733 350 1787 effregisse
387 1734 663 1783 Abusbalem,
695 1740 737 1772 et
768 1734 954 1787 captivos
986 1733 1215 1773 Saracenos
1244 1733 1284 1771 in
1319 1732 1494 1772 liberta-

21 1796 106 1830 tem
133 1789 298 1841 misisse,
324 1789 600 1844 Theophanes
617 1789 813 1829 brevibus
834 1790 954 1829 dictis
974 1790 1222 1829 manifestat.
1279 1788 1395 1843 quod
1416 1790 1495 1828 Sa-

17 1860 268 1886 racenorum
301 1860 447 1886 carcer
475 1861 497 1885 a
530 1845 633 1886 fumi
655 1846 930 1886 incommodis
963 1846 1006 1885 in
1037 1860 1086 1885 eo
1117 1859 1291 1885 accenso
1316 1859 1494 1885 vocare·-

19 1909 115 1953 tur,
145 1902 447 1957 expositionem
484 1902 651 1942 allatam
690 1902 750 1941 nil
787 1902 939 1942 laedit:
989 1917 1013 1942 a
1041 1902 1155 1942 fumo
1185 1902 1388 1956 siqnidem
1422 1901 1491 1941 bic

16 1958 248 2012 appellatus
278 1957 455 2009 καῦσις,
484 1959 647 1999 carceri
688 1959 939 2012 cuicumque
962 1958 1081 1998 alteri
1111 1957 1343 1999 molestiam
1373 1958 1491 1998 exhi-

14 2015 134 2055 benti
162 2014 388 2070 proprium
418 2015 495 2055 sibi
522 2030 671 2055 nomen
708 2014 892 2055 reddidit
918 2029 1152 2057 commune.

128 2103 237 2156 695,
274 2105 314 2149 5.
381 2104 694 2159 μητροπολίτας
729 2105 776 2146 ἐκ
818 2105 903 2145 τῶν
932 2100 1151 2157 α’ββιίδων]
1196 2103 1485 2157 metropolitas

16 2176 63 2202 ex
92 2161 310 2202 abbatibus
339 2167 382 2201 et
422 2161 632 2202 monachis
663 2177 868 2202 assumere
898 2162 1068 2202 Graecis
1098 2176 1222 2216 quam
1250 2161 1484 2214 antiquum.

125 2243 225 2297 696,
259 2245 296 2287 1.
354 2240 394 2285 οἱ
436 2246 521 2285 τῶν
563 2241 647 2286 ἔσω
675 2242 917 2298 ταγμάτων]
950 2246 1065 2286 urbis
1098 2243 1309 2285 custodiae
1338 2249 1378 2283 et
1408 2242 1483 2282 de-

11 2301 188 2342 fensioni
229 2302 378 2342 milites
425 2301 640 2355 deputati,
678 2303 852 2342 urbicae
890 2303 1118 2349 excubiae,
1148 2302 1206 2340 les
1231 2301 1393 2340 archer-s
1428 2298 1482 2339 dc

0 2359 138 2411 ,vd-‘le
173 2358 249 2398 nisi
282 2359 394 2398 forte
421 2359 519 2398 velis
548 2359 696 2398 milites
737 2359 779 2397 in
807 2360 951 2399 castris
982 2360 1095 2407 alios,
1124 2359 1224 2396 alios
1257 2357 1295 2394 in
1324 2355 1482 2408 praesi-

12 2415 91 2454 diis
120 2428 356 2470 agnoscere,
387 2421 428 2453 et
456 2414 529 2454 hos
554 2411 605 2455 ui
636 2411 720 2453 ἔσω
750 2411 948 2467 τάγματα
980 2428 1231 2477 nuncupare.
1267 2425 1411 2478 penes
1441 2418 1482 2451 te

10 2447 170 2522 lector,
192 2471 404 2511 iudicium
464 2471 682 2511 contrario
713 2478 851 2511 tamen
881 2485 1001 2511 sensu
1027 2484 1125 2517 τους
1152 2469 1235 2508 τῶν
1261 2463 1347 2508 ἔσω
1373 2481 1480 2518 tay-

7 2523 156 2579 μάτων
182 2529 406 2567 exteriores
427 2527 614 2578 ordines,
641 2532 876 2580 posuerunt
897 2530 1077 2567 Anastas.
1110 2531 1151 2565 et
1168 2524 1358 2564 miscella.
1388 2522 1481 2564 vide

13 2583 277 2625 Constantini
306 2583 455 2623 Leonis
488 2583 607 2624 huius
641 2583 715 2622 filii
747 2582 959 2623 annum7.

123 2671 231 2712 Ibid.
262 2673 303 2712 2.
376 2671 742 2740 59yaotq9taxu3'v]
797 2667 1179 2724 ἐργαστηριιέρηδες
1234 2669 1477 2735 corruptius

11 2728 158 2783 vulgus
190 2736 312 2769 vocat
340 2727 441 2775 τοὺς
483 2728 528 2768 ἐν
558 2729 634 2785 ἑργ
635 2728 870 2782 αστηρίοις,
895 2726 1095 2768 mercium
1124 2724 1404 2780 qualumlihet
1432 2727 1477 2764 in

12 2760 188 2838 officinis
216 2785 461 2826 venditores.
