1794 3250
582 206 655 247 Ex
698 204 1045 248 τιιΕοΡΗΑΝΕ.
1440 199 1536 248 243

82 320 161 362 sibi
187 319 373 362 subiecto
402 316 613 359 hominem
633 332 761 358 unum
789 319 1017 359 monastico
1044 317 1252 361 schemate
1276 319 1542 361 cireumami·
1594 348 1597 349 ν

85 385 212 418 ctum.
270 375 385 432 quod
416 390 510 415 cum
543 375 774 428 imperator
806 374 1023 425 didicisset,
1055 376 1215 415 bonum
1242 391 1407 430 semper
1438 390 1544 416 exo-

86 448 175 474 sum
203 433 388 484 bahem,
425 431 591 485 scripsit
620 430 658 470 ei
685 429 835 484 gratias
882 431 1020 470 dicens
1050 431 1216 471 “inveni
1247 439 1288 472 te
1317 434 1454 473 virum
1482 446 1545 472 se-

87 489 273 530 cundum
297 502 374 528 cor
402 502 553 538 meum,
578 486 650 541 qui
678 486 776 526 facis
806 502 945 527 omnes
962 488 1197 527 voluntates
1229 491 1375 528 meas.''
1431 488 1544 527 bunc

89 561 192 601 ergo
221 545 425 586 imitantes
457 551 500 584 et
527 542 657 584 ceteri
684 542 830 583 similia
869 544 1185 597 perpetrabant.

85 599 90 604 ’
201 602 321 642 Anno
356 600 521 655 imperii
552 599 811 640 Constantini
853 597 908 639 32
947 599 1057 640 misit
1095 598 1266 640 Abdelas
1294 600 1334 639 in
1366 599 1548 640 Africam

87 657 367 708 ,Mualabitum
392 671 487 697 cum
519 655 702 696 exercitu
733 655 894 707 multo,
935 662 978 696 et
1023 656 1223 710 ingressus
1259 663 1317 696 est
1348 655 1548 710 Alphadal

92 714 277 755 Badinar
306 713 349 753 in
377 712 647 761 Romaniam‚
687 719 730 752 et
764 713 874 766 cepit
914 711 1098 766 captivos
1127 713 1394 767 quingentos,
1459 713 1551 750 Mo-

92 770 360 826 psuestienses
381 774 520 809 autem
548 768 717 808 obviam
737 768 791 808 eis
819 775 1086 808 occurrentes
1107 775 1148 808 et
1168 769 1322 808 bellum
1341 767 1551 822 exagitan-

94 834 155 868 tes
189 825 437 868 occiderunt
464 840 511 865 ex
533 825 736 866 Arabibus
761 824 885 868 mille.
941 831 1002 864 ast
1031 824 1204 864 Abdelas
1233 825 1370 865 abiens
1399 824 1554 863 Hiero-

94 883 294 938 solymam
324 881 550 931 ieiunavit,
589 887 630 921 et
657 882 874 935 praecepit
920 880 1090 920 inscribi
1120 881 1374 921 Christianos
1401 886 1443 921 et
1470 879 1555 919 He-

96 940 246 980 braeos
276 938 316 977 in
343 938 555 984 manibus3
580 944 620 977 et
651 937 807 978 idcirco
835 936 953 977 multi
974 936 1308 978 Christianorum
1334 951 1414 992 per
1442 949 1557 976 mare

98 995 141 1035 in
169 994 415 1036 Romaniam
446 994 763 1048 confugerunt-³

209 1063 330 1102 Anno
368 1061 535 1115 imperii
580 1062 641 1101 sui
669 1060 724 1102 33
761 1060 895 1102 movit
935 1061 1252 1113 Constantinus,
1279 1073 1418 1100 mense
1447 1058 1689 1109 Maiop.691

99 1117 374 1160 duodecimae
415 1117 676 1168 indictionis,
721 1118 873 1158 stolum
926 1116 1241 1157 chelandiorum
1292 1117 1356 1157 bis
1401 1114 1562 1155 milium

101 1181 253 1215 contra
283 1173 540 1228 vulgariam.
598 1180 639 1214 et
660 1174 862 1228 ingressus
893 1173 1041 1227 ipsein
1062 1173 1193 1214 rubea
1224 1171 1436 1213 chelandia
1467 1186 1562 1211 mo-

101 1237 167 1270 tus
199 1237 259 1270 est
289 1229 340 1269 ad
383 1228 625 1269 intrandum
657 1230 893 1270 Danubium
925 1244 1110 1281 amnem,
1156 1228 1361 1269 derelictis
1394 1241 1565 1282 quoque

106 1286 374 1340 praetoribus
404 1286 661 1341 equestrium
704 1285 936 1326 thematum
977 1292 1094 1325 extra
1123 1286 1355 1336 clausuras,
1393 1285 1424 1322 si
1454 1284 1566 1323 forte

102 1348 271 1398 possent
302 1342 554 1396 Vulgaribus
582 1342 622 1382 in
656 1355 699 1382 se
727 1342 926 1382 intuitum
957 1341 1175 1396 figentibus
1205 1341 1384 1381 introire
1404 1341 1443 1379 in
1464 1338 1568 1381 vul..

105 1399 279 1453 gatiam.
338 1412 433 1437 cum
479 1405 617 1438 autem
664 1397 840 1439 venisset
879 1412 1010 1452 usque
1041 1397 1091 1438 ad
1118 1398 1283 1448 Barnas,
1312 1395 1567 1446 formidavit,

106 1461 149 1495 et
179 1453 317 1494 redire
358 1453 650 1494 meditabatur.
720 1453 789 1494 sed
834 1459 876 1494 et
906 1454 1107 1509 Vulgares
1146 1454 1344 1504 videntes,
1375 1467 1423 1492 ac
1451 1451 1572 1491 simili

105 1525 266 1566 pavore
297 1516 540 1560 metuentes,
569 1510 773 1550 miserunt
801 1511 958 1550 Boilam
988 1516 1030 1550 et
1056 1510 1253 1564 Tzigaten
1285 1514 1471 1563 petentes
1498 1521 1575 1562 pa-

108 1581 212 1608 cem.
280 1581 386 1622 quos
423 1581 516 1606 cum
556 1566 725 1607 vidisset
767 1566 1023 1621 imperator,
1060 1566 1217 1620 gavisus
1264 1573 1324 1606 est
1359 1572 1400 1606 et
1430 1578 1575 1618 pacem

108 1623 220 1674 fecit,
249 1624 451 1677 praestito
486 1622 664 1663 vicissim
706 1622 980 1663 iureiurando
1026 1623 1217 1677 quatinus
1255 1636 1390 1677 neque
1416 1620 1575 1675 Vulga-

109 1694 175 1720 res
202 1679 364 1721 exirent
408 1684 558 1719 contra
585 1679 831 1721 Romaniam
876 1692 1012 1733 neque
1053 1678 1290 1732 imperator
1317 1676 1503 1718 studeret
1534 1676 1575 1715 in

110 1735 356 1790 Vulgariam
401 1735 579 1775 intrare.
654 1740 697 1775 et
741 1735 857 1776 factis
886 1749 1014 1789 super
1045 1734 1127 1774 boc
1170 1748 1216 1775 ex
1246 1741 1427 1789 utraque
1455 1739 1578 1787 parte

97 1791 333 1845 vscripturis
362 1791 413 1831 ad
446 1791 620 1831 invicem
650 1806 838 1832 reversus
867 1796 927 1831 est
964 1791 1197 1845 imperator
1227 1797 1269 1831 et
1299 1791 1446 1830 urbem
1477 1788 1576 1838 adit,

81 1878 86 1881 -
111 1847 258 1889 taxatis
290 1847 497 1888 derelictis
524 1862 571 1887 ex
601 1847 792 1888 omnibus
821 1847 1070 1887 thematibus
1100 1847 1141 1886 in
1171 1846 1314 1887 castris
1339 1861 1446 1901 quae
1475 1859 1579 1884 con-

115 1903 234 1946 didit.
292 1903 503 1943 Octobrio
533 1919 634 1943 vero
664 1918 803 1944 mense
831 1903 1078 1944 undecimae
1117 1903 1356 1943 indictionis
1387 1902 1578 1942 nuntium

115 1959 295 2014 suscepit
315 1976 337 1999 a
356 1956 560 2013 Vulgaria¹
580 1960 631 2000 ab
660 1959 832 2000 occultis
862 1960 1003 2000 amicis
1031 1960 1123 2010 suis,
1154 1958 1268 2015 quod
1284 1960 1471 1999 mitteret
1499 1956 1579 1996 do.-

113 2016 250 2055 minus
278 2015 501 2071 Vulgariae
541 2015 763 2057 duodecim
802 2016 914 2056 milia
954 2030 1001 2056 ex
1033 2017 1193 2070 populo
1236 2022 1276 2055 et
1307 2014 1495 2055 Boilades
1527 2011 1578 2053 ad

116 2070 409 2126 captivandum
441 2072 667 2111 Verzitiam
713 2077 755 2112 et
804 2071 1094 2112 abducendum
1132 2086 1201 2112 eos
1239 2072 1279 2111 in
1323 2070 1578 2125 Vulgariam.
1592 2084 1626 2119 p·
1641 2068 1712 2106 692

117 2129 191 2184 qui
223 2142 274 2168 ne
304 2127 584 2168 innotesceret
628 2128 743 2183 quod
782 2135 930 2169 contra
958 2128 1161 2183 Vulgares
1205 2133 1461 2176 moveretur,
1492 2129 1579 2176 (ve-

118 2189 267 2224 nerant
297 2185 406 2224 enim
438 2183 490 2223 ad
519 2198 614 2226 eum
643 2184 766 2240 legati
799 2184 958 2226 domini
996 2184 1233 2239 vulgariae)
1265 2199 1360 2224 cum
1390 2183 1523 2223 adbuc
1551 2181 1580 2220 ii

117 2246 252 2281 essent
293 2239 334 2279 in
376 2240 512 2289 urbe,
551 2240 762 2282 simulavit
798 2254 840 2281 se
881 2240 1075 2281 adversus
1116 2241 1269 2281 Arabes
1314 2253 1506 2287 movere,
1538 2244 1580 2276 et

119 2303 430 2336 transmearunt
458 2303 543 2336 tam
585 2297 728 2336 vexilla
758 2311 884 2351 quam
926 2297 1200 2351 supellectiles
1230 2295 1445 2336 ministerii
1479 2293 1580 2347 regii

119 2358 357 2407 apparatus.
413 2366 508 2391 cum
538 2358 676 2392 autem
695 2353 986 2407 apocrisiarios
1015 2352 1243 2403 dimisisset,
1277 2366 1354 2406 per
1385 2349 1583 2403 explora-

120 2416 233 2449 tores
261 2415 482 2461 comperto
527 2422 677 2449 eorum
711 2423 903 2463 egressu,
949 2414 1157 2463 assumpto
1199 2409 1383 2449 exercitu
1414 2405 1583 2445 festinus

121 2465 205 2506 iter
232 2465 434 2518 arripuit,
465 2470 506 2504 et
552 2465 805 2505 coacervatis
836 2465 1068 2506 thematum
1095 2464 1240 2505 taxatis
1270 2470 1311 2504 et
1338 2462 1584 2502 Thracesia·

124 2522 184 2560 nis
214 2527 257 2561 et
302 2520 426 2561 unitis
473 2520 690 2560 ordinibus
735 2520 1006 2574 optimatibus
1041 2522 1139 2562 fecit
1180 2534 1248 2561 eos
1275 2519 1329 2560 80
1360 2518 1483 2558 milia.
1542 2521 1586 2558 et

124 2590 302 2632 pergens
332 2576 373 2616 in
402 2576 541 2617 locum
572 2576 643 2632 qui
675 2575 830 2617 dicitur
854 2576 1105 2628 Lithosoria‚
1135 2576 1282 2617 nullius
1312 2575 1437 2615 tubae
1468 2573 1586 2614 clan-

124 2647 229 2687 gore
256 2639 443 2683 sonante,
472 2632 691 2673 irruerunt
727 2647 854 2687 super
884 2633 999 2685 illos,
1029 2640 1072 2674 et
1102 2639 1265 2673 vertens
1292 2645 1362 2671 eos
1393 2629 1492 2670 fecit
1520 2628 1588 2669 vi-

125 2689 305 2729 ctoriam
334 2703 547 2743 magnam,
578 2694 622 2729 et
648 2702 743 2729 cum
770 2689 908 2729 multis
946 2690 1099 2730 exuviis
1130 2695 1172 2729 et
1199 2686 1372 2741 captivis
1400 2698 1588 2726 reversus

125 2750 201 2795 est,
228 2745 432 2798 triumphi
462 2745 522 2785 sui
555 2744 758 2798 trophaea
798 2759 923 2800 penes
969 2745 1117 2786 urbem
1147 2749 1370 2791 ostentans,
1399 2748 1441 2781 et
1469 2742 1590 2782 obse·

133 2800 239 2855 qniis
264 2801 521 2857 constipatus
552 2801 760 2856 incedens,
789 2802 1026 2858 bellumque
1048 2801 1131 2841 hoc
1161 2799 1588 2853 nobile‘nuncupaus,

1764 2159 1794 2218 ,l
