1728 3242
207 185 304 230 232
408 183 690 228 ANASTASu
732 180 991 226 HISTORIA
1024 177 1446 227 ECCLEsmSTlCA-

209 307 307 342 runt
334 299 483 354 dogma
512 297 774 346 huiusmodi,
818 304 861 338 et
900 296 1157 337 introierunt
1188 289 1465 346 Maurophori
1494 289 1664 330 domum

208 356 364 398 erroris
393 355 468 407 sui,
493 361 535 395 et
565 354 809 394 occiderunt
831 353 1056 407 clavigeros
1079 349 1245 390 nomina
1275 345 1347 388 60.
1404 352 1449 387 et
1477 346 1667 389 exierunt

207 411 374 468 quidam
403 412 444 451 in
477 412 704 460 Basrason‚
752 417 794 451 et
836 409 1155 464 captivaverunt
1183 405 1363 455 multos,
1401 408 1444 444 et
1469 403 1664 458 pecunias

207 483 446 510 numerosas
471 473 746 522 sumpserunt.

316 541 437 580 Anno
475 539 642 594 imperii
674 536 932 578 Constantini
974 535 1023 575 21
1062 533 1309 574 seditionem
1349 531 1668 572 concitaverunt

208 596 417 638 cassiotae
446 603 595 636 contra
624 593 933 648 Maurophoros
968 595 1150 645 propter
1185 589 1402 629 mulieres:
1433 593 1668 627 manserant

208 653 319 694 enim
349 667 396 692 ex
424 652 479 692 eis
507 653 548 692 in
592 652 716 692 domo
760 651 801 689 in
835 664 914 704 qua
945 654 1029 687 tres
1068 647 1218 686 fratres
1259 645 1494 695 manebant,
1522 651 1564 684 et
1588 659 1668 682 vo-

210 710 377 749 luerunt
405 703 740 748 uxores'eorum
783 707 825 746 in
863 704 1028 757 pelagus
1070 702 1219 743 iacere.
1291 707 1502 756 surgentes
1533 705 1670 740 autem

210 773 294 805 tres
326 766 476 804 fratres
500 763 744 804 occiderunt
782 769 822 802 et
850 761 1085 800 obruerunt
1123 758 1227 810 illos,
1259 758 1331 799 sed
1364 764 1406 798 et
1435 756 1671 798 coacervati

211 821 458 861 occiderunt
490 821 613 861 etiam
643 819 835 873 reliquos.
895 822 936 856 et
957 831 1052 856 cum
1082 815 1253 855 misisset
1280 813 1463 855 Selichus
1492 813 1670 863 militias,

211 876 499 917 fraudulenter
525 890 676 916 venere
704 889 828 928 super
857 873 959 923 illos,
991 879 1032 912 et
1062 871 1370 925 comprehensis
1395 870 1451 910 eis
1479 871 1671 925 patibulo

211 932 513 987 suspenderunt
542 938 626 972 tres
652 932 815 980 fratres,
847 936 889 970 et
918 927 1069 969 multos
1095 927 1196 967 alios
1222 929 1480 968 occiderunt.
1537 940 1671 980 porro

211 989 431 1030 festivitate
459 987 640 1042 paschali
682 988 880 1041 ingressus
908 991 967 1026 est
996 985 1048 1025 ad
1077 990 1260 1024 sanctam
1291 984 1507 1024 collectam
1537 983 1576 1022 in
1606 997 1673 1022 ca-

211 1046 364 1085 tholica
397 1045 578 1084 ecclesia.
646 1057 823 1098 cumque
862 1041 1209 1095 metropolitanus
1255 1041 1471 1095 episcopus
1503 1044 1672 1090 astaret,

212 1108 254 1141 et
281 1101 524 1142 exclamaret
549 1113 670 1140 more
696 1100 820 1139 solito
849 1097 927 1138 deo
961 1097 1099 1138 dicens
1131 1098 1273 1152 “plebs
1292 1097 1401 1137 enim
1433 1102 1503 1135 tua
1537 1101 1578 1135 et
1603 1109 1674 1135 ec..

213 1157 330 1198 clesia
360 1163 431 1196 tua
460 1155 665 1210 supplicat
697 1161 739 1195 te
751 1157 789 1205 ,”
816 1159 852 1202 ἢ
889 1153 1123 1194 eduxerunt
1153 1169 1246 1194 eum
1276 1159 1318 1194 et
1348 1153 1603 1193 incluserunt
1633 1153 1673 1191 in

79 1230 113 1265 p.
133 1218 201 1254 667
218 1228 399 1260 carcere,
430 1219 472 1253 et
502 1212 602 1252 alius
644 1211 869 1265 complevit
897 1217 1081 1250 sanctam
1121 1210 1352 1260 collectam,
1383 1215 1424 1250 et
1456 1211 1585 1249 factus
1615 1214 1678 1248 est

216 1270 345 1310 timor
372 1283 568 1322 magnus;
608 1274 650 1308 et
691 1268 767 1307 nisi
804 1267 1075 1321 metropolita
1113 1267 1426 1307 moralitateac
1453 1265 1677 1305 humilibus

215 1325 351 1366 verbis
378 1325 601 1380 mitigasset
631 1340 738 1376 eum,
767 1324 921 1364 malum
950 1324 1144 1378 profecto
1175 1323 1315 1378 ingens
1345 1322 1450 1363 hora
1474 1322 1541 1362 illa
1574 1336 1680 1361 con-

215 1388 464 1423 summatum
492 1381 643 1421 fuisset.
703 1386 795 1422 erat
824 1387 962 1421 autem
988 1379 1057 1420 hic
1093 1380 1350 1421 beatissimus
1376 1378 1624 1421 Anastasius.

326 1454 486 1495 Eodem
533 1469 703 1509 quoque
748 1468 858 1494 anno
905 1459 947 1494 et
983 1454 1274 1494 Constantinus
1314 1459 1562 1507 persecutor
1590 1453 1679 1491 Αη..

218 1511 356 1551 dream
403 1511 717 1551 memorabilem
758 1509 1038 1562 monachum,
1078 1510 1151 1565 qui
1200 1509 1420 1550 dicebatur
1458 1509 1678 1564 Calybstes,

219 1568 329 1621 apud
361 1567 606 1607 Blachernas
636 1567 773 1622 flagris
804 1567 845 1606 in
874 1566 1186 1622 Hippodromio
1223 1567 1267 1606 S.
1297 1568 1459 1607 Mamae
1486 1565 1679 1620 peremit,

222 1622 540 1677 redarguentem
568 1623 824 1678 impietatem
855 1623 953 1674 eius,
983 1629 1026 1664 et
1054 1623 1441 1664 Valentinianistam
1469 1637 1518 1662 ac
1553 1623 1681 1662 lulia-

221 1694 322 1719 num
364 1680 638 1734 appellantem
676 1695 791 1729 eum;
841 1695 966 1735 quem
994 1687 1038 1721 et
1069 1679 1110 1719 in
1147 1679 1320 1720 rheuma
1365 1679 1488 1719 maris
1534 1679 1682 1719 iactari

222 1736 450 1790 praecepit,
481 1736 554 1775 nisi
582 1750 748 1777 sorores
778 1737 861 1777 eius
891 1737 1004 1777 hunc
1034 1736 1244 1792 rapientes
1273 1737 1315 1776 in
1343 1736 1536 1792 emporio
1571 1738 1682 1776 Leu-

225 1792 332 1831 cadii
362 1792 609 1846 sepelissent.

336 1866 455 1904 Anno
485 1865 647 1920 imperii
665 1867 923 1907 Constantini
940 1867 993 1908 22
1020 1867 1222 1922 apparuit*
1244 1866 1399 1908 docites
1425 1867 1466 1907 in
1497 1867 1685 1917 Oriente,

225 1926 269 1961 et
298 1920 537 1962 interfectus
571 1929 631 1963 est
660 1924 764 1963 filius
795 1924 1022 1965 Phatimae.
1101 1931 1143 1965 at
1179 1937 1281 1964 vero
1315 1924 1518 1978 Vulgares
1546 1924 1686 1964 insur-

226 1983 364 2031 gentes
395 1978 639 2018 occiderunt
674 1978 862 2020 dominos
893 1996 986 2021 suos
1017 1980 1069 2020 ad
1105 1994 1147 2020 se
1174 1980 1215 2020 in
1247 1980 1350 2019 iram
1377 1981 1616 2031 derivatos,
1646 1986 1689 2020 et

225 2040 461 2074 statuerunt
489 2034 626 2074 virum
656 2036 902 2077 insensatum
944 2037 1112 2077 nomine
1150 2037 1346 2088 Zeletzin,
1373 2036 1427 2078 30
1457 2052 1553 2077 cum
1584 2043 1688 2077 esset

227 2102 450 2129 annorum.
505 2091 623 2130 multi
653 2098 871 2145 praeterea
901 2094 1038 2134 Sclavi
1071 2093 1272 2147 fugientes
1301 2093 1353 2133 ad
1388 2093 1688 2148 imperatorem

227 2145 531 2198 confluxerunt,
563 2162 665 2201 quos
695 2149 910 2189 constituit
940 2165 1066 2205 super
1097 2153 1307 2191 Artanam.
1365 2164 1501 2204 porro
1538 2149 1587 2190 16
1613 2150 1689 2189 ka-

227 2201 367 2266 lendas
408 2203 528 2242 lulias
575 2203 699 2243 exivit
738 2204 970 2259 imperator
1011 2207 1052 2246 in
1081 2206 1312 2255 Thracem,
1346 2207 1466 2247 misso
1518 2220 1689 2261 quoquc

95 2270 132 2307 p.
147 2260 217 2295 668
229 2259 394 2311 navigio
435 2273 513 2311 per
553 2259 758 2300 Euxinum
798 2269 976 2316 pontum
996 2294 1007 2313 ,
1035 2277 1164 2317 usque
1193 2263 1244 2303 ad
1271 2262 1353 2304 800
1380 2263 1594 2303 chelandia
1626 2264 1689 2302 fe.-

112 2319 117 2324 '
228 2315 363 2354 rentia
393 2314 607 2354 duodenos
640 2331 781 2369 equos.
857 2325 899 2358 at
938 2333 1039 2360 vero
1078 2319 1248 2360 Zeletzis
1295 2319 1433 2359 audita
1472 2327 1620 2360 contra
1648 2333 1691 2358 se

228 2377 314 2435 tam
340 2385 421 2435 per
448 2377 603 2410 terram
635 2387 759 2426 quam
785 2389 862 2427 per
882 2391 995 2415 mare
1025 2376 1134 2415 facta
1164 2377 1447 2417 commotione
1477 2375 1692 2428 assumpsit

227 2442 269 2491 ξι]
303 2427 495 2466 auxihum
528 2441 575 2467 ex
617 2428 898 2471 adiacentibus
934 2433 1008 2471 sibi
1050 2433 1286 2473 nationibus
1317 2432 1370 2473 20
1400 2433 1523 2483 milia,
1559 2438 1602 2472 et
1632 2431 1692 2471 his

228 2497 270 2522 ln
301 2483 599 2547 munitionibus
627 2485 860 2525 constitutis
881 2502 922 2527 se
949 2495 1117 2528 cautum
1134 2497 1174 2529 et
1203 2489 1459 2543 intrepidum
1490 2487 1690 2529 reddidit.

230 2544 294 2603 ast
322 2545 552 2603 imperator
582 2554 675 2580 cum
706 2542 890 2593 venisset,
922 2551 1050 2584 castra
1078 2552 1253 2586 metatus
1281 2553 1339 2586 cst
1370 2549 1409 2586 in
1429 2560 1576 2600 campo
1605 2547 1692 2584 An-

230 2594 371 2643 clnali;
403 2603 445 2636 et
475 2596 614 2651 pridie
642 2597 722 2639 kal.
751 2599 870 2639 Iulias
908 2601 1069 2654 primae
1101 2602 1364 2655 indiction-is,
1399 2603 1503 2644 feria
1532 2602 1693 2657 quinta,

279 2729 310 2774 ')
336 2729 387 2783 tp]
414 2730 696 2786 sic-Vaticanus.
745 2731 920 2767 Thuanns
955 2741 1073 2769 autem
1115 2737 1195 2772 tibi.
1238 2742 1430 2784 utrumque
1463 2741 1599 2772 rectum
1628 2741 1693 2771 est.

322 2775 407 2810 vnde
430 2778 643 2813 Fuscianum
668 2791 703 2826 p.
730 2779 823 2815 1184
851 2779 908 2815 ed.
947 2782 1086 2818 Putsch.
1138 2785 1243 2820 Fun.
