1728 3184
506 180 691 225 NOTAE
716 185 850 228 POST
851 189 1097 233 ERIORES.
1431 193 1527 241 599

174 293 272 347 336,
307 293 372 336 19.
426 295 623 348 βοώντων
651 298 890 354 ἐλεηθῆναι]
937 303 1034 359 Reg.
1062 305 1135 346 καί
1160 304 1280 360 λόγος
1298 307 1377 350 τοῦ
1402 309 1524 353 θεοῦ.

177 366 274 419 337,
297 365 362 408 16.
420 368 472 409 de
496 373 681 424 Agapeto
712 371 818 411 male
843 372 1064 428 interpres,
1087 393 1234 419 annum
1259 396 1378 422 unum
1405 385 1530 426 tenuit

60 424 361 490 pontificat-anf.
429 425 531 490 nihil
573 425 642 466 hic
677 427 954 491 'ssheoplianes
995 431 1046 472 de
1072 434 1172 474 sedis
1203 438 1373 491 Agapeti
1417 445 1525 481 tem..

65 495 209 546 pore,
230 495 302 536 qtu
332 495 416 521 :am
443 497 485 522 ln
515 481 725 523 laterculis
755 485 858 524 duos
890 486 946 525 ini
975 502 1101 527 annos
1129 491 1414 546 assignaverat.
1474 497 1525 538 de

65 537 267 578 Silvestro
298 543 450 590 autem,
494 553 565 579 seu
596 539 773 580 Silverio
804 541 935 592 addit,
967 538 1093 595 ζήσας
1122 541 1206 594 ἔτος
1234 548 1290 592 ἓν.
1318 551 1526 606 quivixit

64 607 144 634 uno
170 607 294 634 anno.

173 664 274 718 338,
309 665 372 707 17.
430 666 520 708 (ἔντ’
550 665 688 707 αὐτοῦ
727 668 1054 718 Κωνσταντῖνος.

174 742 341 808 33954.
397 751 493 800 post
523 743 785 799 Βουλγάρεις
822 748 959 788 statim
997 749 1215 790 omissum:
1255 753 1328 793 καί
1355 751 1412 802 ὥς
1440 754 1522 797 ‹lui›

61 798 239 851 κόπους4
265 815 356 849 οτες
397 800 435 842 οὶ
473 800 778 854 στρατηλάται,
822 804 1011 846 διέδωκαν
1050 805 1193 854 αὐτοῖς
1219 804 1271 847 τοὶ
1301 808 1424 864 νῶτα,
1451 810 1525 852 καὶ

61 856 323 907 κατεδίωξαν
349 854 508 905 αὐτούς
537 855 577 898 οἱ
598 855 871 911 Βουλγοίρεις.
902 862 1003 916 Reg.
1027 862 1154 902 Barb.
1188 869 1264 905 etc.
1292 866 1411 904 duces
1438 877 1522 907 tan·

59 928 190 969 quam
208 915 316 961 fes-d
336 928 365 954 a
391 915 531 955 labore
566 916 624 954 eis
655 924 770 967 terga
798 926 1003 958 verterunt
1014 950 1026 970 ,
1059 919 1230 974 illosque
1258 921 1428 975 Bzclgari
1458 925 1522 963 in·

58 972 192 1011 secuti
211 979 321 1018 sunt3
358 970 398 1010 in
429 986 512 1026 qua
560 971 656 1024 fuga
686 971 726 1011 in
755 971 988 1014 huiusmodi
1019 982 1190 1028 paratos
1217 991 1334 1016 socos
1365 977 1521 1019 incide-

59 1033 172 1066 runt.
230 1027 429 1067 videntur
456 1027 513 1067 mi
555 1027 728 1081 pedicae
759 1043 899 1082 genus,
931 1046 978 1070 ac
1012 1030 1161 1086 laquei.
1218 1040 1362 1073 nostra
1393 1048 1519 1088 prae..

57 1082 296 1128 dicatorum
325 1082 515 1124 instituta
545 1084 584 1124 d.
615 1083 635 1124 1
666 1099 701 1124 c.
725 1084 773 1125 10
801 1100 916 1127 socos
946 1089 1220 1141 permittunt;
1251 1089 1352 1144 quid
1382 1097 1518 1131 tamen

56 1140 144 1180 soei
174 1139 234 1180 ini
261 1139 344 1181 sint
373 1154 445 1181 nos
482 1139 581 1180 latet
613 1141 754 1181 modo.

165 1210 276 1263 341,
319 1212 382 1253 12.
469 1207 535 1254 ὅτι
582 1210 630 1255 τὸ
674 1211 755 1254 σὺν
808 1214 858 1270 τῇ
898 1215 1044 1271 α’ρετῇ.
1119 1218 1180 1264 εἰς
1223 1210 1432 1273 Εὖ’ρωπον
1467 1215 1515 1260 vd

51 1268 227 1324 χωρίον]
255 1269 358 1324 Reg.

164 1337 270 1379 lbid.
300 1335 367 1378 20.
422 1335 854 1391 στρατοπεδεύεσθαι.

162 1407 258 1462 342,
295 1408 361 1451 16.
425 1409 503 1451 τοῦ
527 1424 574 1451 τε
608 1410 755 1451 πεδίου
783 1410 1057 1461 ἑπιπλεῖστον]
1083 1411 1220 1452 locum
1251 1413 1509 1461 mendosum,

45 1480 194 1506 sanum
240 1466 406 1508 exhibet
446 1467 696 1521 Cedrenus,
734 1467 932 1522 quicquid
970 1469 1202 1510 Buccardus
1247 1469 1364 1509 nihili
1393 1476 1512 1524 putet

47 1523 244 1564 Cedreno
277 1523 402 1564 dicta.
461 1521 519 1577 μή
549 1522 607 1570 εἷς
635 1522 682 1563 τὸ
704 1523 845 1563 πεδίον
873 1521 942 1563 ἐπὶ
970 1526 1161 1565 πλεῖστον
1187 1523 1244 1572 ὠς
1264 1525 1511 1565 διακονοῦν-

44 1593 123 1627 τας
151 1579 370 1632 ἵστασθαι,
401 1578 491 1621 οὔδ’
523 1580 583 1626 εἰς
613 1579 684 1619 ἕνα
716 1578 865 1619 τόπον·
920 1577 1026 1620 dm&
1054 1580 1244 1631 βαδίζειν
1274 1579 1510 1630 εἱλισσομέ-

46 1649 146 1684 νους
174 1634 232 1683 ὥς
258 1637 597 1691 κυνηγετοῦντας,
624 1636 699 1676 καί
720 1636 936 1688 παρέργως
963 1634 1009 1675 τὸ
1042 1637 1176 1676 δοκεῖν
1207 1634 1280 1676 τόν
1309 1633 1508 1686 Χοσρόου

47 1688 313 1745 πρεσβευτήν
339 1693 523 1744 βλέπειν.
581 1693 694 1732 iussit
720 1694 881 1732 selectos
919 1693 1047 1732 variis
1075 1707 1132 1733 esc
1158 1694 1339 1745 gentibus
1367 1694 1510 1732 milites

48 1749 110 1788 ad
131 1750 296 1789 tentorii
313 1758 523 1805 utrumque
542 1749 653 1789 latus
680 1749 839 1798 adesse5
866 1756 1095 1788 nontamen
1123 1749 1270 1788 diucius
1294 1750 1337 1787 in
1366 1763 1510 1803 campo

47 1805 371 1845 ministrantium
402 1821 528 1856 more,
562 1820 693 1846 unove
723 1806 807 1844 loco
836 1805 1064 1856 consistere3
1093 1805 1165 1844 sed
1188 1806 1280 1844 hinc
1309 1805 1403 1844 inde
1429 1807 1510 1843 cir-

46 1870 332 1915 cumvagantes
370 1871 570 1918 tanquam
608 1869 871 1909 venarentur,
911 1861 1091 1900 incedere
1104 1891 1115 1910 ‚
1145 1875 1194 1900 ac
1235 1861 1420 1900 Clzosrois
1448 1861 1509 1899 le-

43 1926 181 1971 gamm
210 1919 321 1957 velut
345 1919 462 1959 aliud
487 1927 661 1972 agentes,
690 1932 739 1957 ac
767 1917 944 1970 neglectu
966 1917 1143 1972 quodam
1172 1919 1359 1972 aspicere.
1389 1922 1510 1956 erant

46 1980 164 2015 certe
194 1973 298 2014 haec
328 1989 437 2029 quae
464 1975 600 2029 legato
635 1982 843 2014 terrorem
872 1972 1103 2023 iniicerent,
1132 1974 1198 2011 cui
1233 1974 1328 2012 alius
1355 1973 1508 2012 Roma-

46 2044 202 2070 norum
234 2031 381 2084 copiae
414 2038 594 2087 quantae
628 2036 780 2079 essent,
821 2029 986 2070 minime
1013 2029 1274 2083 exploratum
1303 2033 1419 2070 esset.
1486 2026 1507 2066 ὁ

46 2085 95 2127 δὲ
119 2083 398 2142 Ἀβανδάνης.
454 2084 611 2129 τούτου
639 2083 735 2134 τοὺς
763 2084 919 2138 λόγους.

156 2156 254 2213 343,
287 2163 351 2204 11.
422 2159 644 2217 legendum
682 2159 825 2215 plane,
872 2154 922 2198 οὔ
954 2153 1119 2197 πώποτε
1157 2149 1291 2197 εἶδεν·
1348 2147 1406 2195 ὧν
1434 2151 1508 2208 τήν

46 2209 294 2268 εὖκοσμίαν.

157 2279 254 2336 344,
287 2284 327 2325 5.
386 2285 609 2336 συντόμως
639 2278 753 2337 ἥκειν
781 2279 1077 2333 διεβεβαιοῦτο.
1131 2279 1232 2334 Reg.

156 2363 253 2418 345,
290 2369 326 2408 1.
401 2368 586 2422 Σέβηρος
627 2364 648 2406 ὁ
682 2362 905 2416 ὃυσσεβής]
952 2363 1104 2403 isthaec
1129 2362 1241 2401 velut
1271 2359 1509 2415 parenthesi

46 2423 183 2464 clausa
216 2424 388 2478 legenda
430 2428 539 2476 sint3
587 2430 635 2464 ut
665 2421 765 2463 velit
805 2420 1076 2474 Theophanes
1105 2417 1287 2458 indicare
1317 2423 1510 2457 auctores

45 2480 287 2532 schismatis,
319 2496 367 2521 ae
400 2481 502 2523 dare
532 2482 752 2529 rationem,
787 2492 863 2517 cur
894 2474 1087 2516 haeretici
1117 2475 1183 2514 alii
1213 2471 1509 2523 Theodosium,

46 2537 116 2576 aiii
136 2539 313 2583 Gainam
334 2538 534 2592 elegerint
566 2538 604 2576 in
630 2536 873 2589 episcopum
895 2532 1171 2584 Alexandriae,
1202 2531 1241 2569 in
1273 2529 1409 2583 fugam
1439 2543 1508 2568 re-

46 2594 204 2647 ferens,
233 2609 282 2634 ac
324 2594 537 2635 dissidium
578 2591 736 2641 Severi,
766 2596 808 2631 et
847 2589 1011 2635 Iuliani3
1042 2602 1124 2627 non
1153 2600 1260 2641 quae
1288 2600 1398 2624 anno
1427 2584 1510 2624 hoc

47 2650 318 2703 contigerint,
346 2651 417 2692 sed
448 2665 555 2706 quae
585 2649 656 2690 diu
682 2652 776 2687 ante
813 2647 1017 2686 Dioscoro
1049 2643 1213 2683 iuniore
1240 2641 1512 2682 Alexandriae

49 2706 261 2762 episcopo.
1048 2748 1052 2750 ‚

157 2774 252 2834 346,
279 2779 317 2820 4.
388 2778 543 2832 συνέβη
579 2777 817 2830 πολεμῆσαι
858 2772 1067 2824 ἀλλήλοιςι
1103 2786 1147 2811 ex
1178 2785 1280 2810 voce
1313 2764 1510 2821 ἀλλήλοις
