1794 3250
235 179 333 230 248
447 184 728 229 ANASTAsu
769 185 1030 237 ffls'roam
1077 181 1492 227 ECCLESlASTch

234 300 351 349 chael
381 299 709 341 Lachanodraco
749 313 876 341 eursu
911 298 1082 340 modico
1120 313 1195 338 suo
1239 295 1462 338 debellavit
1511 309 1629 347 eum,
1657 301 1700 336 et

233 357 434 412 iugulavit
462 358 638 398 fratrem
665 356 957 398 Theumamae.

343 413 507 454 Eodem
537 428 708 469 quoque
738 428 875 455 mense
909 419 1084 469 quartae
1125 408 1363 450 indictionis
1409 414 1600 448 mortuus
1640 413 1700 448 est

231 468 316 510 Leo
350 470 453 510 lilius
482 470 743 511 Constantini
773 470 855 510 hoc
883 470 1021 510 modo.
1094 481 1187 507 cum
1220 465 1417 506 insaniret
1446 464 1558 504 circa
1587 464 1695 518 lapi-

232 526 314 577 deS,
346 527 462 566 nimis
496 526 703 567 adamavit
733 540 936 566 coronam
964 538 1136 579 magnae
1179 522 1386 573 ecclesiae,
1417 527 1460 561 et
1490 520 1699 574 accipiens

231 584 420 636 portavit
447 598 562 634 eam,
600 590 642 623 et
685 583 874 623 exierunt
911 579 1155 622 carbunculi
1189 580 1228 618 in
1261 578 1398 632 capite
1426 577 1524 629 eius,
1554 582 1597 617 et
1626 591 1700 616 ca-

229 646 325 693 ptus
352 655 372 678 a
403 639 540 679 valida
569 640 688 680 febre
718 645 910 681 mortuus
940 644 1001 679 est
1019 668 1031 690 ,
1062 651 1159 678 cum
1189 640 1397 690 regnasset
1427 634 1542 674 annis
1570 633 1699 688 quin-

231 709 327 750 que,
358 695 502 736 diebus
529 710 596 736 sex
629 695 820 750 exceptis.

340 762 486 802 Mundi
515 777 624 803 anno
652 762 775 814 6776,
809 762 972 802 divinae
1001 759 1299 800 incarnationis
1330 771 1438 798 anno
1469 754 1563 808 776,
1595 755 1701 796 Hei-

229 834 331 859 rene
358 819 538 873 piissima
571 831 651 860 una
689 834 782 859 cum
824 819 909 858 filio
939 831 1014 858 suo
1055 817 1328 857 Constantino
1358 813 1539 868 gloriose
1569 812 1700 866 impe-

228 875 336 915 rium
379 876 574 916 divinitus
627 876 780 930 accipit
832 881 944 914 sexto
984 873 1072 914 idus
1126 872 1408 927 Septembrias
1459 869 1698 909 indictionis

230 937 422 986 quartae,
456 932 648 987 quatinus
677 931 875 972 mirabilis
913 930 1232 985 praedicaretur
1263 930 1361 969 deus
1383 927 1507 968 etiam
1531 927 1571 965 in
1606 926 1699 977 hoc,

229 1003 308 1042 per
339 988 503 1028 viduam
533 990 726 1028 feminam
769 995 808 1028 et
838 1002 1020 1041 puerum
1053 985 1287 1040 orphanum
1319 983 1585 1038 depositurus
1616 982 1698 1021 im-

230 1059 409 1084 mensam
460 1051 607 1085 contra
655 1060 697 1085 se
728 1045 987 1098 famulosque
1019 1057 1113 1083 suos
1145 1042 1403 1095 impietatem
1432 1046 1473 1079 et
1504 1039 1699 1079 adversus

230 1107 398 1140 cunctas
427 1101 614 1142 eeclesias
643 1108 799 1141 motam
832 1100 1133 1154 impugnatoris
1163 1099 1229 1138 dei
1257 1096 1521 1137 Constantini
1549 1102 1695 1150 tyran-

231 1156 382 1207 nidem,
416 1163 464 1197 ut
496 1158 594 1198 olim
626 1157 781 1198 diaboli
810 1171 887 1211 per
914 1157 1171 1210 piscatorum
1213 1160 1254 1195 et
1288 1153 1602 1193 illitteratorum
1636 1151 1699 1191 in-

94 1230 131 1265 p.
146 1217 216 1254 703
231 1214 484 1254 firmitatem.
543 1221 637 1268 post
667 1220 871 1268 quattuor
899 1228 1001 1253 vero
1035 1212 1119 1251 dies
1161 1210 1325 1264 imperii
1357 1209 1435 1256 sui,
1473 1223 1567 1248 cum
1594 1207 1700 1246 filius

226 1283 322 1310 suus
355 1270 497 1310 decem
531 1277 632 1311 esset
662 1285 883 1320 annorum,
917 1269 1133 1309 consilium
1149 1268 1345 1307 facientes
1379 1265 1549 1321 quidam
1578 1279 1699 1304 sena-

232 1332 371 1366 torum
402 1327 630 1368 voluerunt
663 1326 841 1368 educere
879 1325 1162 1380 Nicephorum
1205 1339 1252 1364 ex
1287 1325 1460 1363 Caesare
1490 1328 1531 1361 et
1564 1320 1699 1374 impe-

228 1390 414 1423 ratorem
443 1389 641 1424 statuere.
701 1398 798 1424 cum
829 1390 968 1422 autem
1002 1381 1051 1421 ad
1087 1381 1279 1421 notitiam
1308 1394 1429 1419 causa
1459 1377 1699 1427 devenisset,

228 1440 331 1479 tenti
356 1445 452 1479 sunt
467 1440 695 1495 Gregorius
724 1439 937 1493 logotheta
957 1438 1108 1488 dromi,
1141 1444 1183 1478 et
1210 1435 1362 1477 Bardas
1386 1434 1540 1475 dudum
1572 1449 1699 1488 prae..

229 1503 300 1535 tor
314 1497 670 1546 Amneniacorum,
688 1496 1068 1550 Constantinusque
1085 1494 1226 1534 vicarii
1241 1492 1473 1547 spatharius
1493 1496 1535 1531 et
1555 1491 1703 1530 dome-

228 1553 350 1592 sticus
389 1553 704 1604 excubitorum,
756 1568 804 1592 ac
844 1551 1180 1608 Theophylactus
1213 1550 1410 1603 Rangabe
1453 1547 1701 1601 drungarius

230 1608 501 1649 duodecimae
520 1610 688 1660 insulae,
717 1616 760 1649 et
782 1610 900 1649 multi
933 1608 1025 1657 alii;
1058 1622 1161 1663 quos
1190 1620 1327 1647 caesos
1347 1611 1388 1646 et
1406 1612 1546 1645 tonsos
1572 1605 1614 1643 in
1638 1602 1700 1643 di-

231 1665 354 1705 versis
379 1665 479 1705 locis
507 1666 629 1706 exilio
660 1665 872 1720 relegavit.
901 1679 1038 1719 porro
1061 1665 1141 1704 viri
1170 1664 1232 1704 sui
1264 1664 1415 1702 fratres
1436 1662 1627 1701 Caesares
1654 1674 1702 1700 ac

229 1722 503 1762 nobilissimos
533 1727 673 1762 tonsos
700 1721 936 1763 sacerdotio
969 1721 1086 1776 fungi
1107 1726 1149 1761 et
1177 1719 1339 1774 populo
1359 1717 1700 1758 communionem

229 1776 269 1816 in
300 1778 522 1818 festivitate
553 1778 706 1818 Christi
749 1779 973 1818 nativitatis
1013 1777 1237 1832 porrigere
1266 1774 1377 1825 fecit,
1410 1775 1449 1814 iu
1484 1789 1564 1829 qua
1593 1788 1700 1827 pro-

228 1834 378 1874 cedens
407 1834 683 1888 imperatorio
714 1850 834 1875 more
862 1835 1030 1889 publice
1060 1849 1151 1874 cum
1171 1847 1304 1887 puero
1339 1831 1484 1871 retulit
1507 1830 1703 1870 ecelesiae

227 1895 412 1941 stemma,
445 1890 561 1945 quod
591 1892 753 1931 fuerat¹
777 1908 800 1930 a
835 1887 988 1931 marito
1019 1891 1246 1940 sublatum,
1277 1887 1530 1943 pulcerrime
1560 1887 1701 1926 fabre-

231 1947 388 1986 factum
419 1952 460 1986 et
498 1947 690 2001 pretiosis
724 1947 927 2002 lapidibus
966 1952 1243 1987 venustatum.
1315 1943 1531 1998 promovit
1561 1950 1700 1982 autem

230 2002 471 2056 Helpidium
519 2009 761 2057 praetorem
806 2004 846 2043 in
877 2004 1047 2054 Sicilia,
1091 2003 1163 2058 qui
1194 2008 1235 2042 et
1280 2006 1375 2040 ante
1416 2000 1498 2039 illie
1526 2005 1701 2054 praetor

232 2060 436 2099 extiterat.
496 2074 632 2113 porro
663 2060 823 2100 decimo
845 2061 1022 2114 septimo
1044 2058 1319 2098 kalendarum
1341 2057 1546 2096 Maiarum
1577 2070 1699 2096 aceu-

230 2122 340 2167 satus
372 2114 481 2155 idem
509 2115 724 2169 Helpidius
753 2117 867 2171 quod
897 2132 992 2156 eum
1014 2115 1254 2156 Caesaribus
1284 2114 1472 2164 sentiret,
1508 2119 1549 2153 et
1576 2111 1699 2152 misso

229 2171 467 2225 Theophilo
496 2171 707 2226 spathario
740 2173 957 2227 praecepit
986 2180 1034 2213 ut
1064 2170 1315 2226 compendio
1348 2175 1519 2224 raperet
1548 2175 1590 2209 et
1619 2169 1699 2209 du-

99 2240 136 2277 p.
150 2226 220 2265 704
232 2235 348 2268 ceret
377 2242 487 2268 eum.
547 2227 619 2282 qui
649 2242 742 2267 cum
772 2230 1029 2282 perrexisset,
1062 2243 1144 2268 non
1174 2226 1380 2268 dederunt
1408 2227 1523 2266 illurn
1552 2225 1698 2266 Siculi.

232 2291 275 2324 at
304 2284 371 2324 illa
401 2283 521 2325 huius
551 2299 723 2324 uxorem
755 2300 802 2324 ac
840 2286 943 2325 filios
974 2299 1111 2326 caesos
1151 2291 1192 2324 et
1224 2289 1364 2323 tonsos
1394 2281 1585 2336 praetori
1616 2283 1700 2320 mi-

230 2341 282 2381 sit
313 2340 622 2381 custodiendos.
698 2343 815 2380 lunio
859 2349 995 2381 autem
1022 2356 1161 2381 mense
1201 2340 1339 2379 omnia
1370 2338 1573 2379 ulteriora
1603 2338 1698 2378 the-

230 2404 340 2437 mata
375 2396 593 2437 destinavit
633 2396 683 2436 ad
731 2398 937 2438 clausuras
972 2397 1231 2438 custodiendi
1265 2404 1306 2437 et
1334 2393 1580 2436 observandi
1611 2394 1701 2434 exi-

231 2461 318 2494 tum
350 2454 546 2504 Arabum,
576 2468 816 2507 proponens
848 2454 904 2493 eis
938 2460 1062 2508 caput
1097 2457 1292 2494 loannem
1322 2451 1592 2500 sacellarium,
1625 2451 1697 2505 qui

229 2518 321 2550 erat
350 2509 562 2551 eunuchus
584 2515 625 2550 et
655 2509 904 2550 domesticus
934 2511 1029 2550 eius.
1088 2518 1130 2551 at
1160 2525 1260 2550 vero
1293 2509 1404 2549 Madi
1435 2507 1543 2546 misit
1573 2507 1698 2546 Cebir

230 2581 325 2606 curn
358 2568 513 2607 virtute
539 2565 681 2616 multa,
713 2571 755 2606 et
796 2573 1026 2606 occurrunt
1056 2567 1096 2606 in
1131 2568 1268 2606 locum
1299 2569 1585 2617 nuncupatum
1614 2563 1696 2602 Mi..

232 2622 332 2673 lum,
363 2629 405 2663 et
435 2623 541 2662 inito
571 2622 680 2663 bello
713 2629 969 2676 superantur
995 2623 1160 2674 Arabes,
1203 2630 1245 2663 et
1273 2621 1530 2663 occiduntur
1556 2633 1603 2659 ex
1637 2618 1694 2658 eis

229 2679 365 2729 multi,
401 2685 443 2719 et
471 2679 529 2720 ita
559 2694 654 2719 cum
679 2679 921 2718 confusione
963 2680 1115 2718 reversi
1142 2685 1249 2719 sunt.
1307 2682 1538 2731 coeperunt
1568 2690 1697 2729 prae-

232 2741 346 2776 terea
377 2736 547 2789 piissimi
573 2735 783 2790 principes
817 2734 1065 2775 fiducialiter
1095 2749 1229 2789 agere,
1260 2741 1301 2776 et
1328 2734 1501 2774 verbum
1535 2731 1693 2771 domini

233 2791 421 2844 dilatari,
454 2800 496 2834 et
544 2793 616 2849 qui
662 2792 852 2834 volebant
892 2791 1065 2842 salvari,
1096 2791 1181 2833 sine
1213 2791 1502 2846 prohibitione
1531 2787 1690 2829 mundo
