1728 3184
485 189 671 234 NOTAE
711 194 1092 246 POSTERIORFS.
1419 202 1516 252 593

58 299 232 353 eundiui
257 300 371 354 mio,
402 304 726 359 imperatoribus
755 310 992 362 Anastasio,
1026 321 1069 355 et
1097 316 1270 358 Iustino.
1323 333 1518 364 successo-

58 371 144 398 rem
170 357 283 399 thus
304 359 569 424 Belissarium
596 363 783 419 Hypatio
824 366 1047 409 Secundini
1076 376 1240 426 patricii
1252 375 1370 430 filio.
1420 378 1516 431 Ἑρ..

58 414 235 468 μσγέγης
256 411 281 453 ὗ
306 429 538 469 parton-9⁰4·
569 415 590 457 ὁ
611 416 772 473 Σκύθῃ.
801 422 900 476 Reg-
928 437 1009 464 vox
1036 428 1179 469 omissa
1209 434 1425 475 notatione
1450 435 1518 475 di-

59 482 153 523 gna,
185 475 232 510 ut
257 469 388 511 homo
419 472 573 528 Scytha
600 474 656 514 ita
684 477 845 530 sapiens
875 479 1015 520 fuerit.

169 543 268 602 274,
301 548 366 590 13.
425 548 603 606 ἐἰρήνης
640 553 699 610 τῷ
721 553 903 612 Ἰουλίῳ]
931 558 1035 612 Reg-

171 619 267 674 275,
293 621 334 663 3.
407 620 488 664 dni
528 621 731 667 τάλαντον
769 625 1016 683 τελούντων]
1055 645 1148 672 cum
1186 636 1343 689 singula
1370 638 1517 679 talenta

57 677 263 732 Ronmnis,
288 693 339 719 ac
364 679 507 722 Persis
562 682 762 724 caderent.
833 686 1058 727 obscurior
1086 688 1302 744 interpres,
1330 709 1379 733 ac
1405 697 1519 735 velut

60 748 192 774 unum
219 736 410 791 utrisque
425 750 506 790 pen
538 745 683 778 eretur
705 741 921 795 talentum,
951 745 1065 798 quod
1090 752 1132 785 et
1146 746 1408 801 Theophanis
1437 752 1519 790 toti

57 790 285 831 sententiae
324 793 595 845 adversatur,
626 803 670 835 et
712 797 758 836 iis
804 813 910 852 quae
941 799 1070 841 tradit
1098 801 1330 858 Procopius
1359 806 1384 844 Ι.
1417 806 1435 845 1
1468 807 1520 846 de

59 845 171 887 bello
201 847 386 888 Persico·

169 917 270 973 276,
302 919 368 961 10.
434 918 510 961 καί
550 923 757 977 φοβηθείς
800 924 1066 979 ἐπίστευσεν,
1104 930 1179 970 καί
1213 928 1436 985 ἀπέθανεν]
1464 934 1521 974 sic

58 975 171 1016 edita
197 991 246 1017 ex
274 977 420 1032 Regio,
449 993 497 1018 ex
527 994 612 1033 quo
655 987 697 1021 et
724 983 986 1024 emendatum
1026 986 1066 1025 in
1097 1001 1226 1042 marg.
1255 989 1298 1026 in
1327 988 1450 1043 Peyr.
1478 997 1520 1030 at

56 1032 180 1086 plane
208 1034 370 1075 vitiose.
427 1050 555 1089 quam
585 1036 696 1077 enim
722 1036 823 1078 haec
838 1039 1009 1092 habent,
1040 1044 1181 1082 timore
1209 1054 1408 1099 correptus
1434 1060 1523 1085 cre-

53 1089 174 1141 didit,
202 1099 242 1134 et
279 1092 458 1131 Met-Hc?
526 1107 626 1132 num
667 1094 775 1133 enim
817 1096 914 1136 fides
955 1098 1012 1137 sic
1050 1099 1259 1152 gignitur,
1302 1106 1374 1140 aut
1411 1102 1522 1155 parit

55 1147 264 1187 mortem?
292 1147 413 1187 Barh.
443 1147 660 1200 ἕπύιισεν,
693 1151 808 1204 quod
827 1158 941 1202 esset,
973 1154 1050 1193 levi
1070 1156 1182 1194 velut
1208 1156 1394 1196 aviculae
1421 1159 1521 1198 sub·

57 1201 142 1243 {ato
171 1203 384 1259 clamore,
423 1205 586 1258 pipiens
616 1207 769 1246 timore
808 1215 996 1248 mortuus
1027 1218 1099 1250 est.
1156 1211 1215 1250 sie
1244 1213 1354 1251 enim
1380 1214 1520 1254 subito

56 1258 148 1313 quis
175 1259 360 1314 graviori
399 1267 511 1300 metu
549 1263 783 1315 perculsus»,
814 1279 917 1305 voce
954 1268 1128 1306 tremula
1159 1268 1344 1307 faucibus
1372 1283 1521 1309 erum-

55 1322 203 1368 pente,
229 1317 409 1357 animam
448 1324 555 1371 agat.
587 1319 709 1374 Peyr.
753 1318 953 1374 ἐπίπησε,
991 1323 1134 1377 sicque
1171 1323 1431 1364 emendatum
1475 1326 1518 1365 in

53 1372 148 1412 Bar.
178 1373 326 1428 utique
353 1387 402 1414 ex
431 1374 551 1418 Vati.
625 1375 726 1430 quid
765 1377 796 1415 si
834 1374 1044 1430 ἑπίπιήσε,
1082 1380 1246 1433 cecidit,
1273 1387 1316 1420 et
1346 1389 1521 1420 naonuus

53 1431 148 1468 est?
203 1429 307 1470 nihil
345 1430 612 1483 familiarius,
644 1448 769 1487 quam
808 1440 855 1472 ut
881 1441 993 1473 metu
1024 1449 1227 1476 corruens
1258 1436 1350 1491 quis
1377 1437 1517 1477 subito

54 1485 280 1527 moriatur.
310 1501 388 1528 nec
418 1487 531 1528 aiiud
563 1495 668 1542 puto
699 1490 873 1529 vohnisse
899 1489 1143 1544 Theophani.

166 1558 262 1611 277,
291 1558 331 1600 2.
389 1559 596 1610 δέξασθαι
626 1559 798 1616 αὐτούς]
829 1563 927 1616 Reg-

96 1633 102 1638 ’
162 1630 259 1682 278,
283 1631 325 1674 8.
382 1631 586 1684 κοσμικαί
611 1634 904 1689 δημοκρατίαι]
935 1635 1156 1689 populares
1174 1636 1331 1691 ubique
1360 1638 1515 1678 tumul-

53 1693 140 1739 tus,
190 1689 441 1730 factionibus
489 1691 604 1731 velut
645 1706 786 1731 rerum
830 1692 1113 1746 potientibus,
1149 1707 1329 1747 quarum
1356 1708 1514 1734 summa

51 1743 218 1785 licentia
250 1745 331 1786 fuit
358 1745 617 1801 imperatore
649 1748 885 1787 iustiniano.

161 1817 273 1859 Ibid.
309 1819 374 1859 11.
433 1818 658 1870 δεξάμενος
683 1816 883 1871 βασιλεῦς
911 1816 1047 1874 ἐχάρη
1073 1820 1188 1871 λιάν]
1222 1820 1351 1862 Barb.
1388 1821 1513 1878 Peyr-

51 1879 134 1914 etc.
159 1875 324 1928 gavisus
347 1885 404 1916 est
431 1877 556 1917 valde
582 1891 669 1916 eum
703 1877 926 1931 susc1211iens.

158 1951 255 2004 279,
270 1952 311 1994 8.
339 1950 402 2008 μὴ
430 1955 557 1995 πλέον
577 1951 804 2008 εὐτυχήσῃ]
832 1969 880 1994 ηε
892 1954 1086 2005 foelicius
1100 1952 1166 1994 illi
1191 1954 1334 2006 cedat5
1363 1970 1512 2011 nempe

46 2007 297 2064 Calopodio,
326 2010 444 2052 cuius
474 2012 694 2052 occasione
723 2018 818 2050 nata
846 2011 1007 2050 seditio.

158 2087 266 2129 Ibid.
302 2087 366 2129 19.
434 2088 654 2129 α’δικοῦντί
677 2088 748 2142 με]
781 2089 838 2128 sic
865 2102 1004 2128 omnes
1032 2088 1139 2128 bene
1183 2087 1305 2131 codd.
1336 2094 1506 2142 excepto

43 2142 143 2197 Reg.
172 2144 276 2194 {te-9²
301 2137 412 2186 ὅλων
443 2145 701 2198 Μανιχαίων
726 2145 847 2185 Barb.
877 2145 928 2184 sit
957 2143 1127 2198 deipara
1156 2158 1251 2184 cum
1262 2145 1507 2185 manichaeis

45 2200 239 2241 omnibus
267 2206 465 2256 tanquam
506 2217 549 2242 se
590 2202 665 2241 inis
709 2201 868 2241 Prasini
921 2206 1159 2251 accenseat,
1200 2200 1356 2255 alioqui
1394 2202 1506 2240 nulla

47 2262 151 2298 esset
180 2258 405 2309 execratio,
435 2274 459 2298 a
491 2274 573 2314 qua
603 2258 828 2299 Mandator
857 2258 1060 2297 deterret.

154 2340 250 2393 280,
283 2340 351 2382 10.
409 2337 469 2390 ὥς
497 2342 711 2382 ἐκέλευσεν
738 2334 903 2390 ἆντλας]
935 2349 976 2380 ιιι
1002 2340 1114 2380 ιἰιεείι
1141 2339 1283 2389 mulas,
1312 2339 1357 2379 ίη
1385 2352 1505 2380 unum

41 2396 236 2451 baptizor.
292 2398 352 2438 sic
382 2405 424 2440 et
451 2400 632 2438 Aleman.
659 2404 704 2438 ut
733 2397 888 2452 ubique
916 2410 1163 2435 sarcasmum
1193 2410 1399 2460 sax-casm?
1431 2411 1504 2436 ex-

42 2453 213 2506 cipiant.
242 2455 444 2496 Buccard.
475 2461 518 2496 et
544 2456 591 2495 P.
623 2456 739 2493 Goar
767 2458 1036 2507 acceperunt,
1084 2466 1132 2491 ac
1163 2451 1194 2490 si
1227 2458 1328 2491 esset
1357 2454 1503 2491 αντλα·

40 2510 173 2560 hala-i,
199 2512 340 2561 fitade
364 2526 527 2567 aquam.
586 2510 695 2550 alind
736 2510 880 2548 falsum
910 2509 1060 2562 magis3
1094 2509 1339 2571 praessrtim
1365 2507 1399 2547 si
1424 2521 1503 2546 vo-

41 2579 133 2605 cem
165 2558 320 2615 ἇντλας
346 2568 457 2608 idem
475 2582 558 2609 esse
587 2566 767 2605 dicamus
788 2572 912 2620 atque
934 2563 1078 2604 α’ντλία
1108 2564 1168 2603 ve!
1198 2565 1360 2614 αντλος,
1388 2563 1503 2617 quod

41 2627 102 2661 est
129 2625 311 2671 sentina3
339 2634 507 2674 nautea,
547 2623 709 2664 Plauto.
752 2624 810 2661 sic
852 2636 953 2662 vero
992 2620 1194 2672 accepisse
1236 2627 1502 2673 praeconem,

40 2691 297 2734 gravemque
334 2695 384 2719 eo
431 2681 559 2721 verbo
598 2679 791 2718 iniuriam
834 2678 911 2718 sihi
952 2678 1179 2731 irrogatam
1221 2677 1400 2725 sensisse,
1430 2689 1502 2716 seu

39 2735 168 2789 magis
197 2735 445 2789 imperatori
478 2751 600 2791 quem
632 2735 853 2783 referebat,
886 2733 1042 2772 indicat
1062 2730 1296 2795 irae-plena
1323 2745 1502 2785 respon-

38 2790 115 2840 si0‚
147 2806 197 2830 ae
225 2807 306 2847 qua
338 2793 519 2846 primum
549 2791 830 2832 comminatur
851 2803 1029 2846 poenam
1043 2794 1202 2844 capitts,
1231 2801 1327 2828 cum
1358 2787 1499 2828 hacte-

186 2873 424 2920 Theophanes
452 2876 500 2910 11.
1189 2869 1236 2904 38
