1794 3250
588 179 658 219 Ex
704 176 1051 220 THEOPHANE.
1452 170 1550 219 279

90 288 374 332 correctiones
394 290 496 338 eius,
529 290 570 331 in
598 291 748 347 quibus
766 291 1045 345 gloriabatur,
1074 290 1268 332 celeriter
1285 295 1554 332 corruerunt.

89 361 324 402 pravasque
368 347 588 400 opiniones
626 347 879 398 multorum,
909 348 982 402 qui
1021 348 1145 387 deum
1187 348 1472 403 impugnantes
1512 345 1684 394 etp-773

90 403 346 444 abundantes
373 403 559 444 haereses
586 404 922 444 paulicianorum
945 403 1246 458 Athiganornm
1276 404 1557 445 lconoclastn-

91 475 193 510 rum·
218 465 262 500 et
287 460 603 500 Tetraditarum
649 459 845 500 deserunt
886 474 1094 501 accusare.
1163 462 1315 499 omitto
1347 461 1456 500 enim
1487 461 1557 501 di-

90 530 187 557 cere
211 515 421 556 'adulteria
449 523 493 557 et
519 516 830 567 fornicationes,
862 515 1050 556 libidines
1080 523 1208 570 atque
1234 517 1434 570 periuria,
1460 517 1559 557 odia

92 574 279 613 fraterna
311 577 354 612 et
394 573 611 623 avaritias,
657 587 818 613 necnon
863 580 905 613 et
954 573 1335 626 praevaricationes
1367 573 1560 628 reliquas·

91 633 242 669 contra
270 643 406 669 sacras
432 635 475 670 et
494 629 749 669 venerabiles
781 629 974 683 imagines
1007 635 1241 683 contraque
1272 628 1561 670 monachicum

91 685 282 726 habitum
322 686 545 726 movebant
573 686 760 740 linguas,
793 686 960 725 beatum
1002 686 1184 726 dicentes
1229 685 1308 725 deo
1347 685 1562 725 abomina-

90 741 217 782 bilem
246 757 297 782 ac
325 742 605 783 miserrimum
638 742 978 792 Constantinum,
1017 742 1131 796 quod
1163 742 1337 782 fortiter
1366 741 1561 781 adversus

91 797 295 853 Vulgaroe
323 798 494 853 gesserit
520 804 703 852 propter
729 798 946 852 pietatem,
974 814 1115 853 quam,
1148 805 1195 838 ut
1225 798 1352 852 impie
1381 798 1561 838 infelices

91 854 150 895 illi
178 855 430 907 fatebantur,
462 855 669 895 habuerit.
703 863 745 895 at
770 869 873 895 vero
904 855 944 894 hi
974 856 1048 910 qui
1078 856 1117 894 in
1146 855 1252 895 urbe
1281 854 1395 909 regia
1425 861 1563 905 erant,

90 910 366 952 armabantur
395 917 494 965 post
523 911 731 966 synodum
761 911 1033 951 universalem
1077 911 1129 951 ad
1160 912 1284 951 fidem
1311 911 1563 951 subverten-

91 967 188 1008 dam
217 967 525 1020 orthodoxam,
554 981 698 1008 caecos
738 968 869 1008 caecis
908 967 1113 1008 mentibus
1151 968 1335 1008 volentes
1362 967 1450 1008 sine
1482 966 1562 1007 deo

91 1024 314 1077 imperare,
343 1024 449 1064 filios
477 1024 672 1065 videlicet
691 1024 949 1065 Constantini
982 1023 1105 1064 deum
1136 1024 1427 1079 impugnantis,
1450 1021 1563 1078 apud

88 1080 348 1120 Panormum
387 1080 561 1121 insulam
606 1080 818 1122 custodiae
859 1080 1133 1134 mancipatos,
1186 1095 1291 1135 qnos
1321 1080 1456 1120 furari
1482 1094 1564 1134 per

93 1142 262 1178 noctem
299 1137 531 1177 voluerunt
568 1144 610 1178 et
640 1136 850 1178 adducere
881 1136 933 1177 ad
975 1138 1216 1179 exercitum.
1272 1136 1342 1177 sed
1370 1137 1564 1178 dominus

90 1192 167 1233 hos
198 1193 413 1243 confudit,
452 1192 614 1248 erigens
654 1193 900 1234 Michaelem
941 1193 1168 1247 piissimum
1211 1193 1252 1233 in
1283 1193 1564 1234 defensionem

90 1248 295 1290 veritatis.
327 1248 546 1303 disputatis
565 1250 674 1290 enim
703 1250 1047 1290 convenientibus
1077 1249 1130 1291 de
1157 1249 1240 1290 fide
1270 1250 1462 1304 plebibus
1490 1263 1564 1289 re-

90 1306 201 1361 giam
234 1305 455 1360 repedavit
495 1305 549 1345 ad
585 1307 748 1356 urbem,
777 1312 819 1346 et
843 1307 1055 1360 sapienter
1090 1307 1277 1362 cogitans
1307 1307 1461 1347 multos
1492 1319 1564 1346 re-
1620 1317 1629 1327 ¹

90 1361 262 1403 bellium
290 1376 370 1417 per
393 1376 544 1416 paneas
562 1361 703 1416 plagas
732 1362 952 1402 deterruit.
1012 1363 1134 1403 exilio
1165 1376 1337 1418 quoque
1366 1356 1694 1417 deporta-P·⁷⁷4

92 1419 154 1459 vit
182 1418 289 1459 filios
320 1419 607 1469 Constantini,
637 1420 709 1474 qui
745 1419 874 1459 oculis
902 1419 1043 1459 orbati
1072 1433 1155 1460 esse
1187 1419 1485 1469 cernebantur,
1519 1418 1563 1458 in

90 1474 333 1530 Aphnsiam.
390 1489 521 1515 unum
563 1489 667 1515 vero
708 1489 758 1515 ex
789 1475 1079 1516 seductoribus
1101 1505 1114 1526 ,
1145 1475 1291 1516 falsum
1317 1476 1563 1525 eremitam,

89 1531 250 1572 Nicolai
284 1531 542 1572 exacionitae
570 1535 605 1581 *)
650 1531 827 1571 malefici
871 1532 1057 1583 socium,
1091 1531 1165 1587 qui
1197 1532 1362 1572 iconam
1390 1530 1566 1571 sanctis-

89 1588 216 1629 simae
229 1587 312 1628 ''dei
355 1587 567 1643 genitricis
600 1587 973 1635 dehonestaverat,
1008 1588 1146 1642 lingua
1175 1589 1303 1629 recisa
1331 1587 1566 1634 mutilavit;

92 1644 166 1700 qui
194 1649 236 1685 et
282 1651 475 1684 mortuus
522 1650 582 1684 est
611 1659 797 1698 corpore
838 1645 958 1684 simul
991 1652 1033 1686 et
1065 1645 1215 1688 anima.
1276 1645 1397 1685 huius
1427 1649 1567 1683 antem

90 1702 294 1756 collegam
321 1701 537 1742 Nicolaum
580 1702 945 1754 repromittentem
974 1716 1017 1742 se
1047 1701 1348 1756 poenitentiam
1373 1708 1568 1740 acturum

91 1771 237 1798 coram
280 1757 471 1798 omnibus
512 1757 764 1811 publicavit;
799 1758 1067 1798 confitentem
1108 1772 1280 1813 quoque
1325 1773 1397 1797 sua
1442 1756 1567 1810 ipsius

91 1815 200 1854 mala
234 1813 412 1855 tradidit
441 1813 555 1853 illum
586 1814 626 1853 in
657 1814 957 1854 monasterinm
987 1814 1323 1863 custodiendum,
1354 1829 1405 1854 ne
1435 1814 1566 1854 libera

92 1870 412 1911 conversatione
461 1870 583 1910 libito
627 1870 809 1924 proprio
854 1871 1117 1911 abuteretur.
1198 1870 1368 1925 populis
1425 1877 1565 1910 autem

93 1941 238 1967 coram
278 1927 458 1966 concilio
502 1927 544 1966 in
587 1929 815 1981 Magnaura
857 1935 1116 1978 coronatus,
1156 1927 1216 1982 pii
1256 1934 1299 1968 et
1335 1927 1566 1967 secundum

94 1984 218 2023 deum
245 1997 381 2023 sensus
427 1983 490 2023 sui
521 1982 718 2036 dogmata
760 1983 1048 2024 manifestavit.
1108 1990 1152 2023 at
1178 1998 1280 2024 vero
1312 1984 1567 2038 Athigganos

93 2039 308 2094 publicans
338 2039 460 2079 exilio
488 2039 665 2079 tradidit
693 2054 772 2094 per
784 2042 970 2080 Leonem
1000 2048 1245 2094 praetorem
1268 2040 1564 2080 Orientalium.

92 2110 227 2151 porro
270 2099 455 2150 Augusto
504 2110 643 2136 mense
685 2098 854 2151 quintae
905 2096 1145 2137 indictionis
1181 2096 1367 2137 Thebith
1418 2102 1567 2136 contra

94 2151 352 2192 Christianos
383 2152 609 2192 exercitum
637 2153 783 2206 movit,
816 2168 912 2193 cum
932 2169 1018 2209 quo
1043 2153 1198 2193 bellum
1219 2155 1302 2193 Leo
1333 2154 1568 2202 conferens,

94 2208 376 2249 Orientalium
402 2214 604 2262 praetor,
636 2216 908 2264 prosperatus
950 2216 1020 2263 est,
1053 2210 1138 2250 duo
1169 2210 1280 2249 milia
1315 2208 1568 2249 interficiens

94 2270 138 2305 et
163 2280 293 2320 equos
317 2263 678 2317 comprehendens
709 2273 751 2306 et
780 2281 909 2306 arma.
968 2266 1193 2306 Mubamed
1222 2273 1375 2315 autem,
1404 2264 1567 2318 primus

94 2321 199 2362 filius
232 2324 397 2371 Aaron,
431 2327 573 2360 tenens
617 2322 901 2376 principatum
931 2323 1078 2378 gentis,
1111 2323 1215 2362 inito
1244 2322 1355 2362 bello
1388 2321 1430 2360 in
1462 2321 1569 2360 inte-

94 2377 201 2418 riori
218 2376 391 2418 Perside
421 2391 517 2416 cum
533 2377 687 2417 Abdela
720 2380 853 2419 tratre
880 2393 956 2419 suo
986 2387 1204 2433 superatus
1234 2384 1310 2429 est,
1340 2382 1383 2417 et
1409 2377 1568 2431 fugiens

95 2434 136 2473 in
170 2434 309 2488 Bagda
347 2433 430 2473 hoc
460 2433 657 2476 obtinuit.
727 2437 975 2475 Damascum
1002 2450 1103 2476 vero
1133 2435 1233 2475 alius
1260 2440 1459 2489 tyrannus
1488 2432 1570 2471 ha·-

94 2491 200 2541 buit,
229 2498 273 2530 et
301 2492 534 2544 Aegyptum
574 2496 616 2529 et
645 2491 825 2530 Africam
858 2492 943 2532 duo
972 2491 1121 2545 partiti
1148 2496 1265 2541 sunt,
1298 2495 1341 2530 et
1367 2488 1702 2541 Palaesti-pffffi

97 2562 191 2587 nam
218 2546 320 2587 alius
352 2546 527 2586 latronis
555 2561 676 2587 more
706 2546 897 2603 depastus
927 2554 998 2588 est.

207 2632 331 2672 Anno
361 2630 526 2685 imperii
546 2630 756 2672 Michaelis
783 2631 966 2672 secundo
986 2632 1193 2672 Crumnus
1222 2629 1460 2684 Vulgarum
1485 2627 1568 2670 dux

143 2788 175 2834 ⁶)
199 2786 297 2822 uude
323 2786 492 2823 dieantur
516 2790 756 2832 ἐξακιονῖται,
782 2801 814 2823 v.
844 2789 1033 2824 Theodor.
1061 2787 1200 2822 haeret.
1226 2785 1299 2821 sab.
1326 2788 1350 2821 4
1375 2786 1410 2821 3.
1459 2785 1565 2821 Fun.
