<?xml version="1.0" encoding="UTF-8"?>
<!DOCTYPE html PUBLIC "-//W3C//DTD XHTML 1.0 Transitional//EN"
    "http://www.w3.org/TR/xhtml1/DTD/xhtml1-transitional.dtd">
<html xmlns="http://www.w3.org/1999/xhtml" xml:lang="en" lang="en">
 <head>
  <title>
</title>
<meta http-equiv="Content-Type" content="text/html;charset=utf-8" />
  <meta name='ocr-system' content='tesseract 3.04.00' />
  <meta name='ocr-capabilities' content='ocr_page ocr_carea ocr_par ocr_line ocrx_word'/>
</head>
<body>
  <div class='ocr_page' id='page_1' title='image "./corpusscriptorum47niebuoft_0349.png"; bbox 0 0 1728 3184; ppageno 0'>
   <div class='ocr_carea' id='block_1_1' title="bbox 705 194 1536 246">
    <p class='ocr_par' dir='ltr' id='par_1_1' title="bbox 705 194 1536 246">
     <span class='ocr_line' id='line_1_1' title="bbox 705 194 1536 246; baseline 0.008 -9"><span class='ocrx_word' id='word_1_1' title='bbox 705 194 904 239; x_wconf 73' lang='lat' dir='ltr'>NOTAE.</span> <span class='ocrx_word' id='word_1_2' title='bbox 1440 197 1536 246; x_wconf 81' lang='lat'>339</span> 
     </span>
    </p>
   </div>
   <div class='ocr_carea' id='block_1_2' title="bbox 69 302 1539 427">
    <p class='ocr_par' dir='ltr' id='par_1_2' title="bbox 69 302 1539 427">
     <span class='ocr_line' id='line_1_2' title="bbox 69 302 1539 370; baseline 0.008 -19"><span class='ocrx_word' id='word_1_3' title='bbox 69 320 206 352; x_wconf 74' lang='lat' dir='ltr'>tamen</span> <span class='ocrx_word' id='word_1_4' title='bbox 237 302 488 353; x_wconf 80' lang='lat' dir='ltr'>anno&#39;sexto</span> <span class='ocrx_word' id='word_1_5' title='bbox 518 315 570 355; x_wconf 81' lang='lat' dir='ltr'>ab</span> <span class='ocrx_word' id='word_1_6' title='bbox 601 322 805 370; x_wconf 81' lang='lat' dir='ltr'>occupata</span> <span class='ocrx_word' id='word_1_7' title='bbox 837 315 932 356; x_wconf 86' lang='lat' dir='ltr'>sede</span> <span class='ocrx_word' id='word_1_8' title='bbox 964 315 1016 357; x_wconf 82' lang='lat' dir='ltr'>ab</span> <span class='ocrx_word' id='word_1_9' title='bbox 1047 316 1330 360; x_wconf 81' lang='lat' dir='ltr'>Alexandrinis</span> <span class='ocrx_word' id='word_1_10' title='bbox 1364 317 1539 364; x_wconf 82' lang='lat' dir='ltr'>interse-</span> 
     </span>
     <span class='ocr_line' id='line_1_3' title="bbox 71 369 1136 427; baseline 0.006 -19"><span class='ocrx_word' id='word_1_11' title='bbox 71 377 160 409; x_wconf 86' lang='lat' dir='ltr'>ctus</span> <span class='ocrx_word' id='word_1_12' title='bbox 189 369 444 411; x_wconf 74' lang='lat' dir='ltr'>describitur</span> <span class='ocrx_word' id='word_1_13' title='bbox 471 386 491 410; x_wconf 83' lang='lat' dir='ltr'>a</span> <span class='ocrx_word' id='word_1_14' title='bbox 514 371 788 412; x_wconf 83' lang='lat' dir='ltr'>Theodoreto</span> <span class='ocrx_word' id='word_1_15' title='bbox 824 372 894 412; x_wconf 88' lang='lat' dir='ltr'>lib.</span> <span class='ocrx_word' id='word_1_16' title='bbox 924 373 947 412; x_wconf 75' lang='lat'><strong>2</strong></span> <span class='ocrx_word' id='word_1_17' title='bbox 979 386 1070 427; x_wconf 84' lang='lat' dir='ltr'>cap.</span> <span class='ocrx_word' id='word_1_18' title='bbox 1097 373 1136 414; x_wconf 80' lang='grc'>4.</span> 
     </span>
    </p>
   </div>
   <div class='ocr_carea' id='block_1_3' title="bbox 69 434 1540 610">
    <p class='ocr_par' dir='ltr' id='par_1_3' title="bbox 69 434 1540 610">
     <span class='ocr_line' id='line_1_4' title="bbox 178 434 1540 500; baseline 0.007 -18"><span class='ocrx_word' id='word_1_19' title='bbox 178 439 246 493; x_wconf 85' lang='grc'>56,</span> <span class='ocrx_word' id='word_1_20' title='bbox 280 434 348 482; x_wconf 57' lang='grc'>164</span> <span class='ocrx_word' id='word_1_21' title='bbox 417 442 544 496; x_wconf 75' lang='grc' dir='ltr'><strong><em>τέρας</em></strong></span> <span class='ocrx_word' id='word_1_22' title='bbox 580 459 620 484; x_wconf 84' lang='grc' dir='ltr'>τι</span> <span class='ocrx_word' id='word_1_23' title='bbox 667 440 987 499; x_wconf 81' lang='grc' dir='ltr'><strong><em>Καππαδόκων]</em></strong></span> <span class='ocrx_word' id='word_1_24' title='bbox 1038 445 1325 500; x_wconf 78' lang='lat' dir='ltr'>appellationis</span> <span class='ocrx_word' id='word_1_25' title='bbox 1375 465 1540 492; x_wconf 85' lang='lat' dir='ltr'>causam</span> 
     </span>
     <span class='ocr_line' id='line_1_5' title="bbox 72 498 1538 562; baseline 0.008 -25"><span class='ocrx_word' id='word_1_26' title='bbox 72 505 257 539; x_wconf 81' lang='lat' dir='ltr'><strong>recenset</strong></span> <span class='ocrx_word' id='word_1_27' title='bbox 273 498 566 540; x_wconf 85' lang='lat' dir='ltr'>Theodoretus</span> <span class='ocrx_word' id='word_1_28' title='bbox 598 501 707 541; x_wconf 77' lang='lat' dir='ltr'>lib.2</span> <span class='ocrx_word' id='word_1_29' title='bbox 737 515 827 555; x_wconf 81' lang='lat' dir='ltr'>cap.</span> <span class='ocrx_word' id='word_1_30' title='bbox 843 500 894 541; x_wconf 78' lang='lat'>14</span> <span class='ocrx_word' id='word_1_31' title='bbox 924 509 964 541; x_wconf 90' lang='lat' dir='ltr'>et</span> <span class='ocrx_word' id='word_1_32' title='bbox 979 502 1231 543; x_wconf 89' lang='lat' dir='ltr'>Sozomenus</span> <span class='ocrx_word' id='word_1_33' title='bbox 1249 503 1318 544; x_wconf 90' lang='lat' dir='ltr'>lib.</span> <span class='ocrx_word' id='word_1_34' title='bbox 1337 504 1364 545; x_wconf 79' lang='lat'><strong>4</strong></span> <span class='ocrx_word' id='word_1_35' title='bbox 1393 521 1482 562; x_wconf 82' lang='lat' dir='ltr'>cap.</span> <span class='ocrx_word' id='word_1_36' title='bbox 1499 506 1538 549; x_wconf 79' lang='grc'>9.</span> 
     </span>
     <span class='ocr_line' id='line_1_6' title="bbox 69 554 1092 610; baseline 0.005 -17"><span class='ocrx_word' id='word_1_37' title='bbox 69 554 284 608; x_wconf 78' lang='lat' dir='ltr'><strong>paroemia</strong></span> <span class='ocrx_word' id='word_1_38' title='bbox 317 561 377 595; x_wconf 85' lang='lat' dir='ltr'>est</span> <span class='ocrx_word' id='word_1_39' title='bbox 408 556 521 610; x_wconf 87' lang='lat' dir='ltr'>apud</span> <span class='ocrx_word' id='word_1_40' title='bbox 549 556 732 608; x_wconf 85' lang='lat' dir='ltr'>Suidam,</span> <span class='ocrx_word' id='word_1_41' title='bbox 756 572 803 597; x_wconf 51' lang='lat' dir='ltr'>¹v.</span> <span class='ocrx_word' id='word_1_42' title='bbox 833 555 1092 607; x_wconf 81' lang='grc' dir='ltr'><em>Καππάδοξ.</em></span> 
     </span>
    </p>
   </div>
   <div class='ocr_carea' id='block_1_4' title="bbox 69 626 1541 784">
    <p class='ocr_par' dir='ltr' id='par_1_4' title="bbox 69 626 1541 784">
     <span class='ocr_line' id='line_1_7' title="bbox 180 626 1540 691; baseline 0.007 -23"><span class='ocrx_word' id='word_1_43' title='bbox 180 626 291 671; x_wconf 80' lang='lat' dir='ltr'>Ibid.</span> <span class='ocrx_word' id='word_1_44' title='bbox 325 627 389 669; x_wconf 89' lang='lat'>17.</span> <span class='ocrx_word' id='word_1_45' title='bbox 447 629 717 683; x_wconf 76' lang='grc' dir='ltr'><strong><em>Δυρράχειον</em></strong></span> <span class='ocrx_word' id='word_1_46' title='bbox 758 630 834 684; x_wconf 77' lang='grc' dir='ltr'>τῆς</span> <span class='ocrx_word' id='word_1_47' title='bbox 872 629 1143 682; x_wconf 85' lang='grc' dir='ltr'><strong><em>Δαλματίας]</em></strong></span> <span class='ocrx_word' id='word_1_48' title='bbox 1174 631 1230 672; x_wconf 85' lang='lat' dir='ltr'>ita</span> <span class='ocrx_word' id='word_1_49' title='bbox 1261 633 1540 691; x_wconf 81' lang='lat' dir='ltr'>Hieronymus</span> 
     </span>
     <span class='ocr_line' id='line_1_8' title="bbox 69 681 1541 742; baseline 0.005 -20"><span class='ocrx_word' id='word_1_50' title='bbox 69 681 121 722; x_wconf 83' lang='lat' dir='ltr'>ad</span> <span class='ocrx_word' id='word_1_51' title='bbox 152 698 307 724; x_wconf 81' lang='lat' dir='ltr'>annum</span> <span class='ocrx_word' id='word_1_52' title='bbox 340 685 570 726; x_wconf 79' lang='lat' dir='ltr'>Constantii</span> <span class='ocrx_word' id='word_1_53' title='bbox 593 685 660 738; x_wconf 87' lang='lat'>10,</span> <span class='ocrx_word' id='word_1_54' title='bbox 690 685 805 727; x_wconf 91' lang='lat' dir='ltr'>cuius</span> <span class='ocrx_word' id='word_1_55' title='bbox 829 686 905 726; x_wconf 81' lang='lat' dir='ltr'>alia</span> <span class='ocrx_word' id='word_1_56' title='bbox 936 688 1185 742; x_wconf 83' lang='lat' dir='ltr'>exemplaria</span> <span class='ocrx_word' id='word_1_57' title='bbox 1215 688 1440 732; x_wconf 79' lang='lat' dir='ltr'>observant</span> <span class='ocrx_word' id='word_1_58' title='bbox 1469 708 1541 733; x_wconf 84' lang='lat' dir='ltr'>ea-</span> 
     </span>
     <span class='ocr_line' id='line_1_9' title="bbox 69 739 965 784; baseline 0.003 -5"><span class='ocrx_word' id='word_1_59' title='bbox 69 739 164 780; x_wconf 88' lang='lat' dir='ltr'>dem</span> <span class='ocrx_word' id='word_1_60' title='bbox 195 741 247 782; x_wconf 84' lang='lat' dir='ltr'>ad</span> <span class='ocrx_word' id='word_1_61' title='bbox 281 755 437 782; x_wconf 78' lang='lat' dir='ltr'>annum</span> <span class='ocrx_word' id='word_1_62' title='bbox 466 741 507 783; x_wconf 86' lang='lat'>9.</span> <span class='ocrx_word' id='word_1_63' title='bbox 535 743 744 783; x_wconf 78' lang='lat' dir='ltr'>Pontacus</span> <span class='ocrx_word' id='word_1_64' title='bbox 773 743 814 783; x_wconf 91' lang='lat' dir='ltr'>in</span> <span class='ocrx_word' id='word_1_65' title='bbox 843 743 965 784; x_wconf 90' lang='lat' dir='ltr'>notis.</span> 
     </span>
    </p>
   </div>
   <div class='ocr_carea' id='block_1_5' title="bbox 181 811 1543 871">
    <p class='ocr_par' dir='ltr' id='par_1_5' title="bbox 181 811 1543 871">
     <span class='ocr_line' id='line_1_10' title="bbox 181 811 1543 871; baseline 0.005 -18"><span class='ocrx_word' id='word_1_66' title='bbox 181 812 288 854; x_wconf 81' lang='lat' dir='ltr'>Ibid.</span> <span class='ocrx_word' id='word_1_67' title='bbox 322 813 385 855; x_wconf 89' lang='lat'>19.</span> <span class='ocrx_word' id='word_1_68' title='bbox 443 814 626 856; x_wconf 75' lang='grc' dir='ltr'><strong><em>Παῦλον</em></strong></span> <span class='ocrx_word' id='word_1_69' title='bbox 671 814 718 856; x_wconf 81' lang='grc' dir='ltr'>δὲ</span> <span class='ocrx_word' id='word_1_70' title='bbox 745 811 814 856; x_wconf 80' lang='grc' dir='ltr'>τὸν</span> <span class='ocrx_word' id='word_1_71' title='bbox 843 814 1093 871; x_wconf 79' lang='grc' dir='ltr'><strong><em>ἐπίσκοπον]</em></strong></span> <span class='ocrx_word' id='word_1_72' title='bbox 1134 817 1254 857; x_wconf 85' lang='lat' dir='ltr'>Pauli</span> <span class='ocrx_word' id='word_1_73' title='bbox 1283 832 1305 858; x_wconf 87' lang='lat' dir='ltr'>e</span> <span class='ocrx_word' id='word_1_74' title='bbox 1335 818 1414 859; x_wconf 88' lang='lat' dir='ltr'>CP.</span> <span class='ocrx_word' id='word_1_75' title='bbox 1447 819 1543 860; x_wconf 85' lang='lat' dir='ltr'>sede</span> 
     </span>
    </p>
   </div>
   <div class='ocr_carea' id='block_1_6' title="bbox 67 868 1543 983">
    <p class='ocr_par' dir='ltr' id='par_1_6' title="bbox 67 868 1543 983">
     <span class='ocr_line' id='line_1_11' title="bbox 67 868 1543 928; baseline 0.005 -20"><span class='ocrx_word' id='word_1_76' title='bbox 67 868 256 924; x_wconf 78' lang='lat' dir='ltr'><strong>depulsio</strong></span> <span class='ocrx_word' id='word_1_77' title='bbox 290 876 388 912; x_wconf 81' lang='lat' dir='ltr'>ante</span> <span class='ocrx_word' id='word_1_78' title='bbox 419 871 644 912; x_wconf 89' lang='lat' dir='ltr'>concilium</span> <span class='ocrx_word' id='word_1_79' title='bbox 669 872 972 912; x_wconf 78' lang='lat' dir='ltr'>Antiochenam</span> <span class='ocrx_word' id='word_1_80' title='bbox 1001 873 1286 914; x_wconf 82' lang='lat' dir='ltr'>aConstantio</span> <span class='ocrx_word' id='word_1_81' title='bbox 1320 875 1444 928; x_wconf 80' lang='lat' dir='ltr'>facta,</span> <span class='ocrx_word' id='word_1_82' title='bbox 1476 876 1543 916; x_wconf 87' lang='lat' dir='ltr'>in-</span> 
     </span>
     <span class='ocr_line' id='line_1_12' title="bbox 67 927 1194 983; baseline 0.006 -18"><span class='ocrx_word' id='word_1_83' title='bbox 67 927 193 980; x_wconf 85' lang='lat' dir='ltr'>tegris</span> <span class='ocrx_word' id='word_1_84' title='bbox 220 941 287 968; x_wconf 89' lang='lat' dir='ltr'>sex</span> <span class='ocrx_word' id='word_1_85' title='bbox 315 927 431 968; x_wconf 82' lang='lat' dir='ltr'>annis</span> <span class='ocrx_word' id='word_1_86' title='bbox 463 928 556 968; x_wconf 89' lang='lat' dir='ltr'>loco</span> <span class='ocrx_word' id='word_1_87' title='bbox 588 929 664 969; x_wconf 90' lang='lat' dir='ltr'>sibi</span> <span class='ocrx_word' id='word_1_88' title='bbox 699 929 841 969; x_wconf 89' lang='lat' dir='ltr'>debito</span> <span class='ocrx_word' id='word_1_89' title='bbox 872 929 1087 983; x_wconf 81' lang='lat' dir='ltr'>posterior</span> <span class='ocrx_word' id='word_1_90' title='bbox 1120 937 1194 973; x_wconf 86' lang='lat' dir='ltr'>est.</span> 
     </span>
    </p>
   </div>
   <div class='ocr_carea' id='block_1_7' title="bbox 66 997 1544 1112">
    <p class='ocr_par' dir='ltr' id='par_1_7' title="bbox 66 997 1544 1112">
     <span class='ocr_line' id='line_1_13' title="bbox 176 997 1544 1056; baseline 0.005 -17"><span class='ocrx_word' id='word_1_91' title='bbox 176 998 248 1051; x_wconf 80' lang='lat'>57,</span> <span class='ocrx_word' id='word_1_92' title='bbox 279 999 318 1043; x_wconf 88' lang='grc'>5.</span> <span class='ocrx_word' id='word_1_93' title='bbox 375 1000 583 1054; x_wconf 81' lang='grc' dir='ltr'><strong><em>Λιβέριος</em></strong></span> <span class='ocrx_word' id='word_1_94' title='bbox 611 997 683 1056; x_wconf 81' lang='grc' dir='ltr'>ἔτη</span> <span class='ocrx_word' id='word_1_95' title='bbox 714 999 781 1056; x_wconf 88' lang='grc' dir='ltr'><strong><em>ις’]</em></strong></span> <span class='ocrx_word' id='word_1_96' title='bbox 824 1002 1030 1042; x_wconf 80' lang='lat' dir='ltr'>consentit</span> <span class='ocrx_word' id='word_1_97' title='bbox 1055 1003 1141 1043; x_wconf 86' lang='lat' dir='ltr'>Pal.</span> <span class='ocrx_word' id='word_1_98' title='bbox 1170 1003 1398 1045; x_wconf 81' lang='lat' dir='ltr'>fallaciter:</span> <span class='ocrx_word' id='word_1_99' title='bbox 1427 1006 1544 1045; x_wconf 86' lang='lat' dir='ltr'>relu-</span> 
     </span>
     <span class='ocr_line' id='line_1_14' title="bbox 66 1054 947 1112; baseline 0.002 -16"><span class='ocrx_word' id='word_1_100' title='bbox 66 1060 239 1097; x_wconf 84' lang='lat' dir='ltr'>ctantur</span> <span class='ocrx_word' id='word_1_101' title='bbox 267 1055 394 1097; x_wconf 84' lang='lat' dir='ltr'><strong>codd.</strong></span> <span class='ocrx_word' id='word_1_102' title='bbox 426 1057 578 1112; x_wconf 85' lang='lat' dir='ltr'>reliqui</span> <span class='ocrx_word' id='word_1_103' title='bbox 606 1064 648 1098; x_wconf 88' lang='lat' dir='ltr'>et</span> <span class='ocrx_word' id='word_1_104' title='bbox 679 1054 712 1105; x_wconf 89' lang='grc' dir='ltr'>ς’</span> <span class='ocrx_word' id='word_1_105' title='bbox 744 1059 947 1100; x_wconf 88' lang='lat' dir='ltr'>scribunt.</span> 
     </span>
    </p>
   </div>
   <div class='ocr_carea' id='block_1_8' title="bbox 66 1126 1545 1467">
    <p class='ocr_par' dir='ltr' id='par_1_8' title="bbox 66 1126 1545 1467">
     <span class='ocr_line' id='line_1_15' title="bbox 179 1126 1545 1188; baseline 0.002 -18"><span class='ocrx_word' id='word_1_106' title='bbox 179 1129 290 1170; x_wconf 80' lang='lat' dir='ltr'>Ibid.</span> <span class='ocrx_word' id='word_1_107' title='bbox 322 1128 360 1169; x_wconf 93' lang='lat'>7.</span> <span class='ocrx_word' id='word_1_108' title='bbox 422 1126 719 1178; x_wconf 79' lang='grc' dir='ltr'><strong><em>Κωνστάντιος</em></strong></span> <span class='ocrx_word' id='word_1_109' title='bbox 748 1127 821 1171; x_wconf 82' lang='grc' dir='ltr'>τὸν</span> <span class='ocrx_word' id='word_1_110' title='bbox 859 1129 904 1170; x_wconf 79' lang='grc' dir='ltr'>ἐν</span> <span class='ocrx_word' id='word_1_111' title='bbox 935 1130 1174 1188; x_wconf 72' lang='grc' dir='ltr'><strong><em>Σελευκείᾳ]</em></strong></span> <span class='ocrx_word' id='word_1_112' title='bbox 1217 1132 1361 1172; x_wconf 85' lang='lat' dir='ltr'>eadem</span> <span class='ocrx_word' id='word_1_113' title='bbox 1392 1148 1545 1174; x_wconf 80' lang='lat' dir='ltr'>narra-</span> 
     </span>
     <span class='ocr_line' id='line_1_16' title="bbox 66 1184 1540 1244; baseline 0.004 -20"><span class='ocrx_word' id='word_1_114' title='bbox 66 1184 184 1225; x_wconf 80' lang='lat' dir='ltr'>tione</span> <span class='ocrx_word' id='word_1_115' title='bbox 209 1198 338 1226; x_wconf 82' lang='lat' dir='ltr'>annus</span> <span class='ocrx_word' id='word_1_116' title='bbox 369 1187 600 1226; x_wconf 84' lang='lat' dir='ltr'>Constantii</span> <span class='ocrx_word' id='word_1_117' title='bbox 634 1187 814 1226; x_wconf 87' lang='lat' dir='ltr'>decimus</span> <span class='ocrx_word' id='word_1_118' title='bbox 853 1187 1122 1242; x_wconf 83' lang='lat' dir='ltr'>consignatur</span> <span class='ocrx_word' id='word_1_119' title='bbox 1151 1189 1190 1228; x_wconf 90' lang='lat' dir='ltr'>in</span> <span class='ocrx_word' id='word_1_120' title='bbox 1221 1189 1540 1244; x_wconf 74' lang='lat' dir='ltr'>Hieronymiani</span> 
     </span>
     <span class='ocr_line' id='line_1_17' title="bbox 66 1241 1537 1287; baseline 0.005 -7"><span class='ocrx_word' id='word_1_121' title='bbox 66 1241 257 1281; x_wconf 85' lang='lat' dir='ltr'>chronici</span> <span class='ocrx_word' id='word_1_122' title='bbox 288 1242 496 1282; x_wconf 86' lang='lat' dir='ltr'>nonnullis</span> <span class='ocrx_word' id='word_1_123' title='bbox 530 1242 755 1283; x_wconf 87' lang='lat' dir='ltr'>codicibus.</span> <span class='ocrx_word' id='word_1_124' title='bbox 796 1243 1020 1283; x_wconf 72' lang='lat' dir='ltr'>Pontacus.</span> <span class='ocrx_word' id='word_1_125' title='bbox 1078 1243 1129 1283; x_wconf 89' lang='lat' dir='ltr'>de</span> <span class='ocrx_word' id='word_1_126' title='bbox 1162 1244 1290 1285; x_wconf 86' lang='lat' dir='ltr'>Nisibi</span> <span class='ocrx_word' id='word_1_127' title='bbox 1322 1261 1343 1285; x_wconf 83' lang='lat' dir='ltr'>a</span> <span class='ocrx_word' id='word_1_128' title='bbox 1375 1246 1537 1287; x_wconf 80' lang='lat' dir='ltr'>Sabore</span> 
     </span>
     <span class='ocr_line' id='line_1_18' title="bbox 67 1297 1534 1354; baseline 0.004 -18"><span class='ocrx_word' id='word_1_129' title='bbox 67 1298 227 1338; x_wconf 82' lang='lat' dir='ltr'>obsessa</span> <span class='ocrx_word' id='word_1_130' title='bbox 258 1297 368 1339; x_wconf 89' lang='lat' dir='ltr'>idem</span> <span class='ocrx_word' id='word_1_131' title='bbox 401 1299 711 1354; x_wconf 84' lang='lat' dir='ltr'>Hieronymus:</span> <span class='ocrx_word' id='word_1_132' title='bbox 746 1313 796 1339; x_wconf 85' lang='lat' dir='ltr'>ac</span> <span class='ocrx_word' id='word_1_133' title='bbox 821 1301 986 1354; x_wconf 87' lang='lat' dir='ltr'>pariter</span> <span class='ocrx_word' id='word_1_134' title='bbox 1007 1298 1058 1339; x_wconf 88' lang='lat' dir='ltr'>de</span> <span class='ocrx_word' id='word_1_135' title='bbox 1082 1301 1176 1342; x_wconf 88' lang='lat' dir='ltr'>solis</span> <span class='ocrx_word' id='word_1_136' title='bbox 1210 1301 1457 1352; x_wconf 86' lang='lat' dir='ltr'>defectione,</span> <span class='ocrx_word' id='word_1_137' title='bbox 1481 1303 1534 1342; x_wconf 89' lang='lat' dir='ltr'>de</span> 
     </span>
     <span class='ocr_line' id='line_1_19' title="bbox 68 1354 1535 1411; baseline 0.003 -17"><span class='ocrx_word' id='word_1_138' title='bbox 68 1369 151 1409; x_wconf 82' lang='lat' dir='ltr'>qua</span> <span class='ocrx_word' id='word_1_139' title='bbox 180 1355 373 1396; x_wconf 79' lang='lat' dir='ltr'>Petavius</span> <span class='ocrx_word' id='word_1_140' title='bbox 419 1354 501 1395; x_wconf 91' lang='lat' dir='ltr'>hoc</span> <span class='ocrx_word' id='word_1_141' title='bbox 533 1356 681 1396; x_wconf 90' lang='lat' dir='ltr'>eodem</span> <span class='ocrx_word' id='word_1_142' title='bbox 714 1370 836 1395; x_wconf 82' lang='lat' dir='ltr'>anno.</span> <span class='ocrx_word' id='word_1_143' title='bbox 896 1356 1033 1397; x_wconf 87' lang='lat' dir='ltr'>Daesii</span> <span class='ocrx_word' id='word_1_144' title='bbox 1067 1370 1202 1411; x_wconf 88' lang='lat' dir='ltr'>porro</span> <span class='ocrx_word' id='word_1_145' title='bbox 1231 1359 1377 1399; x_wconf 88' lang='lat' dir='ltr'>mensis</span> <span class='ocrx_word' id='word_1_146' title='bbox 1409 1357 1477 1400; x_wconf 90' lang='lat' dir='ltr'>dic</span> <span class='ocrx_word' id='word_1_147' title='bbox 1507 1357 1535 1398; x_wconf 96' lang='grc'><strong>6</strong></span> 
     </span>
     <span class='ocr_line' id='line_1_20' title="bbox 67 1411 1006 1467; baseline 0.001 -16"><span class='ocrx_word' id='word_1_148' title='bbox 67 1411 287 1465; x_wconf 82' lang='lat' dir='ltr'>contigisse</span> <span class='ocrx_word' id='word_1_149' title='bbox 316 1411 477 1467; x_wconf 87' lang='lat' dir='ltr'>reliqua</span> <span class='ocrx_word' id='word_1_150' title='bbox 507 1413 756 1466; x_wconf 85' lang='lat' dir='ltr'>exemplaria</span> <span class='ocrx_word' id='word_1_151' title='bbox 785 1419 1006 1453; x_wconf 83' lang='lat' dir='ltr'>testantur.</span> 
     </span>
    </p>
   </div>
   <div class='ocr_carea' id='block_1_9' title="bbox 66 1481 1543 1751">
    <p class='ocr_par' dir='ltr' id='par_1_9' title="bbox 66 1481 1543 1751">
     <span class='ocr_line' id='line_1_21' title="bbox 177 1481 1543 1541; baseline 0.002 -16"><span class='ocrx_word' id='word_1_152' title='bbox 177 1483 286 1526; x_wconf 83' lang='lat' dir='ltr'>Ibid.</span> <span class='ocrx_word' id='word_1_153' title='bbox 317 1481 384 1524; x_wconf 88' lang='grc'>16.</span> <span class='ocrx_word' id='word_1_154' title='bbox 439 1483 514 1524; x_wconf 77' lang='grc' dir='ltr'><em>καί</em></span> <span class='ocrx_word' id='word_1_155' title='bbox 545 1481 804 1534; x_wconf 77' lang='grc' dir='ltr'><strong><em>Ἀθανοῖσιος</em></strong></span> <span class='ocrx_word' id='word_1_156' title='bbox 842 1483 889 1525; x_wconf 81' lang='grc' dir='ltr'>δὲ</span> <span class='ocrx_word' id='word_1_157' title='bbox 929 1481 1004 1524; x_wconf 77' lang='grc' dir='ltr'>καὶ</span> <span class='ocrx_word' id='word_1_158' title='bbox 1040 1483 1237 1540; x_wconf 78' lang='grc' dir='ltr'><strong><em>Παῦλος]</em></strong></span> <span class='ocrx_word' id='word_1_159' title='bbox 1283 1485 1387 1527; x_wconf 87' lang='lat' dir='ltr'>haec</span> <span class='ocrx_word' id='word_1_160' title='bbox 1418 1502 1543 1541; x_wconf 85' lang='lat' dir='ltr'>quam</span> 
     </span>
     <span class='ocr_line' id='line_1_22' title="bbox 67 1537 1543 1596; baseline 0 -17"><span class='ocrx_word' id='word_1_161' title='bbox 67 1540 294 1591; x_wconf 90' lang='lat' dir='ltr'>incondite,</span> <span class='ocrx_word' id='word_1_162' title='bbox 323 1546 367 1581; x_wconf 85' lang='lat' dir='ltr'>et</span> <span class='ocrx_word' id='word_1_163' title='bbox 402 1543 494 1591; x_wconf 79' lang='grc' dir='ltr'>μετ’</span> <span class='ocrx_word' id='word_1_164' title='bbox 527 1538 666 1595; x_wconf 78' lang='grc' dir='ltr'><strong><em>α’χρον</em></strong></span> <span class='ocrx_word' id='word_1_165' title='bbox 690 1537 786 1588; x_wconf 87' lang='grc' dir='ltr'>σιάς</span> <span class='ocrx_word' id='word_1_166' title='bbox 830 1541 881 1581; x_wconf 84' lang='lat' dir='ltr'>ab</span> <span class='ocrx_word' id='word_1_167' title='bbox 923 1547 1099 1581; x_wconf 82' lang='lat' dir='ltr'>auctore</span> <span class='ocrx_word' id='word_1_168' title='bbox 1129 1542 1382 1596; x_wconf 83' lang='lat' dir='ltr'>referantur,</span> <span class='ocrx_word' id='word_1_169' title='bbox 1412 1545 1543 1583; x_wconf 89' lang='lat' dir='ltr'>conii-</span> 
     </span>
     <span class='ocr_line' id='line_1_23' title="bbox 66 1556 1539 1653; baseline 0.002 -17"><span class='ocrx_word' id='word_1_170' title='bbox 66 1597 177 1649; x_wconf 87' lang='lat' dir='ltr'>ciet,</span> <span class='ocrx_word' id='word_1_171' title='bbox 219 1597 293 1652; x_wconf 82' lang='lat' dir='ltr'>qui</span> <span class='ocrx_word' id='word_1_172' title='bbox 334 1597 477 1638; x_wconf 84' lang='lat' dir='ltr'>eadem</span> <span class='ocrx_word' id='word_1_173' title='bbox 512 1598 587 1637; x_wconf 90' lang='lat' dir='ltr'>sub</span> <span class='ocrx_word' id='word_1_174' title='bbox 623 1556 730 1636; x_wconf 64' lang='lat' dir='ltr'>Iuiio</span> <span class='ocrx_word' id='word_1_175' title='bbox 761 1598 952 1637; x_wconf 87' lang='lat' dir='ltr'>Romano</span> <span class='ocrx_word' id='word_1_176' title='bbox 986 1603 1107 1651; x_wconf 87' lang='lat' dir='ltr'>pont.</span> <span class='ocrx_word' id='word_1_177' title='bbox 1136 1605 1270 1653; x_wconf 80' lang='lat' dir='ltr'>gesta,</span> <span class='ocrx_word' id='word_1_178' title='bbox 1302 1599 1353 1639; x_wconf 88' lang='lat' dir='ltr'>ad</span> <span class='ocrx_word' id='word_1_179' title='bbox 1383 1600 1539 1640; x_wconf 86' lang='lat' dir='ltr'>Liberii</span> 
     </span>
     <span class='ocr_line' id='line_1_24' title="bbox 66 1653 1540 1710; baseline 0 -17"><span class='ocrx_word' id='word_1_180' title='bbox 66 1653 147 1694; x_wconf 85' lang='lat' dir='ltr'>iam</span> <span class='ocrx_word' id='word_1_181' title='bbox 175 1654 410 1708; x_wconf 79' lang='lat' dir='ltr'>praesulem</span> <span class='ocrx_word' id='word_1_182' title='bbox 449 1668 559 1694; x_wconf 86' lang='lat' dir='ltr'>anno</span> <span class='ocrx_word' id='word_1_183' title='bbox 604 1653 744 1708; x_wconf 88' lang='lat' dir='ltr'>primo</span> <span class='ocrx_word' id='word_1_184' title='bbox 776 1654 933 1710; x_wconf 83' lang='lat' dir='ltr'>agentis</span> <span class='ocrx_word' id='word_1_185' title='bbox 972 1659 1134 1709; x_wconf 86' lang='lat' dir='ltr'>tempus</span> <span class='ocrx_word' id='word_1_186' title='bbox 1165 1656 1415 1709; x_wconf 77' lang='lat' dir='ltr'>transposita</span> <span class='ocrx_word' id='word_1_187' title='bbox 1447 1657 1540 1696; x_wconf 84' lang='lat' dir='ltr'>ani-</span> 
     </span>
     <span class='ocr_line' id='line_1_25' title="bbox 70 1709 317 1751; baseline 0.004 -2"><span class='ocrx_word' id='word_1_188' title='bbox 70 1709 317 1751; x_wconf 82' lang='lat' dir='ltr'>madvertet.</span> 
     </span>
    </p>
   </div>
   <div class='ocr_carea' id='block_1_10' title="bbox 64 1777 1541 2007">
    <p class='ocr_par' dir='ltr' id='par_1_10' title="bbox 64 1777 1541 2007">
     <span class='ocr_line' id='line_1_26' title="bbox 176 1777 1540 1840; baseline 0 -16"><span class='ocrx_word' id='word_1_189' title='bbox 176 1783 284 1824; x_wconf 85' lang='lat' dir='ltr'>Ibid.</span> <span class='ocrx_word' id='word_1_190' title='bbox 320 1781 386 1824; x_wconf 78' lang='lat'>20.</span> <span class='ocrx_word' id='word_1_191' title='bbox 441 1781 602 1834; x_wconf 84' lang='grc' dir='ltr'>κόσμου</span> <span class='ocrx_word' id='word_1_192' title='bbox 637 1777 711 1836; x_wconf 78' lang='grc' dir='ltr'>ἔτη</span> <span class='ocrx_word' id='word_1_193' title='bbox 740 1777 879 1840; x_wconf 60' lang='grc' dir='ltr'>αεωλέ]</span> <span class='ocrx_word' id='word_1_194' title='bbox 927 1780 1143 1822; x_wconf 84' lang='lat' dir='ltr'>mendaces</span> <span class='ocrx_word' id='word_1_195' title='bbox 1182 1783 1301 1838; x_wconf 83' lang='lat' dir='ltr'>Regii</span> <span class='ocrx_word' id='word_1_196' title='bbox 1332 1784 1540 1838; x_wconf 85' lang='lat' dir='ltr'>exempla-</span> 
     </span>
     <span class='ocr_line' id='line_1_27' title="bbox 66 1833 1541 1894; baseline -0.002 -14"><span class='ocrx_word' id='word_1_197' title='bbox 66 1839 122 1880; x_wconf 88' lang='lat' dir='ltr'>ris</span> <span class='ocrx_word' id='word_1_198' title='bbox 151 1854 344 1880; x_wconf 88' lang='lat' dir='ltr'>numeros</span> <span class='ocrx_word' id='word_1_199' title='bbox 376 1854 496 1894; x_wconf 78' lang='lat' dir='ltr'>saepe</span> <span class='ocrx_word' id='word_1_200' title='bbox 522 1837 682 1883; x_wconf 81' lang='lat' dir='ltr'>monui.</span> <span class='ocrx_word' id='word_1_201' title='bbox 716 1837 785 1878; x_wconf 86' lang='lat' dir='ltr'>hic</span> <span class='ocrx_word' id='word_1_202' title='bbox 815 1833 938 1894; x_wconf 60' lang='grc' dir='ltr'><em>,εωλέ</em></span> <span class='ocrx_word' id='word_1_203' title='bbox 971 1839 1154 1889; x_wconf 87' lang='lat' dir='ltr'>scribens</span> <span class='ocrx_word' id='word_1_204' title='bbox 1183 1845 1224 1879; x_wconf 87' lang='lat' dir='ltr'>et</span> <span class='ocrx_word' id='word_1_205' title='bbox 1253 1840 1328 1880; x_wconf 90' lang='lat' dir='ltr'>soli</span> <span class='ocrx_word' id='word_1_206' title='bbox 1360 1855 1541 1881; x_wconf 88' lang='lat' dir='ltr'>consen-</span> 
     </span>
     <span class='ocr_line' id='line_1_28' title="bbox 64 1889 1538 1953; baseline 0 -18"><span class='ocrx_word' id='word_1_207' title='bbox 64 1895 170 1936; x_wconf 86' lang='lat' dir='ltr'>tiens</span> <span class='ocrx_word' id='word_1_208' title='bbox 198 1896 286 1936; x_wconf 84' lang='lat' dir='ltr'>Pal.</span> <span class='ocrx_word' id='word_1_209' title='bbox 315 1911 338 1936; x_wconf 85' lang='lat' dir='ltr'><strong>a</strong></span> <span class='ocrx_word' id='word_1_210' title='bbox 369 1896 538 1952; x_wconf 82' lang='lat' dir='ltr'>reliquis</span> <span class='ocrx_word' id='word_1_211' title='bbox 570 1889 700 1953; x_wconf 50' lang='grc' dir='ltr'><em>,εωλέῗ</em></span> <span class='ocrx_word' id='word_1_212' title='bbox 732 1895 1035 1950; x_wconf 84' lang='lat' dir='ltr'>reponentibus</span> <span class='ocrx_word' id='word_1_213' title='bbox 1061 1895 1304 1951; x_wconf 80' lang='lat' dir='ltr'>corrigitur.</span> <span class='ocrx_word' id='word_1_214' title='bbox 1346 1897 1538 1951; x_wconf 85' lang='lat' dir='ltr'>interpo-</span> 
     </span>
     <span class='ocr_line' id='line_1_29' title="bbox 64 1948 705 2007; baseline -0.003 -16"><span class='ocrx_word' id='word_1_215' title='bbox 64 1954 154 1992; x_wconf 82' lang='lat' dir='ltr'>lant</span> <span class='ocrx_word' id='word_1_216' title='bbox 180 1953 342 2007; x_wconf 88' lang='lat' dir='ltr'>pariter</span> <span class='ocrx_word' id='word_1_217' title='bbox 367 1952 453 1993; x_wconf 62' lang='lat'>123·</span> <span class='ocrx_word' id='word_1_218' title='bbox 485 1953 577 1992; x_wconf 89' lang='lat' dir='ltr'>vice</span> <span class='ocrx_word' id='word_1_219' title='bbox 610 1948 705 1991; x_wconf 87' lang='grc' dir='ltr'><strong><em>τλε’.</em></strong></span> 
     </span>
    </p>
   </div>
   <div class='ocr_carea' id='block_1_11' title="bbox 64 2019 1537 2135">
    <p class='ocr_par' dir='ltr' id='par_1_11' title="bbox 64 2019 1537 2135">
     <span class='ocr_line' id='line_1_30' title="bbox 177 2019 1537 2080; baseline -0.001 -15"><span class='ocrx_word' id='word_1_220' title='bbox 177 2024 244 2076; x_wconf 87' lang='grc'>58,</span> <span class='ocrx_word' id='word_1_221' title='bbox 266 2024 305 2064; x_wconf 88' lang='grc'>5.</span> <span class='ocrx_word' id='word_1_222' title='bbox 362 2021 384 2063; x_wconf 81' lang='grc' dir='ltr'>ὅ</span> <span class='ocrx_word' id='word_1_223' title='bbox 415 2020 533 2076; x_wconf 75' lang='grc' dir='ltr'><strong><em>ἥλιος</em></strong></span> <span class='ocrx_word' id='word_1_224' title='bbox 556 2019 685 2064; x_wconf 81' lang='grc' dir='ltr'><strong><em>πάλιν</em></strong></span> <span class='ocrx_word' id='word_1_225' title='bbox 717 2021 1058 2080; x_wconf 76' lang='grc' dir='ltr'><strong><em>αὕχμηρότερος]</em></strong></span> <span class='ocrx_word' id='word_1_226' title='bbox 1089 2024 1140 2064; x_wconf 91' lang='lat' dir='ltr'>de</span> <span class='ocrx_word' id='word_1_227' title='bbox 1168 2024 1248 2065; x_wconf 87' lang='lat' dir='ltr'>hac</span> <span class='ocrx_word' id='word_1_228' title='bbox 1279 2024 1421 2080; x_wconf 89' lang='lat' dir='ltr'>eclipsi</span> <span class='ocrx_word' id='word_1_229' title='bbox 1453 2024 1537 2064; x_wconf 89' lang='lat' dir='ltr'>dis-</span> 
     </span>
     <span class='ocr_line' id='line_1_31' title="bbox 64 2080 1167 2135; baseline 0 -14"><span class='ocrx_word' id='word_1_230' title='bbox 64 2082 166 2122; x_wconf 87' lang='lat' dir='ltr'>serit</span> <span class='ocrx_word' id='word_1_231' title='bbox 194 2081 390 2122; x_wconf 85' lang='lat' dir='ltr'>Petavius</span> <span class='ocrx_word' id='word_1_232' title='bbox 419 2081 469 2122; x_wconf 88' lang='lat' dir='ltr'>de</span> <span class='ocrx_word' id='word_1_233' title='bbox 492 2082 606 2121; x_wconf 86' lang='lat' dir='ltr'>doct.</span> <span class='ocrx_word' id='word_1_234' title='bbox 633 2087 760 2135; x_wconf 89' lang='lat' dir='ltr'>temp.</span> <span class='ocrx_word' id='word_1_235' title='bbox 792 2081 862 2120; x_wconf 87' lang='lat' dir='ltr'>lib.</span> <span class='ocrx_word' id='word_1_236' title='bbox 897 2080 944 2120; x_wconf 91' lang='lat'>11</span> <span class='ocrx_word' id='word_1_237' title='bbox 977 2096 1067 2135; x_wconf 82' lang='lat' dir='ltr'>cap.</span> <span class='ocrx_word' id='word_1_238' title='bbox 1096 2080 1167 2121; x_wconf 79' lang='lat'>43.</span> 
     </span>
    </p>
   </div>
   <div class='ocr_carea' id='block_1_12' title="bbox 64 2148 1533 2265">
    <p class='ocr_par' dir='ltr' id='par_1_12' title="bbox 64 2148 1533 2265">
     <span class='ocr_line' id='line_1_32' title="bbox 170 2148 1533 2210; baseline -0.002 -15"><span class='ocrx_word' id='word_1_239' title='bbox 170 2154 281 2197; x_wconf 84' lang='lat' dir='ltr'>Ibid.</span> <span class='ocrx_word' id='word_1_240' title='bbox 301 2152 341 2198; x_wconf 86' lang='grc'>6.</span> <span class='ocrx_word' id='word_1_241' title='bbox 398 2153 442 2194; x_wconf 82' lang='grc' dir='ltr'>ἐν</span> <span class='ocrx_word' id='word_1_242' title='bbox 472 2148 566 2210; x_wconf 74' lang='grc' dir='ltr'>αῗρα</span> <span class='ocrx_word' id='word_1_243' title='bbox 595 2153 788 2210; x_wconf 73' lang='grc' dir='ltr'>δευτέρᾳ]</span> <span class='ocrx_word' id='word_1_244' title='bbox 824 2153 874 2193; x_wconf 84' lang='lat' dir='ltr'>ab</span> <span class='ocrx_word' id='word_1_245' title='bbox 907 2159 1006 2194; x_wconf 90' lang='lat' dir='ltr'>ortu</span> <span class='ocrx_word' id='word_1_246' title='bbox 1037 2154 1131 2194; x_wconf 89' lang='lat' dir='ltr'>solis</span> <span class='ocrx_word' id='word_1_247' title='bbox 1161 2153 1428 2209; x_wconf 88' lang='lat' dir='ltr'>eiusdemque</span> <span class='ocrx_word' id='word_1_248' title='bbox 1458 2167 1533 2193; x_wconf 85' lang='lat' dir='ltr'>oc-</span> 
     </span>
     <span class='ocr_line' id='line_1_33' title="bbox 64 2210 1208 2265; baseline -0.001 -14"><span class='ocrx_word' id='word_1_249' title='bbox 64 2225 162 2252; x_wconf 80' lang='lat' dir='ltr'>casu</span> <span class='ocrx_word' id='word_1_250' title='bbox 188 2211 323 2252; x_wconf 86' lang='lat' dir='ltr'>noctis</span> <span class='ocrx_word' id='word_1_251' title='bbox 354 2210 521 2265; x_wconf 89' lang='lat' dir='ltr'>dieique</span> <span class='ocrx_word' id='word_1_252' title='bbox 554 2210 676 2251; x_wconf 83' lang='lat' dir='ltr'>horas</span> <span class='ocrx_word' id='word_1_253' title='bbox 707 2216 929 2250; x_wconf 84' lang='lat' dir='ltr'>numerant</span> <span class='ocrx_word' id='word_1_254' title='bbox 960 2210 1208 2251; x_wconf 75' lang='lat' dir='ltr'>orientales.</span> 
     </span>
    </p>
   </div>
   <div class='ocr_carea' id='block_1_13' title="bbox 4 2277 1533 2839">
    <p class='ocr_par' dir='ltr' id='par_1_13' title="bbox 4 2277 1533 2839">
     <span class='ocr_line' id='line_1_34' title="bbox 175 2277 1533 2337; baseline -0.006 -12"><span class='ocrx_word' id='word_1_255' title='bbox 175 2283 285 2325; x_wconf 87' lang='lat' dir='ltr'>Ibid.</span> <span class='ocrx_word' id='word_1_256' title='bbox 322 2283 385 2327; x_wconf 89' lang='lat'>17.</span> <span class='ocrx_word' id='word_1_257' title='bbox 457 2279 662 2337; x_wconf 78' lang='grc' dir='ltr'><strong><em>Σαβώρης</em></strong></span> <span class='ocrx_word' id='word_1_258' title='bbox 703 2279 831 2323; x_wconf 81' lang='grc' dir='ltr'><strong><em>πάλιν</em></strong></span> <span class='ocrx_word' id='word_1_259' title='bbox 858 2277 882 2321; x_wconf 80' lang='grc' dir='ltr'>ὅ</span> <span class='ocrx_word' id='word_1_260' title='bbox 910 2280 1131 2337; x_wconf 77' lang='grc' dir='ltr'><strong><em>βασιλεύς]</em></strong></span> <span class='ocrx_word' id='word_1_261' title='bbox 1165 2281 1393 2323; x_wconf 90' lang='lat' dir='ltr'>obsidionis</span> <span class='ocrx_word' id='word_1_262' title='bbox 1423 2280 1533 2320; x_wconf 87' lang='lat' dir='ltr'>Nisi-</span> 
     </span>
     <span class='ocr_line' id='line_1_35' title="bbox 61 2338 1531 2382; baseline -0.003 -2"><span class='ocrx_word' id='word_1_263' title='bbox 61 2341 184 2381; x_wconf 85' lang='lat' dir='ltr'>binae</span> <span class='ocrx_word' id='word_1_264' title='bbox 213 2340 434 2382; x_wconf 84' lang='lat' dir='ltr'>historiam</span> <span class='ocrx_word' id='word_1_265' title='bbox 475 2354 498 2380; x_wconf 90' lang='lat' dir='ltr'>e</span> <span class='ocrx_word' id='word_1_266' title='bbox 527 2338 729 2379; x_wconf 91' lang='lat' dir='ltr'>chronico</span> <span class='ocrx_word' id='word_1_267' title='bbox 760 2340 1038 2380; x_wconf 79' lang='lat' dir='ltr'>Alexandrino</span> <span class='ocrx_word' id='word_1_268' title='bbox 1078 2340 1209 2379; x_wconf 89' lang='lat' dir='ltr'>verbo</span> <span class='ocrx_word' id='word_1_269' title='bbox 1240 2346 1356 2379; x_wconf 89' lang='lat' dir='ltr'>tenus</span> <span class='ocrx_word' id='word_1_270' title='bbox 1387 2350 1531 2376; x_wconf 84' lang='lat' dir='ltr'>excer-</span> 
     </span>
     <span class='ocr_line' id='line_1_36' title="bbox 61 2394 1531 2451; baseline -0.003 -15"><span class='ocrx_word' id='word_1_271' title='bbox 61 2397 146 2451; x_wconf 88' lang='lat' dir='ltr'>psit</span> <span class='ocrx_word' id='word_1_272' title='bbox 170 2397 458 2451; x_wconf 86' lang='lat' dir='ltr'>Theophanes.</span> <span class='ocrx_word' id='word_1_273' title='bbox 527 2396 657 2435; x_wconf 86' lang='lat' dir='ltr'>solam</span> <span class='ocrx_word' id='word_1_274' title='bbox 705 2395 789 2435; x_wconf 88' lang='lat' dir='ltr'>eius</span> <span class='ocrx_word' id='word_1_275' title='bbox 817 2409 1002 2446; x_wconf 85' lang='lat' dir='ltr'>moram,</span> <span class='ocrx_word' id='word_1_276' title='bbox 1034 2410 1141 2450; x_wconf 84' lang='lat' dir='ltr'>quae</span> <span class='ocrx_word' id='word_1_277' title='bbox 1170 2394 1335 2434; x_wconf 87' lang='lat' dir='ltr'>dierum</span> <span class='ocrx_word' id='word_1_278' title='bbox 1364 2398 1531 2432; x_wconf 88' lang='lat' dir='ltr'>centum</span> 
     </span>
     <span class='ocr_line' id='line_1_37' title="bbox 60 2447 1531 2506; baseline -0.003 -13"><span class='ocrx_word' id='word_1_279' title='bbox 60 2453 209 2504; x_wconf 87' lang='lat' dir='ltr'>extitit,</span> <span class='ocrx_word' id='word_1_280' title='bbox 240 2454 403 2493; x_wconf 88' lang='lat' dir='ltr'>omisit:</span> <span class='ocrx_word' id='word_1_281' title='bbox 434 2467 522 2492; x_wconf 87' lang='lat' dir='ltr'>rem</span> <span class='ocrx_word' id='word_1_282' title='bbox 553 2465 718 2492; x_wconf 89' lang='lat' dir='ltr'>omnem</span> <span class='ocrx_word' id='word_1_283' title='bbox 749 2459 903 2506; x_wconf 85' lang='lat' dir='ltr'>gestam</span> <span class='ocrx_word' id='word_1_284' title='bbox 933 2452 1050 2506; x_wconf 88' lang='lat' dir='ltr'>prius</span> <span class='ocrx_word' id='word_1_285' title='bbox 1082 2451 1268 2490; x_wconf 83' lang='lat' dir='ltr'>narravit</span> <span class='ocrx_word' id='word_1_286' title='bbox 1283 2447 1531 2488; x_wconf 85' lang='lat' dir='ltr'>Theodore-</span> 
     </span>
     <span class='ocr_line' id='line_1_38' title="bbox 64 2504 1528 2568; baseline -0.005 -18"><span class='ocrx_word' id='word_1_287' title='bbox 64 2517 127 2550; x_wconf 88' lang='lat' dir='ltr'>tus</span> <span class='ocrx_word' id='word_1_288' title='bbox 156 2509 227 2551; x_wconf 87' lang='lat' dir='ltr'>lib.</span> <span class='ocrx_word' id='word_1_289' title='bbox 256 2510 281 2551; x_wconf 78' lang='lat'><strong>2</strong></span> <span class='ocrx_word' id='word_1_290' title='bbox 311 2525 405 2564; x_wconf 85' lang='lat' dir='ltr'>cap.</span> <span class='ocrx_word' id='word_1_291' title='bbox 437 2507 504 2549; x_wconf 84' lang='lat'>30.</span> <span class='ocrx_word' id='word_1_292' title='bbox 563 2522 668 2563; x_wconf 81' lang='lat' dir='ltr'>quae</span> <span class='ocrx_word' id='word_1_293' title='bbox 699 2513 848 2548; x_wconf 85' lang='lat' dir='ltr'>notatu</span> <span class='ocrx_word' id='word_1_294' title='bbox 883 2507 1033 2563; x_wconf 82' lang='lat' dir='ltr'>dignae</span> <span class='ocrx_word' id='word_1_295' title='bbox 1060 2507 1225 2547; x_wconf 84' lang='lat' dir='ltr'>variant</span> <span class='ocrx_word' id='word_1_296' title='bbox 1255 2505 1454 2568; x_wconf 59' lang='lat' dir='ltr'>lectiones</span> <span class='ocrx_word' id='word_1_297' title='bbox 1487 2504 1528 2568; x_wconf 74' lang='lat' dir='ltr'>in</span> 
     </span>
     <span class='ocr_line' id='line_1_39' title="bbox 61 2550 1528 2611; baseline -0.006 -4"><span class='ocrx_word' id='word_1_298' title='bbox 61 2573 238 2607; x_wconf 84' lang='lat' dir='ltr'>auctore</span> <span class='ocrx_word' id='word_1_299' title='bbox 264 2573 306 2607; x_wconf 87' lang='lat' dir='ltr'>et</span> <span class='ocrx_word' id='word_1_300' title='bbox 338 2566 540 2607; x_wconf 83' lang='lat' dir='ltr'>chronico</span> <span class='ocrx_word' id='word_1_301' title='bbox 568 2563 844 2605; x_wconf 82' lang='lat' dir='ltr'>Alexandrino</span> <span class='ocrx_word' id='word_1_302' title='bbox 886 2565 988 2605; x_wconf 80' lang='lat' dir='ltr'>istae</span> <span class='ocrx_word' id='word_1_303' title='bbox 1012 2570 1121 2604; x_wconf 89' lang='lat' dir='ltr'>sunt.</span> <span class='ocrx_word' id='word_1_304' title='bbox 1182 2556 1239 2608; x_wconf 76' lang='grc' dir='ltr'>ὥς</span> <span class='ocrx_word' id='word_1_305' title='bbox 1268 2559 1309 2600; x_wconf 81' lang='grc' dir='ltr'>εἰ</span> <span class='ocrx_word' id='word_1_306' title='bbox 1333 2575 1392 2611; x_wconf 84' lang='grc' dir='ltr'>μη</span> <span class='ocrx_word' id='word_1_307' title='bbox 1422 2550 1528 2611; x_wconf 68' lang='grc' dir='ltr'><strong><em>βου-</em></strong></span> 
     </span>
     <span class='ocr_line' id='line_1_40' title="bbox 59 2613 1529 2676; baseline -0.007 -14"><span class='ocrx_word' id='word_1_308' title='bbox 59 2624 197 2662; x_wconf 63' lang='lat' dir='ltr'>aomo</span> <span class='ocrx_word' id='word_1_309' title='bbox 222 2618 492 2676; x_wconf 78' lang='grc' dir='ltr'><strong><em>ἐκχωρήσειν.</em></strong></span> <span class='ocrx_word' id='word_1_310' title='bbox 546 2618 592 2661; x_wconf 84' lang='grc' dir='ltr'>τὸ</span> <span class='ocrx_word' id='word_1_311' title='bbox 622 2618 769 2660; x_wconf 82' lang='grc' dir='ltr'><strong><em>λοιπὸν</em></strong></span> <span class='ocrx_word' id='word_1_312' title='bbox 815 2620 1091 2670; x_wconf 56' lang='lat' dir='ltr'>egwardum.</span> <span class='ocrx_word' id='word_1_313' title='bbox 1149 2614 1362 2668; x_wconf 74' lang='grc' dir='ltr'><em>διεγνώκει</em></span> <span class='ocrx_word' id='word_1_314' title='bbox 1393 2613 1414 2654; x_wconf 85' lang='grc' dir='ltr'>ὁ</span> <span class='ocrx_word' id='word_1_315' title='bbox 1444 2613 1529 2655; x_wconf 74' lang='grc' dir='ltr'>Σά-</span> 
     </span>
     <span class='ocr_line' id='line_1_41' title="bbox 60 2672 1528 2733; baseline -0.004 -16"><span class='ocrx_word' id='word_1_316' title='bbox 60 2692 194 2731; x_wconf 80' lang='grc' dir='ltr'><em>πωρις</em></span> <span class='ocrx_word' id='word_1_317' title='bbox 240 2674 380 2733; x_wconf 81' lang='grc' dir='ltr'><strong><em>οἶδεν,</em></strong></span> <span class='ocrx_word' id='word_1_318' title='bbox 427 2692 533 2732; x_wconf 88' lang='lat' dir='ltr'>quae</span> <span class='ocrx_word' id='word_1_319' title='bbox 570 2676 694 2717; x_wconf 90' lang='lat' dir='ltr'>lectio</span> <span class='ocrx_word' id='word_1_320' title='bbox 736 2678 907 2717; x_wconf 91' lang='lat' dir='ltr'>omnino</span> <span class='ocrx_word' id='word_1_321' title='bbox 959 2680 1189 2728; x_wconf 85' lang='lat' dir='ltr'>corrupta,</span> <span class='ocrx_word' id='word_1_322' title='bbox 1232 2686 1394 2712; x_wconf 87' lang='lat' dir='ltr'>necnon</span> <span class='ocrx_word' id='word_1_323' title='bbox 1427 2672 1528 2711; x_wconf 81' lang='lat' dir='ltr'>istae</span> 
     </span>
     <span class='ocr_line' id='line_1_42' title="bbox 4 2725 1522 2791; baseline -0.005 -19"><span class='ocrx_word' id='word_1_324' title='bbox 4 2775 8 2779; x_wconf 66' lang='grc'><strong>,</strong></span> <span class='ocrx_word' id='word_1_325' title='bbox 62 2734 176 2774; x_wconf 78' lang='lat' dir='ltr'>aliae.</span> <span class='ocrx_word' id='word_1_326' title='bbox 231 2736 360 2787; x_wconf 84' lang='grc' dir='ltr'><strong><em>μέρος</em></strong></span> <span class='ocrx_word' id='word_1_327' title='bbox 383 2734 460 2774; x_wconf 83' lang='grc' dir='ltr'>τοῦ</span> <span class='ocrx_word' id='word_1_328' title='bbox 487 2731 656 2785; x_wconf 83' lang='grc' dir='ltr'><em>τείχους</em></span> <span class='ocrx_word' id='word_1_329' title='bbox 683 2732 886 2773; x_wconf 75' lang='grc' dir='ltr'><strong><em>πέπονθε.</em></strong></span> <span class='ocrx_word' id='word_1_330' title='bbox 944 2735 1032 2778; x_wconf 79' lang='grc' dir='ltr'><strong><em>τοῖς</em></strong></span> <span class='ocrx_word' id='word_1_331' title='bbox 1061 2726 1216 2770; x_wconf 73' lang='grc' dir='ltr'><strong><em>ὕδασιν</em></strong></span> <span class='ocrx_word' id='word_1_332' title='bbox 1246 2725 1522 2791; x_wconf 49' lang='lat' dir='ltr'>{uvelfo-qm,</span> 
     </span>
     <span class='ocr_line' id='line_1_43' title="bbox 60 2782 1530 2839; baseline -0.007 -8"><span class='ocrx_word' id='word_1_333' title='bbox 60 2785 119 2838; x_wconf 84' lang='grc' dir='ltr'>ὦς</span> <span class='ocrx_word' id='word_1_334' title='bbox 146 2787 218 2831; x_wconf 82' lang='grc' dir='ltr'><em>καί</em></span> <span class='ocrx_word' id='word_1_335' title='bbox 247 2788 427 2839; x_wconf 78' lang='grc' dir='ltr'><strong><em>πολλοὺς</em></strong></span> <span class='ocrx_word' id='word_1_336' title='bbox 457 2784 709 2830; x_wconf 68' lang='grc' dir='ltr'><strong><em>ἀπολέσθαι.</em></strong></span> <span class='ocrx_word' id='word_1_337' title='bbox 767 2786 838 2828; x_wconf 75' lang='grc' dir='ltr'>διὰ</span> <span class='ocrx_word' id='word_1_338' title='bbox 866 2788 943 2828; x_wconf 75' lang='grc' dir='ltr'>τοῦ</span> <span class='ocrx_word' id='word_1_339' title='bbox 967 2802 1117 2827; x_wconf 83' lang='grc' dir='ltr'><strong><em>καταπ.</em></strong></span> <span class='ocrx_word' id='word_1_340' title='bbox 1154 2782 1228 2824; x_wconf 79' lang='grc' dir='ltr'>καὶ</span> <span class='ocrx_word' id='word_1_341' title='bbox 1258 2786 1385 2835; x_wconf 81' lang='grc' dir='ltr'><strong><em>οχλον</em></strong></span> <span class='ocrx_word' id='word_1_342' title='bbox 1413 2797 1530 2833; x_wconf 78' lang='grc' dir='ltr'>συμ-</span> 
     </span>
    </p>
   </div>
  </div>
 </body>
</html>
