1768 3268
245 207 338 258 154
457 212 738 257 ANASTAsu
780 209 1043 255 ms'romA
1081 208 1493 252 accmzsms'nca

100 352 136 387 p.
157 339 227 376 489
242 330 443 372 transivit.
501 334 564 370 ast
593 329 827 383 imperator
844 328 963 368 misso
986 325 1143 367 Bahani
1170 324 1368 378 magistro
1399 321 1578 370 militum
1607 336 1702 363 cum

237 388 375 442 paucis
420 386 559 428 electis
599 385 823 438 militibus,
855 384 1011 425 invenit
1050 381 1233 422 bandum
1262 382 1502 428 Persarum,
1536 386 1705 420 etcum

237 445 322 485 eius
353 443 550 484 comitem
577 442 805 492 occidisset,
840 441 989 483 detulit
1030 444 1155 493 caput
1185 437 1269 478 eius
1300 442 1341 477 et
1370 442 1503 477 totam
1535 450 1704 476 auream

235 500 423 555 spatham
451 500 591 554 ipsius,
623 498 916 553 nonnullisque
931 496 1158 552 peremptis
1188 494 1303 534 vivos
1335 492 1452 533 duxit
1480 492 1532 533 ad
1567 492 1706 547 impe-

238 562 423 598 ratorem
448 571 515 597 sex
545 561 587 597 et
618 555 779 610 viginti.
838 555 879 594 in
899 554 1047 610 quibus
1073 558 1165 593 erat
1192 556 1232 591 et
1260 549 1493 605 spatharius
1512 549 1702 597 Rimanti,

238 614 310 669 qui
340 621 382 654 et
416 612 622 653 nuntiavit
646 610 893 666 imperatori
928 609 1040 665 quod
1072 621 1260 664 pugnare
1295 611 1445 647 contra
1474 617 1570 649 eum
1593 606 1706 646 Rha-

238 675 344 710 zates
375 669 520 719 vellet,
565 668 623 709 sic
652 683 674 708 a
706 668 892 708 Chosroe
925 666 1075 716 iussus,
1104 671 1146 705 et
1175 663 1256 704 tria
1291 663 1402 704 milia
1435 663 1476 703 in
1508 662 1705 703 auxilium

239 731 398 766 armata
422 726 580 766 miserit
612 725 662 777 ei,
696 739 802 780 quae
832 731 935 764 tunc
964 721 1150 761 nondum
1168 725 1465 775 pervenerant.
1499 719 1559 760 his
1589 734 1707 759 com-

239 783 369 838 pertis
403 783 636 837 imperator
662 780 877 836 praemisit
911 779 1115 820 sarcinam
1153 783 1248 818 ante
1276 791 1330 828 se,
1363 777 1537 832 ipseque
1561 777 1709 817 subse-

240 846 359 879 cutus
391 843 464 890 est,
493 844 674 879 tractans
709 837 889 893 qualiter
928 836 1135 876 inveniret
1162 835 1301 874 locum
1330 834 1373 873 in
1403 847 1489 890 quo
1517 846 1708 888 pugnare

240 895 424 946 deberet,
452 894 695 950 priusquam
724 894 948 934 unirentur
972 892 1026 932 eis
1055 891 1122 931 illa
1154 891 1234 931 tria
1263 890 1389 931 milia.
1448 896 1709 946 repertoque

240 965 389 1006 campo
419 957 518 1006 apto
550 951 603 992 ad
632 951 862 1005 praelium,
902 948 1105 989 allocutus
1132 948 1340 1003 populum
1370 947 1503 988 acIem
1532 945 1709 987 ordina-

240 1008 314 1048 vit.
372 1008 568 1048 Rhazates
597 1021 700 1048 vero
733 1022 827 1047 cum
853 1006 1131 1061 pervenisset,
1170 1010 1212 1045 et
1245 1005 1331 1059 ipse
1362 1004 1569 1060 praelium
1600 1002 1711 1043 diri-

239 1064 300 1118 git
330 1064 369 1104 in
399 1064 537 1105 cuneis
566 1064 715 1116 trihus,
745 1070 788 1104 et
818 1069 967 1104 contra
999 1062 1304 1117 imperatorem
1335 1061 1555 1117 processit.
1612 1059 1710 1115 pri-

241 1119 308 1162 die
337 1136 431 1161 sane
462 1120 552 1161 idus
576 1119 820 1161 Decembris
858 1125 1016 1175 gestum
1056 1125 1115 1160 est
1160 1117 1341 1171 bellum,
1369 1123 1411 1158 et
1442 1123 1538 1158 ante
1569 1130 1711 1157 omnes

239 1177 453 1231 prosiliens
483 1177 716 1231 imperator
747 1175 1014 1231 principique
1040 1176 1266 1216 Persarum
1297 1189 1539 1226 occurrens,
1572 1173 1712 1214 divina

238 1234 396 1274 virtute
436 1233 585 1289 deique
627 1233 835 1288 genitricis
880 1233 1160 1287 opitulatione
1198 1232 1312 1274 hunc
1342 1230 1521 1283 deiecit,
1566 1235 1609 1272 et
1636 1230 1711 1288 qui

240 1303 335 1330 cum
365 1290 453 1344 ipso
485 1295 606 1331 erant
637 1289 843 1331 exilientes
876 1295 997 1331 antea
1043 1290 1258 1345 fugerunt.
1316 1303 1547 1344 rursusque
1576 1287 1715 1342 impe-

240 1352 360 1387 rator
387 1346 456 1386 alii
483 1360 708 1388 occurrens
734 1352 776 1387 et
803 1345 915 1387 hunc
946 1362 1119 1403 quoque
1144 1342 1353 1401 deposuit.
1413 1345 1543 1387 irruit
1574 1352 1715 1385 autem

114 1409 228 1458 PADO
242 1401 434 1444 adversus
462 1417 562 1444 eum
591 1403 716 1443 etiam
742 1403 914 1455 tertius,
958 1403 1032 1459 qui
1076 1403 1192 1444 dedit
1233 1403 1269 1445 ei
1313 1418 1410 1444 cum
1436 1416 1643 1444 mucrone
1674 1400 1715 1440 in

243 1459 395 1511 labium
430 1465 471 1501 et
492 1459 574 1500 hoc
600 1459 659 1500 illi
688 1460 852 1515 plagam
883 1459 1044 1501 inflixit.
1075 1466 1138 1501 ast
1167 1459 1404 1515 imperator
1431 1465 1474 1500 et
1501 1459 1616 1499 hunc
1645 1471 1717 1498 ex-

245 1516 379 1562 tinxit.
412 1523 455 1556 et
483 1516 592 1557 tubis
613 1516 897 1572 clangentibus
927 1532 1170 1572 congressae
1199 1513 1297 1557 sunt
1326 1517 1380 1558 ini
1400 1517 1580 1558 invicem
1610 1529 1716 1570 par-

246 1579 306 1613 tes
338 1579 556 1628 utraeque.
612 1580 653 1614 et
683 1588 776 1614 cum
804 1589 943 1629 pugna
975 1573 1111 1615 valida
1143 1580 1379 1629 gereretur,
1412 1574 1533 1629 plaga
1566 1572 1716 1612 vulne-

247 1635 360 1669 ratus
390 1635 450 1670 est
478 1645 500 1669 a
530 1628 738 1684 peditibus
766 1631 924 1672 Phalha
956 1631 1227 1686 imperatoris
1259 1646 1404 1687 equus,
1437 1631 1510 1687 qui
1542 1629 1717 1671 diceba-

247 1690 319 1725 tur
336 1686 524 1738 Dorcon,
547 1687 588 1727 in
620 1688 780 1727 femore
810 1688 974 1730 lanceae
1004 1688 1092 1729 ictu
1120 1702 1349 1743 percussus.
1405 1688 1555 1728 multas
1575 1693 1715 1727 autem

247 1747 291 1783 et
318 1742 559 1795 spatharum
579 1743 621 1782 in
643 1743 746 1786 facie
763 1745 1050 1798 percussiones
1075 1745 1251 1800 accepit,
1284 1744 1353 1786 sed
1382 1746 1521 1786 ferens
1551 1749 1714 1799 tegmen

249 1811 297 1863 e}
329 1798 463 1839 nervis
491 1806 733 1840 contextum
772 1801 936 1855 plagam
966 1803 1232 1843 mortiferam
1270 1816 1354 1842 non
1384 1802 1588 1844 sumebat.
1646 1815 1718 1840 ca·-

209 1903 213 1909 ¹
250 1854 313 1896 dut
340 1860 478 1896 autem
507 1855 549 1896 in
579 1856 658 1897 hoc
697 1857 806 1898 bello
836 1858 1033 1900 Rhazates
1080 1865 1123 1900 et
1156 1866 1239 1900 tres
1269 1857 1538 1900 turmarchae
1565 1858 1718 1899 Persa-

250 1925 346 1952 rum
374 1918 416 1952 et
445 1912 653 1977 principes
674 1914 760 1954 fere
788 1916 925 1956 cuncti
943 1923 1068 1971 atque
1086 1931 1184 1970 pars
1213 1916 1350 1957 maior
1370 1916 1574 1957 exercitus
1603 1914 1719 1970 ipso-

251 1981 357 2007 rum.
392 1981 518 2033 occisi
538 1975 674 2010 autem
691 1977 785 2011 sunt
804 1972 926 2012 etiam
941 1974 1117 2013 Romani
1134 1988 1312 2014 numero
1331 1972 1649 2028 quinquaginta,
1677 1975 1722 2012 et

251 2025 459 2064 vulnerati
475 2026 674 2078 nonnulli,
693 2042 739 2067 ex
756 2028 905 2083 quibus
926 2030 1083 2072 scilicet
1098 2030 1259 2071 mortui
1275 2035 1372 2071 sunt
1395 2029 1551 2071 decem.
1580 2042 1719 2084 porro

251 2079 408 2145 bellum
434 2086 590 2134 gestum
630 2089 691 2124 est
732 2099 755 2124 a
786 2100 907 2126 mane
947 2101 1078 2142 usque
1114 2086 1167 2127 ad
1193 2086 1345 2127 horam
1380 2101 1550 2128 nonam.
1609 2084 1724 2126 tule-

253 2142 354 2201 runt
380 2143 537 2178 mterea
567 2139 743 2180 Romani
787 2141 925 2183 banda
962 2143 1187 2184 Persarum
1215 2143 1365 2199 viginti
1396 2149 1510 2195 octo,
1539 2141 1721 2197 exceptis

252 2192 453 2258 ¹¹¹³.‘l¹²⁰‘³
487 2195 699 2236 confracta
744 2204 870 2252 sunt,
908 2204 951 2240 et
991 2199 1218 2255 dispoliatis
1256 2200 1434 2242 mortuis
1466 2204 1723 2255 aeceperunt

252 2249 402 2290 loricas
433 2264 582 2291 corum
599 2258 641 2292 et
661 2253 840 2306 cassides,
869 2270 946 2296 nec
977 2270 1061 2297 non
1089 2264 1133 2300 et
1163 2272 1304 2299 omnes
1336 2271 1485 2298 currus
1514 2256 1720 2313 ipsorum.

253 2311 295 2370 et
323 2313 564 2372 manserunt
596 2308 646 2348 ab
679 2309 851 2351 invicem
881 2314 1127 2368 sequestrati
1157 2321 1361 2371 quantum
1380 2321 1441 2355 est
1470 2313 1621 2368 duplex
1653 2327 1722 2353 sa-

253 2368 380 2428 gitta-e
409 2369 566 2428 iaetus:
597 2366 694 2429 'fuga
722 2381 900 2423 namque
927 2369 1036 2411 facta
1066 2386 1148 2411 non
1176 2379 1252 2413 est.
1313 2378 1604 2413 verumtamen
1632 2370 1724 2411 Ro-
1759 2411 1762 2414 Δ

253 2434 364 2485 mani
410 2427 647 2486 animantia·
678 2436 749 2462 sua
781 2429 903 2465 nocte
942 2431 983 2466 et
1028 2427 1347 2483 adaquaverunt
1378 2434 1421 2469 et
1450 2431 1719 2481 acceperunt.

120 2480 240 2530 p.491
255 2483 411 2529 equites
444 2491 547 2542 vero
576 2492 648 2533 qui
672 2480 782 2519 ultra
812 2486 958 2534 erant,
1000 2490 1208 2526 steterunt
1245 2500 1376 2541 usque
1415 2485 1467 2526 ad
1507 2483 1724 2539 septimam

255 2531 404 2573 horam
434 2539 567 2573 noctis
612 2549 738 2589 super
775 2537 1042 2579 tabernacula
1077 2549 1349 2583 mortuorum
1389 2542 1640 2591 Persarum,
1673 2554 1723 2579 ao

257 2594 412 2654 octava·
434 2589 543 2654 hora
572 2591 705 2633 noctis
734 2593 837 2633 moti
883 2595 1191 2649 repedaverunt
1224 2600 1276 2640 ad
1305 2605 1439 2639 castra
1470 2613 1555 2648 sua,
1585 2602 1629 2640 et
1658 2596 1721 2636 his

256 2651 433 2709 accep-tis
478 2647 701 2700 abierunt,
752 2655 794 2689 et
836 2656 968 2691 castra
997 2655 1138 2694 metati
1168 2661 1263 2695 sunt
1306 2655 1358 2695 ad
1388 2655 1539 2710 pedem
1570 2654 1723 2694 montis

256 2715 392 2755 asperi
423 2709 661 2746 metuentes.
718 2706 866 2745 multas
899 2715 1116 2762 praeterea
1136 2709 1300 2765 spathas
1332 2726 1437 2752 auro
1469 2711 1726 2753 circumclu-

255 2771 316 2797 sas
346 2765 386 2798 et
415 2772 535 2799 zonas
563 2775 708 2802 aureas
751 2776 846 2802 cum
887 2766 1054 2816 gemmis
1099 2773 1141 2807 et
1179 2775 1340 2809 scutum
1371 2768 1543 2808 Rliazati
1587 2773 1725 2806 totum

257 2827 362 2855 auro
393 2829 625 2870 respersum
656 2826 924 2874 acceperuut,
952 2820 1106 2863 hahens
1133 2826 1272 2878 petala
1302 2832 1472 2866 centum
1494 2823 1654 2880 viginti,
1682 2828 1725 2863 et
