1728 3184
231 168 330 222 452
738 178 796 221 m
833 147 1209 222 mmmmm

231 291 314 345 χῆς
339 286 438 340 τούς
475 289 804 345 α’ρχιερατικοὺς
849 293 922 347 τῆς
953 290 1264 347 βασιλευούσης
1294 287 1520 341 ἱθύναντες
1549 289 1708 343 οἴακας.

230 356 375 390 sancta
402 348 548 405 quinta
587 347 766 401 synodus
804 359 964 391 centum
1004 351 1224 403 sexaginta
1264 352 1439 406 quinque
1465 350 1710 404 deflet-oram

226 413 395 460 patrum
423 414 538 446 coetu
574 415 714 447 coacta
746 416 826 447 est.-
874 421 1047 464 qaorum
1079 407 1195 447 duces
1211 407 1335 459 ficere
1368 407 1507 462 primo
1549 407 1708 459 Menas,

228 460 382 502 deinde
414 460 457 501 F
458 462 642 514 utycluus
681 463 844 504 clavum
865 464 1122 522 panificium
1160 465 1294 518 regiae
1330 463 1441 504 urbis
1477 478 1535 504 ex
1561 479 1712 505 succes-

225 517 337 559 sione
362 516 640 572 gubernantes.

337 599 640 654 354,16.ἐν
658 602 717 661 τῷ
746 603 959 660 Ἰλλυρικῷ
987 599 1275 659 ἐτελεύτησεν]
1301 616 1413 644 anno
1442 603 1707 655 succedente,

227 664 276 701 ut
305 660 396 701 vult
426 658 660 701 Marcellini
709 661 1055 701 additamentum.

337 732 549 777 Ibid.19.
608 731 768 786 ἐγένετο
799 730 976 785 σεισμὸς
1008 730 1208 788 φοβερός]
1242 748 1365 788 quem
1398 732 1591 788 Agathias
1622 747 1710 773 me-

222 795 365 830 morat
396 790 467 830 lib.
499 789 524 830 2
555 794 598 831 et
627 790 680 830 ad
712 805 863 844 quem,
892 791 1178 844 nonnullaque
1216 791 1426 844 praesenti
1455 804 1567 831 anno
1597 795 1709 845 gesta

195 845 442 905 ‘Iustiniani
474 847 640 902 imperii
672 846 910 888 vicesimum
941 852 984 887 et
1016 853 1210 887 octavum
1240 847 1471 902 subiungit.

332 928 431 983 355,
463 929 503 975 9.
563 926 604 971 οἱ
635 929 683 971 δὲ
715 929 863 980 Λαζοί
891 925 1199 986 α’θετήσαντες]
1229 931 1466 986 Piocopius
1494 930 1569 972 lib.
1602 930 1628 972 2
1655 930 1710 972 de

221 987 332 1029 bello
361 988 546 1040 Persico,
575 987 769 1044 Agathias
799 987 874 1028 lib.
911 987 951 1030 3.

332 1069 545 1115 Ibid.14.
601 1072 646 1113 ἐν
676 1072 726 1128 τῇ
755 1069 926 1122 συνάξει
952 1070 1002 1127 τῇ
1028 1066 1128 1126 ἆγίᾳ
1172 1070 1250 1110 τοῦ
1265 1062 1415 1124 'O9ov]
1446 1070 1702 1113 Barberinus

219 1128 351 1170 codex
380 1130 481 1185 legit
520 1129 598 1198 τῆς
635 1127 758 1182 ἆγιάς
793 1130 870 1169 τοῦ
889 1116 1033 1181 ‘'O9ov.
1108 1128 1412 1193 Peyrezianus,
1462 1128 1539 1182 τῆς
1579 1123 1705 1181 ἆγιάς

217 1185 452 1240 Εὕφημιάς
482 1188 560 1227 τοῦ
578 1181 726 1241 ‘'O90v.
787 1187 902 1227 locus
934 1186 1086 1255 itaque
1116 1190 1346 1237 corruptus
1382 1184 1537 1225 iterum
1566 1185 1704 1225 inter-

216 1242 391 1297 polatur
420 1243 494 1296 τῆς
535 1241 660 1296 :tylem
690 1241 922 1297 Ευφημιάς
964 1243 1042 1284 τοῦ
1073 1239 1316 1295 Ὀλυβρίου.
1378 1241 1499 1282 aedes
1542 1242 1703 1298 quippe

215 1299 477 1354 Euphemiae
512 1301 591 1340 CP.
627 1301 781 1341 dicatas
817 1307 900 1341 ties
932 1299 1116 1355 reperio,
1168 1300 1206 1338 1.
1241 1299 1280 1338 in
1301 1296 1626 1353 Hippodromo,
1658 1298 1701 1338 2.

215 1357 269 1396 ad
299 1357 489 1406 Petram,
537 1356 576 1397 3.
615 1357 783 1412 Olybrii
825 1356 1007 1397 nomine.
1084 1355 1188 1396 haec
1231 1371 1253 1395 a
1292 1354 1447 1396 Thecla
1483 1355 1700 1396 Eudoxiae

214 1413 299 1453 filia
331 1413 499 1453 fundari
538 1421 714 1468 coepta,
749 1415 800 1454 ab
837 1414 1018 1469 Olybrio
1050 1414 1275 1468 magistro,
1306 1427 1358 1452 ne
1386 1412 1527 1453 ruinas
1558 1411 1701 1467 potius

216 1484 343 1525 quam
374 1471 611 1511 aedificium
650 1471 951 1525 promitteret,
995 1473 1110 1510 omni
1122 1443 1337 1524 ”lapidum
1369 1475 1411 1510 et
1438 1483 1701 1509 malmorum

217 1533 374 1567 ornatu
410 1527 681 1581 postmodum
726 1527 913 1568 absoluta
959 1527 1067 1578 fuit,
1096 1533 1138 1568 et
1181 1525 1327 1581 amplis
1356 1526 1507 1582 opibus
1533 1526 1701 1578 dotata,

217 1583 400 1638 origines
429 1585 750 1639 Constantinop.

328 1656 444 1699 Ibid.
505 1657 609 1712 μηνί
631 1655 806 1713 Ἰουλίῳ,
832 1656 1090 1704 ἰνδικτιῶνος
1118 1652 1180 1707 δ’]
1214 1656 1469 1697 Iudaeorum
1499 1656 1702 1697 defectio·-

217 1727 314 1753 nem
341 1714 546 1768 geminam
580 1714 655 1755 sub
689 1714 917 1754 Iustiniano
950 1721 1159 1754 memorat
1190 1713 1422 1753 chronicon
1455 1713 1701 1754 Alexandri..

216 1784 318 1809 num
348 1785 470 1824 pagg.
514 1768 597 1812 754
625 1777 667 1810 et
694 1769 791 1812 775.
824 1771 1103 1811 consulendus
1117 1770 1354 1824 Procopius
1384 1770 1435 1811 de
1466 1770 1590 1811 aedis.
1628 1772 1696 1810 lu-

216 1825 384 1867 stiniani
412 1828 481 1868 lib.
504 1827 543 1867 5.
606 1827 805 1868 videndus
833 1827 997 1882 pariter
1017 1827 1227 1867 Marianus
1250 1829 1401 1868 scotus
1430 1827 1484 1868 ad
1515 1843 1583 1867 an.
1603 1826 1699 1868 531.

328 1909 426 1962 356,
454 1911 491 1951 2.
564 1910 608 1952 ἒν
646 1907 764 1961 τάξει
794 1909 1201 1964 Πρασινοβενέτων]
1245 1918 1291 1952 ut
1321 1911 1486 1952 Prasini
1515 1911 1700 1952 Venetos

218 1966 578 2022 insequebantur,
616 1968 659 2008 hi
689 1983 791 2009 vero
836 1969 877 2007 in
907 1968 1100 2008 Prasinos
1133 1969 1391 2023 insurgentes
1421 1968 1576 2009 mutuis
1609 1983 1704 2009 cae-

220 2023 340 2064 dibus
366 2039 445 2078 per
476 2025 665 2065 civitates
701 2039 1006 2080 nonnunquam
1044 2039 1086 2065 se
1117 2026 1424 2077 conficiebant,
1464 2032 1506 2066 et
1546 2026 1702 2065 civium

217 2081 418 2136 sanguine
445 2087 595 2121 cuncta
626 2081 870 2122 foedabant:
900 2083 956 2122 ita
989 2081 1130 2122 ludaei
1158 2089 1199 2122 et
1230 2083 1461 2123 Samaritae
1492 2082 1701 2123 Christia-

219 2151 295 2177 nos
327 2138 368 2178 in
396 2137 627 2178 Palaestina
658 2139 710 2178 ad
741 2153 885 2179 necem
915 2145 1177 2195 quaerentes,
1206 2138 1267 2180 his
1302 2139 1428 2180 vitam
1459 2146 1502 2179 et
1528 2139 1700 2194 religio-

220 2208 315 2234 nem
345 2195 582 2247 tuentibus,
614 2196 771 2236 bellum
811 2195 932 2236 civile
962 2202 1004 2236 et
1033 2196 1205 2251 unique
1234 2199 1349 2251 parti
1380 2196 1596 2237 exitiosum
1628 2210 1701 2237 ex-

219 2251 459 2293 citaverunt
485 2251 532 2293 ἐν
549 2248 667 2302 τάξει
690 2253 1090 2306 Πρασινοβενὲτων.

329 2324 540 2423 {batn
570 2324 834 2382 Μουσουνίῳ
867 2325 925 2383 τῶ
950 2321 1152 2383 υπὰρχω]
1183 2327 1236 2368 ad
1266 2342 1391 2383 quem
1423 2326 1589 2368 novella
1621 2324 1701 2366 134

219 2382 332 2437 scrip
355 2398 378 2422 a
406 2397 445 2424 es

332 2454 429 2507 357,
446 2455 485 2496 7.
545 2470 605 2503 εις
633 2451 709 2508 τὴν
737 2451 905 2509 μνήμην
923 2454 996 2509 τῆς
1017 2454 1182 2508 κόνεως]
1216 2473 1370 2500 nomen
1398 2456 1700 2512 appellativum

220 2511 407 2558 existimo
439 2510 502 2568 τό,
529 2511 707 2564 κόιεως,
753 2521 795 2553 et
818 2513 1031 2577 pulverem
1060 2515 1313 2569 significare.
1345 2513 1459 2571 quod
1490 2528 1537 2554 ex
1570 2513 1698 2554 variis

218 2547 502 2621 lectionibus,
513 2570 662 2625 quibus
691 2569 819 2610 etiam
838 2564 957 2622 κόνης
973 2569 1015 2610 in
1038 2570 1135 2612 Vat.
1169 2571 1340 2625 legitur,
1374 2570 1556 2612 eiusdem
1560 2568 1701 2635 ‘apud

220 2628 478 2668 recentiores
509 2626 820 2694 significantiae,
854 2626 1022 2682 colligo.
1080 2628 1163 2669 erit
1195 2629 1337 2684 itaque
1360 2626 1508 2681 μνήμη
1528 2625 1603 2681 τῆς
1629 2623 1701 2666 κό-

219 2695 345 2737 νεως,
374 2683 459 2725 sive
499 2680 619 2738 κόνης
656 2683 840 2737 pulveris
873 2658 979 2723 olim
1022 2698 1045 2725 e
1073 2685 1189 2726 caelo
1222 2685 1464 2735 decidentis,
1494 2692 1542 2726 ut
1573 2683 1700 2724 etiam

221 2743 361 2780 terrae
391 2747 529 2781 motus
566 2741 822 2791 celebratur,
853 2740 1074 2782 memoria.
1105 2741 1264 2785 videbis
1292 2741 1512 2784 historiam
1542 2739 1595 2782 ad
1623 2753 1699 2780 an-

220 2809 322 2838 num
350 2798 500 2844 Leonis
536 2797 583 2839 17
612 2811 709 2854 pag.
748 2795 844 2838 103.
