1768 3268
235 193 327 244 142
445 199 724 242 ANASTAsu
766 196 1026 240 His'ronm
1068 190 1480 237 ECCLEfflASTlCA

263 330 400 371 noque
443 314 565 369 ipsius
594 313 782 355 Eudocia
831 313 870 351 in
905 314 1148 365 Augustam,
1194 315 1234 348 ct
1266 306 1428 360 accepit
1458 311 1637 362 uterque
1666 323 1687 347 a

230 334 376 427 gergio
404 370 645 427 patriarcha
675 369 918 424 nuptiarum
956 381 1145 419 coronas,
1176 373 1216 405 et
1246 378 1330 403 uno
1358 362 1592 418 eodemque
1620 363 1688 405 die

229 429 349 469 simul
387 429 620 482 imperator
660 433 702 467 et
740 439 910 480 sponsus
955 422 1199 463 ostenditur.
1272 433 1411 460 mense
1440 434 1542 460 vero
1573 420 1687 460 Maio

229 492 361 526 castra
389 490 615 524 moverunt
633 483 781 523 Persae
812 488 960 522 contra
977 479 1152 535 Syriam,
1183 484 1225 517 et
1253 481 1457 530 ceperunt
1474 476 1688 530 Apamiam

229 548 271 583 et
299 542 511 592 Edessam,
542 548 584 581 et
613 545 819 580 venerunt
850 551 978 592 usque
1005 533 1281 575 Antiochiam.
1339 546 1477 587 porro
1507 533 1686 573 Romani

230 605 499 638 occurrentes
529 596 583 637 eis
608 596 791 649 superati
822 599 928 647 sunt,
949 598 990 633 ct
1017 591 1146 645 periit
1174 589 1305 629 omnis
1335 590 1516 644 populus
1530 590 1688 631 Roma-

229 669 396 708 norum,
426 653 530 694 adeo
561 658 608 693 ut
635 652 753 692 valde
780 650 903 706 pauci
931 663 977 689 ex
1006 648 1061 687 eis
1090 645 1326 687 evaderent.

311 725 456 767 Mundi
477 739 584 765 anno
598 722 719 778 6103,
737 723 896 764 divinae
917 719 1207 760 incarnationis
1221 732 1331 758 anno
1345 715 1441 770 603,
1456 733 1564 759 anno
1583 735 1687 761 vero

230 783 396 838 imperii
410 781 590 822 Heraclii
620 780 644 820 2
672 784 874 835 ceperunt
891 779 1041 818 Persae
1056 777 1295 816 Caesaream
1312 775 1615 831 Cappadociae,
1647 783 1690 818 et

231 839 412 893 plurima
445 853 491 879 ex
521 853 567 879 ea
585 837 745 891 captiva
777 834 983 875 duxerunt
1010 833 1133 875 milia.
1190 832 1405 872 Heraclius
1435 838 1574 873 autem
1607 834 1688 874 im..

231 903 409 950 perator
437 893 595 935 invenit
625 893 817 934 dissoluta
845 891 905 932 rei
934 889 1126 944 publicae
1155 888 1336 944 negotia,
1365 888 1570 944 siquidem
1598 891 1688 931 Eu..

100 968 136 1003 p.
150 956 220 994 462
234 967 380 1006 ropam
414 954 563 992 Avares
593 948 812 990 reddidere
845 947 1061 998 desertam,
1092 946 1227 986 Asiam
1255 959 1357 986 vero
1374 946 1526 987 Persae
1551 952 1688 988 totum

232 1009 611 1059 exterminaverunt
648 1011 690 1046 et
733 1005 935 1058 civitates
958 1001 1249 1044 desolaverunt
1295 1009 1337 1043 et
1362 1002 1596 1043 Romanum
1644 1004 1686 1044 in

229 1063 346 1106 bellis
376 1064 600 1105 exercitum
632 1062 945 1102 interemerunt.
1009 1060 1157 1115 quibus
1189 1058 1283 1099 visis
1314 1059 1519 1100 haesitare
1548 1061 1690 1115 coepit

263 1121 333 1161 uid
362 1126 529 1176 ageret:
560 1125 744 1159 scrutans
772 1117 880 1158 enim
898 1119 1110 1169 exercitus,
1138 1116 1169 1156 si
1192 1117 1303 1157 forte
1331 1115 1431 1156 salvi
1454 1117 1688 1169 existerent,

230 1136 332 1218 duos
362 1183 522 1217 tantum
551 1175 708 1215 invenit
739 1188 785 1214 ex
814 1175 1001 1215 omnibus
1042 1173 1100 1213 his
1139 1173 1212 1228 qui
1241 1187 1336 1213 cum
1365 1172 1506 1214 Phoca
1539 1180 1687 1214 contra

228 1232 474 1274 Mauricium
522 1232 561 1271 in
595 1230 814 1286 tyrannide
840 1230 1084 1272 militarunt.
1152 1230 1299 1270 eodem
1337 1243 1446 1270 anno
1480 1237 1600 1271 natus
1630 1238 1690 1272 est

229 1289 474 1343 imperatori
504 1288 608 1328 filius
639 1288 689 1327 de
710 1287 908 1343 Eudocia‚
941 1287 1157 1329 Heraclius
1197 1287 1349 1338 minor,
1379 1287 1451 1342 qui
1486 1293 1528 1328 et
1558 1302 1690 1328 novus

228 1346 517 1386 Constantinus
558 1343 784 1398 appellatus
814 1350 888 1384 est.
962 1351 1003 1386 et
1033 1350 1202 1385 mortua
1244 1351 1305 1385 est
1331 1345 1516 1399 Augusta
1546 1344 1690 1386 eadem

228 1402 385 1444 decima
414 1401 559 1456 quinta
592 1400 834 1441 indictione.

334 1475 482 1515 Tertio
524 1474 690 1529 imperii
726 1473 905 1515 Heraclii
957 1489 1067 1515 anno
1110 1478 1313 1514 coronata
1353 1478 1413 1514 est
1449 1471 1690 1528 Epiphania

227 1532 309 1572 filia
334 1531 514 1572 Heraclii
551 1547 574 1570 a
610 1530 755 1586 Sergio
796 1531 1038 1585 patriarcha
1083 1531 1124 1571 in
1155 1531 1394 1586 Augustam,
1421 1529 1463 1569 in
1495 1529 1689 1578 oratorio

226 1588 382 1643 palatii.
441 1588 584 1629 eadem
629 1601 731 1628 vero
773 1589 910 1642 prima
955 1587 1186 1629 indictione
1215 1594 1442 1628 coronatus
1472 1593 1532 1627 est
1559 1586 1692 1626 Hera-

227 1645 327 1685 clius
359 1645 511 1696 iunior,
541 1644 645 1686 filius
675 1644 868 1695 Heraclii,
901 1645 974 1701 qui
1004 1651 1046 1685 et
1078 1645 1382 1696 Constantinus,
1415 1659 1438 1684 a
1472 1642 1692 1698 praedicto

227 1700 485 1756 patriarcha.
542 1700 689 1741 eodem
718 1716 825 1741 anno
857 1701 1054 1742 Saraceni
1084 1702 1214 1742 aciem
1247 1706 1399 1741 contra
1431 1700 1597 1756 Syriam
1628 1698 1693 1740 di-

228 1764 439 1808 rexerunt,
468 1762 509 1798 et
538 1758 812 1798 exterminatis
843 1758 1047 1799 nonnullis
1077 1758 1178 1799 vicis
1209 1758 1366 1799 reversi
1395 1764 1505 1797 sunt.

100 1837 218 1886 p.463
341 1832 459 1871 Anno
490 1831 652 1885 imperii
690 1831 872 1872 Heraclii
919 1837 1072 1887 quarto
1105 1836 1310 1886 ceperunt
1337 1831 1487 1871 Persae
1532 1828 1693 1869 Dama-

229 1900 371 1935 scum,
403 1893 444 1927 et
486 1887 695 1941 captivum
733 1888 939 1929 duxerunt
979 1889 1185 1943 populum
1226 1887 1417 1928 multum.
1477 1887 1693 1927 Heraclius

231 1950 369 1984 autem
398 1943 625 1998 imperator
653 1945 792 1999 legatis
838 1945 891 1985 ad
921 1945 1134 1986 Chosroen
1169 1945 1296 1985 missis
1325 1942 1491 1998 rogavit
1520 1958 1615 1983 eum
1648 1948 1694 1982 ut

227 2008 423 2054 parceret
454 2001 666 2041 hominum
691 2002 929 2055 sanguinem
968 2001 1356 2043 immisericorditer
1383 1999 1621 2041 effundendi
1651 2005 1694 2040 et

229 2055 425 2096 diffiniret
464 2057 636 2097 tributa.
716 2059 788 2113 qui
837 2059 992 2113 legatos
1037 2059 1267 2100 inefficaces
1297 2057 1464 2108 dimisit,
1495 2057 1606 2096 nulla
1637 2056 1694 2096 eis

228 2111 390 2153 reddita
424 2113 606 2163 ratione,
656 2128 823 2167 sperans
854 2115 1213 2170 comprehendere
1239 2117 1528 2156 Romanorum
1560 2111 1695 2154 modis

229 2169 419 2209 omnibus
466 2170 762 2224 principatum.
832 2186 966 2226 porro
997 2173 1210 2213 Heraclius
1253 2172 1403 2214 eodem
1430 2184 1539 2210 anno
1577 2170 1694 2211 duxit

230 2225 382 2266 inceste
402 2226 623 2266 Martinam
657 2233 821 2282 neptem
849 2243 965 2268 suam
998 2244 1179 2285 uxorem,
1211 2237 1252 2271 et
1279 2227 1573 2284 pronuntiavit
1602 2241 1694 2267 eam

231 2282 466 2335 Augustam,
496 2291 739 2324 coronatam
771 2299 792 2324 a
824 2285 971 2339 Sergio
1006 2286 1260 2340 patriarcha.

343 2357 461 2394 Anno
494 2355 659 2409 imperii
699 2356 880 2398 Heraclii
926 2359 1074 2413 quinto
1118 2366 1324 2414 ceperunt
1361 2360 1513 2401 Persae
1546 2356 1693 2398 lorda-

233 2424 323 2450 nem
354 2411 463 2451 bello
493 2418 533 2452 et
563 2413 831 2454 Palaestinam
863 2420 903 2455 et
931 2424 1112 2456 sanctam
1139 2417 1364 2468 civitatem,
1394 2421 1436 2457 et
1466 2414 1617 2455 multos
1651 2414 1693 2453 in

235 2479 279 2530 ca
308 2481 384 2520 per
427 2467 674 2509 Iudaeorum
716 2485 857 2511 manus
898 2471 1200 2515 interfecerunt
1218 2504 1230 2524 ,
1261 2473 1304 2514 id
1329 2479 1389 2514 est
1407 2502 1419 2525 ‚
1448 2478 1495 2512 ut
1524 2470 1694 2527 quidam

234 2529 364 2586 aiunt,
397 2524 506 2564 milia
536 2523 605 2565 90.
665 2526 727 2565 isti
759 2527 866 2568 enim
898 2536 1080 2569 ementes
1103 2530 1374 2582 Christianos,
1400 2536 1534 2585 prout
1565 2542 1693 2568 unus-

233 2591 409 2643 quisque
433 2581 615 2634 pretium
645 2581 798 2623 habere
829 2591 1012 2638 poterat,
1042 2587 1290 2628 occidebant
1308 2602 1391 2628 eos.
1415 2582 1418 2585 Δ
1449 2585 1694 2626 Zachariam

230 2647 340 2698 vero-
364 2635 779 2698 Hierosolymitauum
810 2642 1039 2693 praesulem
1067 2644 1413 2698 comprehensum
1442 2649 1483 2682 et
1509 2642 1695 2697 pretiosa

230 2694 275 2729 et
305 2691 462 2731 vivifica
494 2693 602 2748 ligna
631 2709 726 2734 cum
758 2697 885 2736 multa
915 2698 1071 2751 praeda
1099 2700 1140 2739 in
1172 2702 1384 2742 Persidem
1415 2700 1692 2741 abduxerunt.

230 2744 376 2809 eodem
410 2762 515 2788 anno
547 2758 663 2790 natus
697 2760 756 2792 est
799 2753 1047 2807 imperatori
1078 2758 1371 2798 Constantinus
1403 2757 1516 2811 alim,
1547 2763 1589 2797 et
1617 2755 1692 2795 ba-

230 2807 408 2855 ptizatus
442 2810 500 2844 cst
530 2805 570 2845 in
605 2807 840 2849 Blachernis
869 2826 891 2849 a
919 2810 1063 2866 Sergio
1095 2815 1352 2867 patriarcha.
