1728 3184
628 187 826 229 NOTAE.
1374 182 1471 232 2225

21 329 28 331 -
67 302 72 307 ’
129 298 224 354 617,
257 299 325 339 fl.
402 296 478 339 καὶ
517 295 716 350 ἕχραινον
756 299 836 353 τήν
873 302 1029 350 πίστιν]
1072 303 1123 342 ab
1165 304 1243 343 isto
1274 304 1472 360 loquendi

20 369 173 411 genere
196 355 372 396 verbnm
397 355 663 408 μαγαρίζειν,
691 370 971 411 conspurcare,
1001 358 1071 397 ubi
1113 358 1166 399 de
1192 359 1272 401 fide
1313 360 1474 401 decerta

19 427 158 462 sermo
186 418 263 462 est,
292 411 546 453 recentiores
585 412 822 454 traduxere.
888 413 977 467 lege
1003 421 1219 455 auctorem
1247 416 1299 456 ad
1326 419 1474 458 Leonis

21 467 143 509 huius
172 482 326 517 annum
347 471 370 514 1
396 473 439 509 et
467 468 625 523 scripta
652 470 843 523 superius
871 483 964 523 pag.
996 465 1090 510 334.

20 574 24 576 >
54 575 57 577 μ
126 539 227 592 618,
259 539 327 584 16.
396 539 644 589 Νακωλείας
681 538 703 581 ὁ
732 541 968 594 ἐπίσκοπος]
1006 542 1286 596 Theophilum
1309 547 1476 587 nomine

18 595 278 639 demonstrat
304 597 507 638 Baronius
539 597 591 637 ad
619 613 772 638 annum
802 598 958 638 Christi
986 597 1066 638 727
1105 613 1217 638 num.
1249 601 1288 641 5.

128 669 238 712 Ibid.
256 662 320 713 18.
377 665 429 709 τὰ
460 668 562 722 περὶ
584 670 658 710 τοῦ
685 668 913 724 μακαρίου]
944 676 1185 724 excerptum
1214 686 1236 712 e
1264 672 1372 712 libro
1400 688 1478 716 au-

20 724 151 766 ctoris
181 740 325 767 rerum
346 725 647 766 Francicarum
685 726 824 780 inscii,
864 741 950 782 quo
995 741 1110 767 mera
1147 725 1399 782 ἅχρονησιά,
1436 735 1478 770 et

18 781 293 836 dvmoorpta
323 781 601 836 depromitur.

129 853 226 906 619,
256 855 294 895 1.
361 846 485 902 οὗτος
524 849 546 895 ὅ
588 853 781 906 αόίδιμος
818 856 1062 911 Στέφανος]
1093 870 1176 897 non
1217 855 1381 906 Leonis,
1410 855 1480 897 sed

20 911 282 952 Constantini
312 911 397 952 eius
430 911 504 951 filii
532 919 669 953 aetate
698 912 814 952 vixit.

58 1003 62 1007 ⁴
130 982 238 1024 Ibid.
271 982 338 1024 14.
393 981 629 1036 κριστάται,
662 980 684 1024 ὃ
710 978 982 1038 ἑρμηνεύεται
1001 985 1330 1038 τριχοραχάται]
1360 999 1481 1025 mon-

19 1046 152 1082 strum
180 1040 352 1081 Francis
382 1039 504 1094 ipsis,
553 1042 702 1095 quibus
731 1042 924 1082 accidisse
954 1047 1165 1092 narratur,
1195 1041 1478 1095 incognitum:

19 1096 130 1138 unde
157 1095 271 1151 apud
291 1099 476 1137 Graecos
506 1097 698 1137 auditum
737 1098 930 1139 veracior
967 1097 1160 1153 Agatbias
1189 1098 1357 1151 profert
1387 1098 1479 1138 hist.

20 1153 93 1194 lib.
126 1152 163 1193 1.
220 1153 430 1194 “solemne
458 1160 518 1194 est
556 1154 817 1195 Francorum
856 1155 1022 1209 regibus
1052 1168 1264 1208 nunquam
1288 1154 1481 1195 tonderi:

18 1208 91 1251 sed
123 1224 145 1248 a
173 1209 314 1263 pueris
352 1209 507 1250 intonsi
532 1218 718 1251 manent.
789 1211 985 1252 caesaries
1013 1215 1103 1251 tota
1130 1209 1325 1250 decenter
1353 1211 1410 1251 eis
1438 1210 1479 1250 in

21 1266 216 1306 humeros
244 1265 506 1320 propendet:
532 1267 722 1308 anterior
750 1282 871 1308 coma
901 1281 924 1307 e
952 1268 1096 1308 fronte
1124 1265 1404 1307 discriminata
1436 1267 1479 1306 in

22 1329 248 1377 utrumque
276 1322 381 1362 latus
411 1321 582 1363 deflexa.
642 1338 777 1378 neque
805 1338 923 1373 vero,
955 1321 1307 1378 quemadmodum
1335 1323 1482 1363 Turcis

20 1384 63 1419 et
87 1378 305 1430 barbaris,
335 1378 496 1432 impexa
541 1380 588 1419 iis
607 1413 619 1430 ‚
650 1385 693 1420 et
729 1379 931 1435 squallida
973 1379 1225 1434 sordidaque
1258 1385 1318 1419 est
1349 1394 1482 1430 coma,

19 1436 83 1475 vel
113 1434 437 1487 complicatione
463 1434 703 1477 indecenter
731 1437 903 1486 cirrata,
932 1434 1003 1476 sed
1028 1436 1241 1490 smigmata
1260 1435 1375 1475 varia
1405 1435 1482 1490 ipsi

19 1491 98 1532 sibi
127 1490 339 1542 adhibent,
360 1490 663 1547 diligenterque
682 1499 858 1540 curant3
887 1492 1013 1547 idque
1033 1493 1147 1532 velut
1167 1492 1323 1546 insigne
1342 1491 1481 1546 qnod..

19 1547 114 1588 dam
140 1547 372 1603 eximiaque
410 1546 582 1589 honoris
631 1549 926 1606 praerogativa
956 1547 1071 1603 regio
1101 1549 1242 1602 generi
1269 1548 1381 1603 apud
1410 1562 1479 1590 eos

19 1604 268 1645 tribuitur.’'

127 1670 240 1711 Ibid.
276 1669 338 1712 18.
411 1668 550 1711 ἐλθὼν
594 1670 642 1711 δὲ
674 1675 913 1724 χειροτονεῖ
946 1668 1020 1712 niv
1053 1674 1255 1722 Πιπῖνον]
1298 1672 1380 1712 hoc
1419 1678 1480 1712 est

20 1728 302 1825 :elgmemlprius
331 1727 566 1768 institutum
597 1729 726 1768 unxit.
784 1728 985 1769 Baronius
1014 1727 1069 1769 ad
1095 1745 1132 1770 a.
1161 1729 1200 1770 d.
1218 1728 1299 1770 751
1328 1734 1371 1769 et
1397 1725 1481 1770 754

131 1851 228 1900 690,
260 1851 297 1894 1.
354 1849 734 1904 προπολεμήσαντα
776 1847 878 1899 τούς
921 1852 1237 1904 περαιωθέντας
1267 1843 1480 1904 Ἀραβας]

20 1908 159 1949 Caroli
190 1907 371 1949 Martelli
402 1908 590 1948 facinora
623 1922 718 1948 cum
747 1907 885 1962 Pipini
916 1909 989 1948 filii
1022 1910 1144 1950 rebus
1172 1909 1411 1963 perturbat.

133 1981 241 2022 lbid.
266 1980 306 2020 5.
362 1977 511 2020 κτείνει
539 1980 617 2030 μὲν
645 1980 720 2020 καί
745 1976 812 2020 τὸν
849 1977 977 2021 αὐτὸν
1004 1977 1184 2035 ἔξαρχον
1210 1980 1284 2021 τοῦ
1315 1976 1481 2028 ἔθνους]

19 2036 243 2078 Abdirama
274 2036 325 2076 ad
361 2037 621 2091 Aquitaniam
651 2053 673 2077 a
702 2037 855 2077 Carolo
893 2038 1086 2079 Martello
1115 2052 1266 2079 caesus.
1322 2038 1357 2077 F
1360 2035 1480 2077 rede-

20 2095 159 2150 garius
187 2093 451 2134 scholasticus
481 2093 524 2132 in
553 2094 772 2134 chronico.

134 2166 242 2207 Ibid.
271 2165 311 2206 7.
379 2162 497 2219 παριὶ
539 2163 613 2206 τὸν
643 2164 891 2219 ιῙτῘριίῘιπνοιν]
930 2167 1236 2207 Saracenorum
1279 2164 1480 2205 exercitus

22 2222 129 2318 aliter
156 2223 209 2288 ab
230 2223 380 2263 eodem
410 2223 564 2263 Carolo
592 2222 645 2263 ad
657 2222 907 2264 Rhodanum
935 2222 1107 2272 deletus,
1139 2237 1187 2263 ex
1215 2222 1362 2263 eodem
1375 2221 1480 2262 Fre-

52 2294 209 2334 egarlo.

131 2352 239 2393 Ibid.
264 2350 325 2392 10.
382 2346 586 2398 λύσαντος
616 2347 747 2390 αὐτὸν
767 2351 841 2403 τῆς
858 2350 1098 2406 ἐπιορκίας]
1127 2350 1342 2404 Stephano
1376 2363 1480 2389 con-

0 2406 144 2458 cedit,
175 2408 290 2464 quod
319 2423 343 2448 a
370 2406 570 2447 Zacharia
599 2409 859 2466 praestitum.

133 2481 244 2533 Ihm,
276 2477 340 2524 14.
410 2477 815 2532 Καρουλλόμαγνον]
865 2481 906 2521 ni
938 2475 1246 2532 Καρλομάννον
1274 2483 1480 2532 reponat,

21 2536 219 2579 Carolnm
244 2552 441 2593 magnum
472 2551 566 2577 cum
597 2537 728 2578 fratre
757 2538 1037 2578 Carlomanno
1070 2534 1313 2577 confundet.

132 2609 229 2663 621,
264 2609 325 2650 19.
382 2609 428 2650 ἐν
457 2602 573 2665 αὐτῷ
602 2608 649 2649 δὲ
669 2609 730 2665 τῷ
756 2605 843 2650 ἔτει
872 2608 1101 2651 ἰνδικτιῶνι
1130 2604 1198 2661 θ’]
1228 2606 1323 2646 anni
1355 2620 1482 2660 prae-

22 2666 146 2707 sentis
179 2667 450 2708 indictionem
483 2666 683 2706 decimam
713 2665 1008 2706 numerandam
1028 2664 1283 2704 convincunt
1307 2676 1401 2703 cum
1428 2662 1483 2702 ad

22 2721 286 2777 imperatoris
317 2723 436 2763 huius
468 2738 624 2763 annum
646 2723 816 2764 tertium
850 2722 1160 2764 observationes
1188 2719 1362 2774 positae,
1391 2726 1485 2759 ‘turn

21 2777 111 2834 ipsa
138 2795 245 2835 quae
273 2781 326 2822 ad
355 2779 468 2822 hunc
498 2794 653 2820 annum
683 2779 810 2834 paulo
824 2779 997 2821 inferius
1027 2776 1206 2821 indictio,
1231 2782 1481 2817 recensetur.
