1768 3268
543 237 609 278 Ex
652 235 1001 278 THEOPHANE.
1072 209 1079 219 ’
1393 217 1500 301 ,129

30 356 120 390 tam
153 356 433 406 receperunt,
464 357 507 393 et
536 350 588 392 ad
614 351 793 406 propria
833 356 1091 393 remearunt.
1162 351 1399 394 errantibus
1423 349 1504 392 du-

33 407 222 452 ctoribus
251 413 293 448 et
319 408 361 448 in
392 409 592 464 inaquosa
622 407 900 448 incidentibus
929 406 1022 448 loca
1040 407 1357 462 periclitabatur
1386 422 1505 449 exer-

35 462 153 503 citus.
211 477 348 518 porro
389 479 485 505 cum
533 465 614 506 iter
648 470 820 519 agerent
860 470 1018 515 noctu,
1049 463 1220 520 veniunt
1261 466 1314 505 ad
1343 479 1507 506 amnem

39 520 242 560 Heliciam
271 520 456 561 dictum:
490 535 602 562 cumr
620 534 722 561 vero
752 519 867 561 dumi
899 526 1014 560 trans
1043 522 1199 560 fretum
1230 520 1410 561 fluminis
1440 535 1505 561 es-

35 582 139 626 sent,
170 577 342 618 barbari
372 578 413 617 in
440 576 502 618 his
535 577 768 618 absconditi
790 591 859 618 eos
891 577 964 632 qui
983 577 1236 618 hauriebant
1264 593 1412 633 aquam
1442 577 1507 617 ia·-

34 632 297 674 culabantur.
354 648 502 689 magna
537 634 668 689 igitur
705 632 893 675 molestia
923 633 1119 673 Romanis
1159 634 1307 675 effecta
1337 633 1507 683 militiis,

36 689 79 728 in
106 690 246 744 fugam
278 697 505 732 vertuntur
542 705 566 730 a
598 690 790 730 barbaris
829 689 1035 731 debellati.
1106 704 1251 730 verum
1275 691 1509 736 ,Mauricius

33 744 95 786 his
124 745 275 786 auditis
304 746 481 788 Petrum
509 753 712 801 praetura
738 746 948 801 privavit,
979 752 1022 789 et
1047 746 1239 788 Priscum
1267 752 1510 802 praetorem

36 801 224 843 Thracae
255 801 394 844 denuo
425 803 548 844 misit.

149 874 298 915 Mundi
330 884 441 916 anno
475 874 600 930 6090,
632 875 798 917 divinae
841 875 1142 916 incarnationis
1171 873 1267 927 590,
1296 876 1510 916 Romano-

38 945 133 970 rum
160 931 395 987 imperator
426 933 665 984 Mauricius,
701 947 772 973 rex
798 933 1023 973 Persarum
1056 932 1274 983 Chosroes,
1299 933 1510 972 Romanus
1567 976 1572 983 ι

38 988 294 1043 GregoriuS‚
324 989 813 1043 Constantinopolitanus
858 989 1078 1044 Cyriacus,
1107 989 1511 1043 Hierosolymitanus

37 1045 176 1096 Amos,
212 1046 512 1086 Alexandrinus
541 1046 738 1100 Eulogius
781 1051 824 1086 et
852 1046 1135 1086 Antiochenus
1168 1045 1397 1085 Anastasius
1432 1044 1510 1084 ha-

34 1099 439 1148 benturantistites.
499 1102 580 1142 hoc
610 1117 734 1154 anno,
765 1102 928 1157 imperii
958 1102 1154 1143 videlicet
1169 1101 1363 1142 Mauricii
1391 1106 1506 1142 sexto

38 1155 212 1210 decimo,
241 1158 407 1199 Priscus
441 1173 622 1212 egressus
652 1166 830 1213 praetor
858 1159 899 1198 in
918 1159 1124 1199 Thracem
1154 1158 1332 1198 virtutes
1362 1172 1511 1198 nume-

38 1214 156 1253 ravit
175 1214 392 1265 exercitus,
425 1221 467 1255 et
497 1215 656 1255 invenit
685 1214 802 1269 quod
831 1229 877 1255 ex
908 1215 963 1255 eis
993 1215 1121 1255 fuerit
1151 1213 1378 1254 multitudo
1410 1228 1510 1254 con-

38 1275 203 1323 sumpta
233 1285 316 1310 non
345 1285 488 1324 parva.
518 1270 580 1310 his
617 1276 756 1311 autem
782 1271 955 1325 sumptis
975 1272 1091 1312 venit
1112 1270 1514 1322 adssumen‚1strun1

40 1331 82 1366 et
112 1327 260 1367 Novas.
319 1341 404 1382 quo
436 1327 605 1382 cognito
626 1327 833 1383 chaganus
859 1327 1018 1384 legatos
1034 1327 1160 1376 misit,
1194 1341 1357 1367 causam
1388 1327 1516 1380 ipsius

38 1382 267 1422 sciscitatus
300 1381 512 1424 adventus.
541 1384 707 1424 Priscus
736 1390 874 1424 autem
895 1384 1126 1424 venationis
1152 1398 1194 1424 se
1219 1384 1375 1424 venisse
1391 1397 1512 1422 causa

37 1439 265 1479 fatebatur.
326 1445 388 1479 ast
416 1439 623 1494 chaganus
664 1443 778 1479 “non
808 1440 961 1481 iustum
999 1442 1084 1481 est''
1113 1440 1251 1495 inquit
1278 1441 1346 1479 “in
1377 1439 1514 1480 alieno

38 1494 135 1535 loco
163 1494 348 1535 venari.’'
405 1510 428 1536 e
456 1503 607 1537 contra
636 1496 952 1536 Priscusssuum
983 1496 1149 1537 dicebat
1179 1510 1261 1536 esse
1291 1496 1444 1546 locum,
1474 1500 1518 1535 et

39 1552 78 1592 ei
106 1552 245 1607 fugam
288 1565 336 1592 ex
368 1551 546 1594 Oriente
586 1553 908 1607 improperabat
937 1553 1078 1608 egisse.
1136 1553 1343 1593 barbarus
1374 1557 1514 1592 autem

39 1608 276 1662 Singidonis
307 1623 433 1649 muro
468 1608 682 1650 destructo
713 1608 766 1649 ad
793 1610 1085 1649 Romanorum
1114 1614 1274 1649 terram
1299 1609 1515 1663 profectus

39 1670 110 1706 est.
140 1679 225 1720 quo
241 1666 412 1720 cognito
429 1666 594 1706 Priscus
615 1666 731 1706 venit
752 1663 804 1705 ad
833 1665 1009 1706 insulam
1038 1665 1145 1716 Istri,
1177 1670 1220 1705 et
1244 1664 1516 1706 dromonibus
1530 1664 1646 1712 p-427

38 1722 211 1775 sumptis
239 1721 292 1761 ad
323 1721 555 1776 chaganum
584 1722 695 1777 apud
727 1722 1054 1762 Constantiolam
1091 1721 1220 1772 venit,
1249 1721 1390 1762 volens
1422 1736 1517 1761 cum

42 1792 91 1818 eo
125 1777 258 1833 loqui.
306 1793 488 1834 cumque
517 1779 724 1834 chaganus
755 1778 809 1819 ad
842 1792 964 1818 oram
990 1778 1173 1819 fluminis
1203 1778 1392 1828 venisset,
1422 1777 1517 1817 Pri-

39 1848 130 1874 scus
158 1834 288 1874 tristis
317 1838 350 1886 ⁴¹)
382 1850 477 1876 eum
504 1835 750 1891 alloquitur.
809 1835 1016 1889 chaganus
1045 1842 1186 1876 autem
1201 1835 1309 1875 dixit
1335 1834 1389 1874 ad
1419 1849 1516 1874 euin

41 1889 176 1946 “quid
209 1891 298 1943 tibi,
327 1891 484 1943 Prisce,
516 1906 565 1932 ac
594 1899 736 1933 terrae
764 1892 910 1932 meae?
940 1907 990 1932 ar
1025 1898 1068 1932 et
1093 1892 1201 1932 hanc
1229 1891 1289 1931 vis
1320 1890 1515 1945 accipere

40 1961 120 2001 per
149 1947 416 1988 mendacium
440 1963 487 1989 ex
517 1949 704 1989 manibus
735 1949 864 1989 meis?
920 1948 1079 1989 iudicet
1109 1948 1207 1988 deus
1238 1947 1349 1988 inter
1377 1962 1444 1987 me
1473 1952 1515 1987 et

41 2004 293 2043 Mauricium
333 2005 660 2059 imperatorem,
714 2005 989 2060 requiratque
1026 2004 1269 2059 sangumem
1310 2004 1514 2044 exercitus

39 2060 327 2100 Romanorum
362 2067 404 2101 et
433 2062 635 2102 exercitus
675 2062 756 2102 mei
794 2061 846 2102 de
876 2061 1065 2102 manibus
1106 2061 1235 2101 eius.''
1311 2075 1334 2101 e
1362 2066 1515 2101 contra

40 2116 205 2156 Priscus
233 2117 557 2171 “Singidonem''
587 2117 727 2174 inquit
753 2117 996 2158 “civitatem
1026 2116 1153 2158 redde
1173 2117 1408 2157 Romanis.''
1440 2116 1513 2170 qui

41 2173 101 2212 ait
127 2174 201 2212 “tu
242 2188 369 2213 unam
411 2173 621 2215 civitatem
669 2190 692 2215 a
732 2174 853 2215 nobis
894 2174 1060 2214 conaris
1102 2174 1318 2228 accipere:
1355 2172 1514 2213 videbis

39 2235 136 2284 post
166 2229 382 2283 paululum
410 2230 714 2286 quinquaginta
745 2231 931 2271 civitates
959 2232 1162 2270 Romanas
1192 2230 1394 2270 Avaribus
1424 2244 1515 2269 ser-

40 2286 175 2326 vitute
203 2285 427 2326 redactas.''
459 2287 625 2327 Priscus
647 2293 783 2328 autem
808 2287 980 2327 navibus
1001 2286 1216 2341 Singidoni
1243 2301 1324 2341 per
1353 2300 1514 2325 amnem

42 2342 240 2383 exhibitis
267 2342 377 2383 hanc
404 2342 682 2398 depopulatus
718 2349 790 2395 est,
823 2349 865 2384 et
891 2358 938 2384 ex
973 2358 1019 2384 ea
1049 2344 1251 2399 Vulgares
1280 2341 1457 2396 pepulit.

153 2415 341 2470 Septimo
373 2414 534 2456 decimo
563 2415 729 2470 imperii
762 2416 957 2457 Mauricii
987 2431 1096 2457 anno
1129 2414 1382 2456 coacervatis
1412 2412 1512 2453 cha-
1527 2427 1561 2463 p.
1582 2414 1654 2451 428
1677 2415 1701 2450 3

42 2486 171 2526 ganus
198 2472 486 2526 potentatibus
525 2473 604 2511 suis
647 2473 688 2511 in
719 2473 970 2513 Dalmatiam
999 2479 1219 2527 properat,
1251 2477 1291 2511 et
1319 2485 1413 2510 cum
1439 2484 1515 2510 ve-

45 2529 186 2568 nissset
199 2529 376 2578 Baleam‚
405 2527 680 2583 quadraginta
713 2544 885 2584 quoque
912 2530 1111 2580 civitates,
1143 2543 1248 2583 quae
1279 2527 1392 2566 circa
1424 2541 1515 2566 cam

44 2590 151 2635 sunt,
181 2599 320 2624 omnes
350 2585 626 2639 depopulatus
657 2591 727 2625 est.
771 2586 922 2641 quibus
942 2586 1107 2626 Priscus
1137 2583 1282 2639 agnitis
1314 2582 1514 2623 Gudohin

46 2639 97 2680 ad
127 2641 460 2694 explorationem
502 2655 590 2681 rem
630 2641 794 2683 direxit.
854 2643 927 2698 qui
958 2643 997 2682 in
1028 2641 1132 2681 valle
1166 2639 1403 2679 occultatur
1434 2653 1515 2693 pu-

43 2696 145 2746 silla,
173 2703 217 2738 et
246 2697 430 2737 diluculo
464 2697 503 2736 in
536 2697 660 2737 dorsa
690 2698 1038 2740 eorumeffectus
1070 2697 1167 2736 ilico
1186 2701 1358 2736 cunctos
1389 2709 1518 2749 pere-

44 2753 134 2804 mit,
164 2760 206 2794 et
236 2761 451 2807 acceptam
481 2754 682 2807 praedam
714 2754 831 2796 duxit
860 2754 912 2797 ad
944 2755 1144 2797 Priscum.
1203 2766 1339 2808 porro
1363 2751 1517 2807 chaga-

94 2871 127 2918 *)
152 2869 286 2918 tristis]
317 2883 334 2905 e
362 2880 454 2906 rate.
507 2871 610 2907 Fun.

184 2934 423 2982 Theophanes
457 2937 501 2971 11.
656 2979 658 2982 v
1248 2932 1271 2966 9
