1728 3184
146 246 148 248 .
178 183 275 234 344
669 195 725 236 m
777 193 1152 236 THEOPHANEM

288 303 356 357 69,
377 305 440 350 17.
498 305 772 350 Maxsdom'ov
801 308 944 349 τοίνυν
972 304 1246 360 τυραννικῶς]
1279 305 1469 346 instituto
1501 318 1648 347 recens.

177 364 218 403 in
247 363 463 404 Caesarem
492 364 672 416 Iuliano,
704 373 800 406 ante
834 364 1065 406 Constantii
1098 379 1120 404 e
1152 362 1277 403 Gallis
1309 361 1488 402 reditum
1517 363 1644 416 stragi

174 419 243 460 hie
271 426 489 461 enarmtae
529 435 692 462 causam
731 420 888 462 dedisse
917 420 1209 461 Macedonium
1254 435 1275 458 a
1321 418 1449 460 dubio
1489 420 1643 472 procul

173 476 352 516 alienum
385 482 445 516 est
470 478 690 518 Socratem
721 478 950 532 legentibus
980 479 1050 518 lib.
1072 478 1097 517 2
1118 491 1216 530 cap.
1250 474 1305 516 30
1337 475 1388 515 ad
1417 484 1645 516 extremam

171 532 349 577 calcem·
380 540 531 574 auctor
565 534 797 575 chronicon
830 534 1150 575 Alexandrinum
1178 539 1377 587 sequutus
1408 531 1460 571 ad
1489 546 1644 585 annum

172 589 405 629 Constantii
438 588 490 630 23
520 605 610 633 eam
645 597 849 632 removet.
908 590 969 630 his
999 590 1147 630 confex
1173 604 1295 644 pagg.
1325 587 1380 629 35
1409 586 1463 629 36
1493 594 1535 628 et
1562 587 1644 638 37,

172 652 215 685 et
244 660 344 684 num
378 646 654 702 Theophanes
685 647 762 688 sibi
791 647 1029 698 nobam-‚eat
1064 646 1262 700 expende.

280 717 346 769 70,
377 717 416 759 3.
488 718 536 760 τὸ
581 719 738 775 φρέαρ]
781 720 965 760 fontibus
1006 719 1072 760 vel
1108 719 1243 773 puteis
1284 732 1331 757 ex
1378 716 1645 757 ecclesiarum

170 780 400 828 conspectu
435 776 578 830 positis
609 777 770 831 antiqui
799 776 949 817 Graeci
980 775 1241 830 gaudebant.
1274 775 1403 829 iisque
1432 772 1644 817 elucidan-

169 829 230 869 dis
259 830 423 873 insudat
451 832 771 887 euchologium,
803 833 873 873 ubi
905 832 955 873 de
986 848 1099 897 aqua
1124 833 1166 872 in
1201 830 1484 885 Theophaniis
1512 830 1643 871 bene-

170 886 362 927 dicenda.
423 888 533 928 haud
564 890 677 942 putei
705 895 859 937 tamen,
893 889 963 929 sed
993 888 1121 935 στοᾶς
1150 888 1340 942 porticus
1368 887 1503 926 aulam
1535 886 1646 927 intel

170 943 367 1038 eclclesiae
402 952 443 986 et
470 946 652 1000 plateam
679 946 842 986 mediae
860 945 1117 986 mentionem
1145 944 1271 985 habet
1287 945 1483 984 Socrates
1511 958 1647 998 nuper

173 1000 211 1039 al
230 1006 333 1042 atus.

284 1073 391 1116 [bid.
410 1073 449 1113 8.
507 1073 682 1126 Πέρσαι
698 1069 947 1127 Βεδζαηχδί
959 1069 1234 1126 καλουμενον]
1253 1072 1498 1123 Bezabdem,
1519 1087 1643 1127 quam

168 1127 424 1169 Phoenicam
442 1144 613 1185 quoque
637 1130 920 1184 appellarunt,
950 1143 1060 1170 anno
1081 1130 1314 1169 Constantii
1329 1130 1395 1180 24,
1419 1130 1511 1184 ipso
1532 1130 1645 1168 Con-

167 1185 322 1226 stantio
348 1185 571 1237 decimum,
593 1186 751 1226 luliano
783 1186 956 1227 tertium
987 1190 1092 1226 coss.
1126 1193 1305 1239 captam,
1336 1200 1420 1241 quo
1452 1191 1648 1239 tempore

166 1255 340 1296 quoque
367 1244 548 1283 Iulianus
580 1242 621 1282 in
654 1242 795 1283 Galliis
837 1242 1071 1297 imperator
1115 1242 1311 1284 salutatus
1341 1249 1414 1294 est,
1448 1243 1646 1283 testatum

167 1298 341 1353 reliquit
373 1299 642 1340 Marcellinus
670 1300 741 1341 lib.
773 1298 827 1340 20
858 1301 934 1339 sub
968 1299 1151 1339 initium.

278 1371 594 1423 Ibid‚11.5v
622 1372 855 1429 Ἀντιοχεία
885 1369 1066 1437 διάγων]
1099 1372 1222 1412 variis
1254 1371 1434 1412 eiusdem
1469 1371 1646 1427 paginae

166 1429 400 1471 Marcellini
433 1428 570 1470 verbis
599 1429 671 1469 lib.
703 1429 751 1469 21
781 1430 834 1470 ad
860 1428 1038 1469 invicem
1067 1429 1249 1469 consutis
1291 1430 1512 1469 firmantur
1542 1429 1646 1468 haec

172 1504 194 1527 a
223 1485 481 1540 Theophane
509 1485 677 1539 sclipta.
736 1487 936 1539 ingressus
977 1485 1239 1526 Antioclnam
1270 1487 1542 1536 Constantius,
1572 1494 1647 1525 etc.

171 1554 359 1583 autumno
387 1543 474 1581 iam
515 1551 749 1592 senescente,
779 1552 849 1582 etc.
882 1543 995 1582 venit
1029 1543 1218 1593 Tarsum,
1249 1548 1328 1582 etc.
1354 1543 1547 1597 petiitque
1569 1554 1650 1595 per

171 1615 267 1639 mas
296 1596 485 1651 difflczles
514 1598 826 1654 Mopsuecrenas
859 1598 1055 1649 Ciliciae,
1085 1599 1264 1638 ultimam
1295 1601 1370 1639 huc
1392 1598 1648 1653 pergentibus

169 1657 396 1704 stationem,
425 1655 496 1693 sub
513 1655 649 1694 Tauri
676 1657 820 1695 montis
850 1655 1060 1695 radicibus
1082 1656 1260 1710 positam
1278 1665 1356 1696 etc.
1385 1655 1531 1711 diuque
1560 1668 1649 1694 cum

170 1725 314 1752 amma
345 1711 580 1751 colluctatus
609 1712 719 1752 abiit
745 1726 766 1750 e
805 1712 909 1751 vzta.

282 1783 394 1826 Ihid.
424 1782 487 1826 13.
545 1783 590 1824 ἐν
635 1779 781 1839 πρώτῃ
829 1783 939 1839 μονῇ
980 1781 1062 1824 οἷπό
1114 1783 1287 1837 Ταρσοῦ
1325 1783 1399 1837 τῆς
1429 1783 1652 1836 Κιλικίας]

172 1855 279 1896 quae
309 1841 446 1894 prima
475 1841 607 1880 Tarso
624 1871 636 1891 ,
666 1840 1007 1881 descendentibus
1025 1872 1036 1891 ,
1068 1842 1247 1881 ultimam
1280 1840 1377 1879 illuc
1399 1840 1651 1895 pergentibus

169 1898 376 1937 stationem
405 1896 590 1950 designat
621 1897 896 1938 Marcel-linus.
956 1911 1002 1937 ex
1030 1897 1108 1937 isto
1140 1896 1409 1950 Theophanis
1439 1902 1555 1936 textu
1588 1897 1651 1935 in-

171 1960 291 2008 tegro
326 1953 495 1992 vitiosus
540 1953 731 1992 chronici
773 1952 1066 2003 Alexandrini,
1099 1954 1139 1993 in
1188 1968 1271 2008 quo
1305 1953 1406 1992 haec
1440 1952 1652 2006 leguntur,

170 1986 239 2051 eto
243 2011 494 2063 corruptior
521 2009 915 2074 eius‚qu1pravam
944 2010 985 2049 in
1008 2010 1196 2064 margine
1226 2009 1538 2074 correctionem
1573 2023 1654 2074 ap·-

169 2066 324 2120 posuit,
337 2066 649 2136 interpolatur.
678 2062 828 2117 ὲλθων,
858 2066 1025 2117 scribit,
1059 2065 1119 2113 εἰς
1149 2066 1314 2117 Moesos>
1344 2062 1504 2118 κρήνας
1535 2061 1652 2117 προό-

169 2137 294 2174 σιμον
326 2115 355 2175 ἧ
382 2118 466 2161 cino*
513 2122 684 2173 Ταρσοῦ
728 2119 936 2169 Κιλικίας
994 2123 1099 2163 locus
1126 2123 1313 2172 vitiosus,
1345 2121 1461 2162 addit
1490 2121 1649 2175 margi-

171 2178 271 2218 natis
303 2178 523 2218 adnotatio
570 2180 743 2218 fortasse
786 2174 1004 2243 ”95384‘06
1046 2179 1202 2231 κρίνας.
1262 2179 1319 2217 ita
1362 2178 1512 2217 vitium
1544 2178 1649 2217 vitio

170 2234 384 2275 truditur:
426 2242 599 2275 sanatur
638 2241 894 2303 unumque
909 2236 942 2275 si
973 2235 1211 2289 appositum
1242 2235 1390 2275 fuelit:
1420 2229 1559 2275 §wan
1588 2233 1649 2282 εἰς

172 2292 343 2344 Μοψοῦ
371 2288 528 2345 κρήνας
555 2306 699 2347 πρωτῃ
729 2291 836 2346 μονῇ
866 2288 950 2331 ἀπὸ
986 2290 1174 2343 Ταρσοῦ.

281 2364 393 2405 Ibid.
461 2359 727 2430 ἐτελεύτησεν
755 2365 859 2416 μηνί
896 2364 987 2432 Δίῳ
1017 2361 1091 2432 y]
1125 2365 1358 2404 chronicon
1402 2361 1648 2404 Alexandri-

169 2435 281 2460 num.
355 2417 628 2485 μεταλλάττει
668 2416 736 2460 τὸν
774 2420 867 2471 βίον
907 2418 930 2460 ὁ
974 2418 1101 2468 αυτὸς
1136 2418 1435 2467 Κωισταντιος
1462 2414 1646 2473 Avyov-

167 2490 266 2523 στος
295 2475 399 2529 μηνί
428 2477 517 2532 Alco
545 2471 593 2529 γ’.
647 2477 677 2517 is
708 2477 901 2517 October
929 2485 1010 2518 est:
1044 2492 1175 2534 thxe
1207 2477 1488 2518 Marcellinus.
1546 2477 1649 2517 abiit

165 2548 187 2571 e
215 2534 304 2573 vita
339 2533 809 2573 lIl.non.Octob1-zum.

278 2599 390 2641 Ihzd.
426 2598 487 2643 14.
516 2597 650 2641 πολλὰ
672 2599 747 2653 τῆς
767 2598 917 2648 οἷνοιας
946 2600 1080 2641 αὐτοῦ
1098 2601 1350 2653 καταγνούς]
1371 2599 1650 2640 Marcellinus.

168 2656 356 2695 ultimum
387 2657 552 2712 spirans
580 2658 757 2717 deflebat
782 2659 983 2698 exitium:
1024 2660 1245 2713 mentisque
1275 2673 1387 2698 sensu
1415 2659 1536 2698 etiam
1565 2665 1648 2696 tum

166 2712 332 2764 integro.

279 2779 387 2819 lbid.
410 2779 474 2821 15.
531 2775 770 2836 ἐβαπτίσθη
798 2779 845 2820 δὲ
862 2776 954 2822 τότε
973 2779 1033 2829 εἰς
1062 2779 1336 2836 Ἀντιόχειαν]
1366 2779 1490 2823 aliter
1520 2778 1651 2821 chro-
