<?xml version="1.0" encoding="UTF-8"?>
<!DOCTYPE html PUBLIC "-//W3C//DTD XHTML 1.0 Transitional//EN"
    "http://www.w3.org/TR/xhtml1/DTD/xhtml1-transitional.dtd">
<html xmlns="http://www.w3.org/1999/xhtml" xml:lang="en" lang="en">
 <head>
  <title>
</title>
<meta http-equiv="Content-Type" content="text/html;charset=utf-8" />
  <meta name='ocr-system' content='tesseract 3.04.00' />
  <meta name='ocr-capabilities' content='ocr_page ocr_carea ocr_par ocr_line ocrx_word'/>
</head>
<body>
  <div class='ocr_page' id='page_1' title='image "./corpusscriptorum47niebuoft_0388.png"; bbox 0 0 1728 3184; ppageno 0'>
   <div class='ocr_carea' id='block_1_1' title="bbox 225 189 1224 236">
    <p class='ocr_par' dir='ltr' id='par_1_1' title="bbox 225 189 1224 236">
     <span class='ocr_line' id='line_1_1' title="bbox 225 189 1224 236; baseline 0.001 -2"><span class='ocrx_word' id='word_1_1' title='bbox 225 189 322 234; x_wconf 85' lang='lat'>378</span> <span class='ocrx_word' id='word_1_2' title='bbox 751 194 807 236; x_wconf 86' lang='lat' dir='ltr'>IN</span> <span class='ocrx_word' id='word_1_3' title='bbox 852 193 1224 235; x_wconf 80' lang='lat' dir='ltr'>THEOPHANEM</span> 
     </span>
    </p>
   </div>
   <div class='ocr_carea' id='block_1_2' title="bbox 218 288 1687 520">
    <p class='ocr_par' dir='ltr' id='par_1_2' title="bbox 218 288 1687 520">
     <span class='ocr_line' id='line_1_2' title="bbox 221 288 1687 360; baseline 0.003 -25"><span class='ocrx_word' id='word_1_4' title='bbox 221 288 324 360; x_wconf 73' lang='grc' dir='ltr'>ἤδη</span> <span class='ocrx_word' id='word_1_5' title='bbox 332 293 543 347; x_wconf 78' lang='grc' dir='ltr'><strong><em>τέσσαρας</em></strong></span> <span class='ocrx_word' id='word_1_6' title='bbox 581 290 834 345; x_wconf 74' lang='grc' dir='ltr'><strong><em>ἐπισκόπους</em></strong></span> <span class='ocrx_word' id='word_1_7' title='bbox 875 311 1182 352; x_wconf 74' lang='grc' dir='ltr'><strong><em>φονευσαντες’</em></strong></span> <span class='ocrx_word' id='word_1_8' title='bbox 1240 310 1309 337; x_wconf 83' lang='grc' dir='ltr'>και</span> <span class='ocrx_word' id='word_1_9' title='bbox 1340 295 1408 338; x_wconf 75' lang='grc' dir='ltr'>ἵνα</span> <span class='ocrx_word' id='word_1_10' title='bbox 1439 311 1508 338; x_wconf 83' lang='grc' dir='ltr'>και</span> <span class='ocrx_word' id='word_1_11' title='bbox 1539 297 1687 351; x_wconf 76' lang='grc' dir='ltr'><strong><em>Κῦρον</em></strong></span> 
     </span>
     <span class='ocr_line' id='line_1_3' title="bbox 222 346 1685 411; baseline 0.003 -21"><span class='ocrx_word' id='word_1_12' title='bbox 222 346 355 391; x_wconf 80' lang='grc' dir='ltr'><strong><em>αυτὸν</em></strong></span> <span class='ocrx_word' id='word_1_13' title='bbox 386 349 936 405; x_wconf 61' lang='grc' dir='ltr'><strong><em>ανὲιωσιν.81ηγ1·ηιή.ςε.ς</em></strong></span> <span class='ocrx_word' id='word_1_14' title='bbox 982 356 1088 393; x_wconf 83' lang='lat' dir='ltr'>enim</span> <span class='ocrx_word' id='word_1_15' title='bbox 1126 368 1215 394; x_wconf 75' lang='lat' dir='ltr'>lam</span> <span class='ocrx_word' id='word_1_16' title='bbox 1256 363 1445 409; x_wconf 75' lang='lat' dir='ltr'>quattuor</span> <span class='ocrx_word' id='word_1_17' title='bbox 1479 355 1685 411; x_wconf 77' lang='lat' dir='ltr'>episcopos</span> 
     </span>
     <span class='ocr_line' id='line_1_4' title="bbox 219 407 1687 520; baseline 0.004 -74"><span class='ocrx_word' id='word_1_18' title='bbox 219 407 531 520; x_wconf 36' lang='lat' dir='ltr'>inssrseceranc:</span> <span class='ocrx_word' id='word_1_19' title='bbox 570 409 811 466; x_wconf 64' lang='lat' dir='ltr'>volebatque</span> <span class='ocrx_word' id='word_1_20' title='bbox 849 411 949 466; x_wconf 84' lang='lat' dir='ltr'>imp</span> <span class='ocrx_word' id='word_1_21' title='bbox 982 411 1131 462; x_wconf 79' lang='lat' dir='ltr'>Cyrum</span> <span class='ocrx_word' id='word_1_22' title='bbox 1163 412 1385 450; x_wconf 78' lang='lat' dir='ltr'><em>etiamnum</em></span> <span class='ocrx_word' id='word_1_23' title='bbox 1412 411 1463 450; x_wconf 84' lang='lat' dir='ltr'>ab</span> <span class='ocrx_word' id='word_1_24' title='bbox 1493 412 1593 466; x_wconf 78' lang='lat' dir='ltr'>ipsis</span> <span class='ocrx_word' id='word_1_25' title='bbox 1618 412 1687 452; x_wconf 85' lang='lat' dir='ltr'>in-</span> 
     </span>
     <span class='ocr_line' id='line_1_5' title="bbox 218 472 342 504; baseline 0.008 -1"><span class='ocrx_word' id='word_1_26' title='bbox 218 472 279 504; x_wconf 82' lang='lat' dir='ltr'>ter</span> <span class='ocrx_word' id='word_1_27' title='bbox 307 479 342 504; x_wconf 77' lang='lat' dir='ltr'>cz</span> 
     </span>
    </p>
   </div>
   <div class='ocr_carea' id='block_1_3' title="bbox 218 545 1686 719">
    <p class='ocr_par' dir='ltr' id='par_1_3' title="bbox 218 545 1686 719">
     <span class='ocr_line' id='line_1_6' title="bbox 335 545 1685 616; baseline 0.002 -26"><span class='ocrx_word' id='word_1_28' title='bbox 335 545 526 602; x_wconf 77' lang='lat'>149,10.</span> <span class='ocrx_word' id='word_1_29' title='bbox 581 550 658 592; x_wconf 85' lang='grc' dir='ltr'>τοῦ</span> <span class='ocrx_word' id='word_1_30' title='bbox 687 550 734 591; x_wconf 80' lang='grc' dir='ltr'>δὲ</span> <span class='ocrx_word' id='word_1_31' title='bbox 762 546 1021 598; x_wconf 76' lang='grc' dir='ltr'><strong><em>εισελθόντος</em></strong></span> <span class='ocrx_word' id='word_1_32' title='bbox 1041 564 1101 596; x_wconf 87' lang='grc' dir='ltr'><strong><em>εις</em></strong></span> <span class='ocrx_word' id='word_1_33' title='bbox 1129 547 1207 604; x_wconf 76' lang='grc' dir='ltr'>τήν</span> <span class='ocrx_word' id='word_1_34' title='bbox 1233 550 1472 616; x_wconf 78' lang='grc' dir='ltr'><strong><em>ἐκκλησίαν]</em></strong></span> <span class='ocrx_word' id='word_1_35' title='bbox 1505 551 1593 607; x_wconf 88' lang='lat' dir='ltr'>ipso</span> <span class='ocrx_word' id='word_1_36' title='bbox 1623 553 1685 593; x_wconf 89' lang='lat' dir='ltr'>sui</span> 
     </span>
     <span class='ocr_line' id='line_1_7' title="bbox 219 604 1686 662; baseline 0.003 -18"><span class='ocrx_word' id='word_1_37' title='bbox 219 604 421 647; x_wconf 84' lang='lat' dir='ltr'>adventus</span> <span class='ocrx_word' id='word_1_38' title='bbox 455 607 534 662; x_wconf 79' lang='lat' dir='ltr'>die,</span> <span class='ocrx_word' id='word_1_39' title='bbox 567 606 639 662; x_wconf 89' lang='lat' dir='ltr'>qui</span> <span class='ocrx_word' id='word_1_40' title='bbox 672 607 825 649; x_wconf 74' lang='lat' dir='ltr'>eluisti</span> <span class='ocrx_word' id='word_1_41' title='bbox 853 607 976 647; x_wconf 81' lang='lat' dir='ltr'>natali</span> <span class='ocrx_word' id='word_1_42' title='bbox 1011 607 1158 648; x_wconf 79' lang='lat' dir='ltr'>extitit.</span> <span class='ocrx_word' id='word_1_43' title='bbox 1191 604 1271 659; x_wconf 84' lang='grc' dir='ltr'>πρὸ</span> <span class='ocrx_word' id='word_1_44' title='bbox 1305 622 1390 648; x_wconf 87' lang='grc' dir='ltr'>των</span> <span class='ocrx_word' id='word_1_45' title='bbox 1422 606 1553 661; x_wconf 74' lang='grc' dir='ltr'><strong><em>ἁγίων</em></strong></span> <span class='ocrx_word' id='word_1_46' title='bbox 1582 610 1686 650; x_wconf 74' lang='grc' dir='ltr'><strong><em>θεο-</em></strong></span> 
     </span>
     <span class='ocr_line' id='line_1_8' title="bbox 218 660 1436 719; baseline 0.001 -16"><span class='ocrx_word' id='word_1_47' title='bbox 218 660 385 717; x_wconf 79' lang='grc' dir='ltr'><strong><em>φιινίων</em></strong></span> <span class='ocrx_word' id='word_1_48' title='bbox 411 671 646 719; x_wconf 74' lang='lat' dir='ltr'>posueiunt</span> <span class='ocrx_word' id='word_1_49' title='bbox 675 665 813 705; x_wconf 81' lang='lat' dir='ltr'>variae</span> <span class='ocrx_word' id='word_1_50' title='bbox 845 665 1042 705; x_wconf 79' lang='lat' dir='ltr'>lectiones</span> <span class='ocrx_word' id='word_1_51' title='bbox 1072 664 1113 704; x_wconf 89' lang='lat' dir='ltr'>in</span> <span class='ocrx_word' id='word_1_52' title='bbox 1143 664 1254 704; x_wconf 84' lang='lat' dir='ltr'>hunc</span> <span class='ocrx_word' id='word_1_53' title='bbox 1284 665 1436 705; x_wconf 84' lang='lat' dir='ltr'>locum,</span> 
     </span>
    </p>
   </div>
   <div class='ocr_carea' id='block_1_4' title="bbox 216 736 1688 914">
    <p class='ocr_par' dir='ltr' id='par_1_4' title="bbox 216 736 1688 914">
     <span class='ocr_line' id='line_1_9' title="bbox 330 736 1688 796; baseline -0.001 -11"><span class='ocrx_word' id='word_1_54' title='bbox 330 743 439 785; x_wconf 79' lang='lat' dir='ltr'>Ibid.</span> <span class='ocrx_word' id='word_1_55' title='bbox 473 742 538 784; x_wconf 90' lang='lat'>14.</span> <span class='ocrx_word' id='word_1_56' title='bbox 594 739 615 784; x_wconf 81' lang='grc' dir='ltr'>ὅ</span> <span class='ocrx_word' id='word_1_57' title='bbox 642 743 715 784; x_wconf 84' lang='grc' dir='ltr'>τοῦ</span> <span class='ocrx_word' id='word_1_58' title='bbox 741 742 846 783; x_wconf 75' lang='grc' dir='ltr'><strong><em>θεοῦ</em></strong></span> <span class='ocrx_word' id='word_1_59' title='bbox 875 739 1011 796; x_wconf 81' lang='grc' dir='ltr'><strong><em>λόγος]</em></strong></span> <span class='ocrx_word' id='word_1_60' title='bbox 1043 743 1191 787; x_wconf 84' lang='lat' dir='ltr'>chron.</span> <span class='ocrx_word' id='word_1_61' title='bbox 1219 741 1338 795; x_wconf 79' lang='grc' dir='ltr'><strong><em>λόγος</em></strong></span> <span class='ocrx_word' id='word_1_62' title='bbox 1367 738 1448 795; x_wconf 57' lang='grc' dir='ltr'>ρᾴρ</span> <span class='ocrx_word' id='word_1_63' title='bbox 1488 736 1553 796; x_wconf 76' lang='grc' dir='ltr'>ἦν.</span> <span class='ocrx_word' id='word_1_64' title='bbox 1587 758 1688 783; x_wconf 89' lang='lat' dir='ltr'>num</span> 
     </span>
     <span class='ocr_line' id='line_1_10' title="bbox 218 799 1683 857; baseline -0.001 -16.964"><span class='ocrx_word' id='word_1_65' title='bbox 218 813 367 840; x_wconf 90' lang='lat' dir='ltr'>eorum</span> <span class='ocrx_word' id='word_1_66' title='bbox 393 801 544 856; x_wconf 82' lang='lat' dir='ltr'>pravit·</span> <span class='ocrx_word' id='word_1_67' title='bbox 546 807 616 852; x_wconf 69' lang='lat' dir='ltr'>ite,</span> <span class='ocrx_word' id='word_1_68' title='bbox 649 816 752 857; x_wconf 88' lang='lat' dir='ltr'>quos</span> <span class='ocrx_word' id='word_1_69' title='bbox 775 800 1093 856; x_wconf 77' lang='lat' dir='ltr'>Chrysostomus</span> <span class='ocrx_word' id='word_1_70' title='bbox 1116 801 1238 843; x_wconf 83' lang='lat' dir='ltr'>Hom.</span> <span class='ocrx_word' id='word_1_71' title='bbox 1258 799 1283 840; x_wconf 83' lang='lat'><strong>3</strong></span> <span class='ocrx_word' id='word_1_72' title='bbox 1313 801 1354 840; x_wconf 88' lang='lat' dir='ltr'>in</span> <span class='ocrx_word' id='word_1_73' title='bbox 1386 801 1500 840; x_wconf 85' lang='lat' dir='ltr'>loan.</span> <span class='ocrx_word' id='word_1_74' title='bbox 1533 801 1683 855; x_wconf 79' lang='lat' dir='ltr'>carpit,</span> 
     </span>
     <span class='ocr_line' id='line_1_11' title="bbox 216 857 1024 914; baseline -0.001 -17"><span class='ocrx_word' id='word_1_75' title='bbox 216 857 392 898; x_wconf 85' lang='lat' dir='ltr'>infectus</span> <span class='ocrx_word' id='word_1_76' title='bbox 421 857 550 898; x_wconf 80' lang='lat' dir='ltr'>fuerit</span> <span class='ocrx_word' id='word_1_77' title='bbox 581 858 724 914; x_wconf 74' lang='lat' dir='ltr'>Cyru5‚</span> <span class='ocrx_word' id='word_1_78' title='bbox 755 857 910 897; x_wconf 82' lang='lat' dir='ltr'>anxius</span> <span class='ocrx_word' id='word_1_79' title='bbox 922 871 1024 896; x_wconf 89' lang='lat' dir='ltr'>sum.</span> 
     </span>
    </p>
   </div>
   <div class='ocr_carea' id='block_1_5' title="bbox 214 930 1683 1047">
    <p class='ocr_par' dir='ltr' id='par_1_5' title="bbox 214 930 1683 1047">
     <span class='ocr_line' id='line_1_12' title="bbox 326 930 1683 1004; baseline -0.003 -27"><span class='ocrx_word' id='word_1_80' title='bbox 326 936 441 980; x_wconf 81' lang='lat' dir='ltr'>Ibid.</span> <span class='ocrx_word' id='word_1_81' title='bbox 475 935 538 980; x_wconf 86' lang='lat'>15.</span> <span class='ocrx_word' id='word_1_82' title='bbox 597 933 670 977; x_wconf 84' lang='grc' dir='ltr'><strong><em>καί</em></strong></span> <span class='ocrx_word' id='word_1_83' title='bbox 695 930 978 1004; x_wconf 36' lang='lat' dir='ltr'>§neo-‘utinqosv</span> <span class='ocrx_word' id='word_1_84' title='bbox 1007 932 1210 988; x_wconf 79' lang='grc' dir='ltr'><strong><em>ευσεβῶς]</em></strong></span> <span class='ocrx_word' id='word_1_85' title='bbox 1244 934 1390 977; x_wconf 87' lang='lat' dir='ltr'>chron.</span> <span class='ocrx_word' id='word_1_86' title='bbox 1420 949 1490 975; x_wconf 89' lang='grc' dir='ltr'>και</span> <span class='ocrx_word' id='word_1_87' title='bbox 1520 932 1683 986; x_wconf 77' lang='grc' dir='ltr'><em>ἔμεινεν</em></span> 
     </span>
     <span class='ocr_line' id='line_1_13' title="bbox 214 988 1680 1047; baseline 0 -15"><span class='ocrx_word' id='word_1_88' title='bbox 214 991 307 1032; x_wconf 81' lang='grc' dir='ltr'><strong><em>ἐκεῖ</em></strong></span> <span class='ocrx_word' id='word_1_89' title='bbox 328 991 408 1040; x_wconf 80' lang='grc' dir='ltr'>ἓως</span> <span class='ocrx_word' id='word_1_90' title='bbox 446 988 635 1033; x_wconf 76' lang='grc' dir='ltr'><strong><em>θανάτου</em></strong></span> <span class='ocrx_word' id='word_1_91' title='bbox 675 991 993 1034; x_wconf 65' lang='lat' dir='ltr'>02251017.vide</span> <span class='ocrx_word' id='word_1_92' title='bbox 1031 991 1204 1032; x_wconf 80' lang='lat' dir='ltr'>Suidam</span> <span class='ocrx_word' id='word_1_93' title='bbox 1244 1006 1380 1047; x_wconf 86' lang='lat' dir='ltr'>nuper</span> <span class='ocrx_word' id='word_1_94' title='bbox 1418 993 1599 1033; x_wconf 82' lang='lat' dir='ltr'>relatum</span> <span class='ocrx_word' id='word_1_95' title='bbox 1630 991 1680 1033; x_wconf 86' lang='lat' dir='ltr'>de</span> 
     </span>
    </p>
   </div>
   <div class='ocr_carea' id='block_1_6' title="bbox 214 1048 493 1104">
    <p class='ocr_par' dir='ltr' id='par_1_6' title="bbox 214 1048 493 1104">
     <span class='ocr_line' id='line_1_14' title="bbox 214 1048 493 1104; baseline 0.004 -16"><span class='ocrx_word' id='word_1_96' title='bbox 214 1048 314 1104; x_wconf 82' lang='lat' dir='ltr'>Cyri</span> <span class='ocrx_word' id='word_1_97' title='bbox 342 1054 493 1090; x_wconf 82' lang='lat' dir='ltr'>morte.</span> 
     </span>
    </p>
   </div>
   <div class='ocr_carea' id='block_1_7' title="bbox 203 1128 1681 1765">
    <p class='ocr_par' dir='ltr' id='par_1_7' title="bbox 203 1128 1681 1414">
     <span class='ocr_line' id='line_1_15' title="bbox 322 1128 1681 1186; baseline -0.004 -10"><span class='ocrx_word' id='word_1_98' title='bbox 322 1133 435 1176; x_wconf 80' lang='lat' dir='ltr'>Ibid.</span> <span class='ocrx_word' id='word_1_99' title='bbox 468 1132 531 1173; x_wconf 87' lang='lat'>17.</span> <span class='ocrx_word' id='word_1_100' title='bbox 588 1128 871 1186; x_wconf 77' lang='grc' dir='ltr'><strong><em>ἐτυράννησεν</em></strong></span> <span class='ocrx_word' id='word_1_101' title='bbox 896 1128 1092 1186; x_wconf 79' lang='grc' dir='ltr'><strong><em>Ἰωάννης</em></strong></span> <span class='ocrx_word' id='word_1_102' title='bbox 1110 1128 1265 1185; x_wconf 76' lang='grc' dir='ltr'><strong><em>ἕτερος]</em></strong></span> <span class='ocrx_word' id='word_1_103' title='bbox 1297 1131 1349 1173; x_wconf 90' lang='lat' dir='ltr'>de</span> <span class='ocrx_word' id='word_1_104' title='bbox 1377 1134 1532 1173; x_wconf 84' lang='lat' dir='ltr'>Ioanne</span> <span class='ocrx_word' id='word_1_105' title='bbox 1560 1131 1681 1173; x_wconf 82' lang='lat' dir='ltr'>Van-</span> 
     </span>
     <span class='ocr_line' id='line_1_16' title="bbox 214 1187 1679 1239; baseline -0.001 -9"><span class='ocrx_word' id='word_1_106' title='bbox 214 1190 308 1230; x_wconf 73' lang='lat' dir='ltr'>dalo</span> <span class='ocrx_word' id='word_1_107' title='bbox 338 1190 486 1231; x_wconf 83' lang='lat' dir='ltr'><strong>scribit</strong></span> <span class='ocrx_word' id='word_1_108' title='bbox 526 1188 758 1230; x_wconf 87' lang='lat' dir='ltr'>chronicon</span> <span class='ocrx_word' id='word_1_109' title='bbox 800 1190 1018 1231; x_wconf 85' lang='lat' dir='ltr'><strong>Alexandr.</strong></span> <span class='ocrx_word' id='word_1_110' title='bbox 1064 1190 1115 1229; x_wconf 82' lang='lat' dir='ltr'>ad</span> <span class='ocrx_word' id='word_1_111' title='bbox 1158 1204 1311 1229; x_wconf 83' lang='lat' dir='ltr'>annum</span> <span class='ocrx_word' id='word_1_112' title='bbox 1353 1189 1582 1230; x_wconf 86' lang='lat' dir='ltr'>Theodosii</span> <span class='ocrx_word' id='word_1_113' title='bbox 1610 1187 1679 1239; x_wconf 74' lang='lat'>34,</span> 
     </span>
     <span class='ocr_line' id='line_1_17' title="bbox 210 1245 1680 1299; baseline -0.004 -11"><span class='ocrx_word' id='word_1_114' title='bbox 210 1247 476 1288; x_wconf 82' lang='lat' dir='ltr'><strong>Marcellinus</strong></span> <span class='ocrx_word' id='word_1_115' title='bbox 508 1246 550 1286; x_wconf 90' lang='lat' dir='ltr'>in</span> <span class='ocrx_word' id='word_1_116' title='bbox 593 1246 806 1287; x_wconf 84' lang='lat' dir='ltr'>chronico.</span> <span class='ocrx_word' id='word_1_117' title='bbox 875 1247 1051 1288; x_wconf 76' lang='lat' dir='ltr'>Ioannes</span> <span class='ocrx_word' id='word_1_118' title='bbox 1087 1248 1247 1286; x_wconf 81' lang='lat' dir='ltr'>nacione</span> <span class='ocrx_word' id='word_1_119' title='bbox 1280 1245 1514 1297; x_wconf 74' lang='lat' dir='ltr'><em>Vandalus,</em></span> <span class='ocrx_word' id='word_1_120' title='bbox 1547 1247 1680 1299; x_wconf 81' lang='lat' dir='ltr'>magi..</span> 
     </span>
     <span class='ocr_line' id='line_1_18' title="bbox 207 1301 1680 1360; baseline -0.001 -17"><span class='ocrx_word' id='word_1_121' title='bbox 207 1313 364 1360; x_wconf 75' lang='lat' dir='ltr'>stet-que</span> <span class='ocrx_word' id='word_1_122' title='bbox 419 1304 597 1344; x_wconf 82' lang='lat' dir='ltr'>militiae</span> <span class='ocrx_word' id='word_1_123' title='bbox 614 1333 627 1357; x_wconf 85' lang='lat'>,</span> <span class='ocrx_word' id='word_1_124' title='bbox 677 1303 899 1358; x_wconf 79' lang='lat' dir='ltr'>Arnegysti</span> <span class='ocrx_word' id='word_1_125' title='bbox 925 1301 1092 1358; x_wconf 82' lang='lat' dir='ltr'>fraude</span> <span class='ocrx_word' id='word_1_126' title='bbox 1144 1303 1188 1343; x_wconf 84' lang='lat' dir='ltr'>in</span> <span class='ocrx_word' id='word_1_127' title='bbox 1245 1303 1429 1343; x_wconf 72' lang='lat' dir='ltr'>Thracia</span> <span class='ocrx_word' id='word_1_128' title='bbox 1486 1303 1680 1343; x_wconf 82' lang='lat' dir='ltr'>interem-</span> 
     </span>
     <span class='ocr_line' id='line_1_19' title="bbox 203 1369 396 1414; baseline -0.01 -13"><span class='ocrx_word' id='word_1_129' title='bbox 203 1369 299 1414; x_wconf 78' lang='lat' dir='ltr'>ptus</span> <span class='ocrx_word' id='word_1_130' title='bbox 325 1369 396 1400; x_wconf 79' lang='lat' dir='ltr'>est.</span> 
     </span>
    </p>

    <p class='ocr_par' dir='ltr' id='par_1_8' title="bbox 203 1423 1680 1765">
     <span class='ocr_line' id='line_1_20' title="bbox 325 1423 1680 1482; baseline -0.004 -14"><span class='ocrx_word' id='word_1_131' title='bbox 325 1427 417 1482; x_wconf 84' lang='lat'>150,</span> <span class='ocrx_word' id='word_1_132' title='bbox 450 1426 489 1472; x_wconf 89' lang='grc'>6.</span> <span class='ocrx_word' id='word_1_133' title='bbox 548 1423 764 1480; x_wconf 73' lang='grc' dir='ltr'><strong><em>Κύριλλος</em></strong></span> <span class='ocrx_word' id='word_1_134' title='bbox 791 1425 1126 1480; x_wconf 73' lang='grc' dir='ltr'><strong><em>Ἀλεξανδρείας]</em></strong></span> <span class='ocrx_word' id='word_1_135' title='bbox 1159 1426 1325 1468; x_wconf 82' lang='lat' dir='ltr'>concilii</span> <span class='ocrx_word' id='word_1_136' title='bbox 1357 1426 1527 1481; x_wconf 86' lang='lat' dir='ltr'>quidem</span> <span class='ocrx_word' id='word_1_137' title='bbox 1558 1425 1680 1466; x_wconf 75' lang='lat' dir='ltr'>Cha!-</span> 
     </span>
     <span class='ocr_line' id='line_1_21' title="bbox 208 1482 1678 1539; baseline 0 -15"><span class='ocrx_word' id='word_1_138' title='bbox 208 1484 448 1525; x_wconf 88' lang='lat' dir='ltr'>cedonensis</span> <span class='ocrx_word' id='word_1_139' title='bbox 481 1491 573 1525; x_wconf 71' lang='lat' dir='ltr'>ncta</span> <span class='ocrx_word' id='word_1_140' title='bbox 607 1499 736 1524; x_wconf 84' lang='lat' dir='ltr'>annos</span> <span class='ocrx_word' id='word_1_141' title='bbox 783 1484 955 1539; x_wconf 82' lang='lat' dir='ltr'>triginta</span> <span class='ocrx_word' id='word_1_142' title='bbox 996 1484 1099 1524; x_wconf 88' lang='lat' dir='ltr'>duos</span> <span class='ocrx_word' id='word_1_143' title='bbox 1131 1484 1422 1538; x_wconf 78' lang='lat' dir='ltr'>pontificatum</span> <span class='ocrx_word' id='word_1_144' title='bbox 1453 1482 1678 1524; x_wconf 79' lang='lat' dir='ltr'><strong>obtinuisse</strong></span> 
     </span>
     <span class='ocr_line' id='line_1_22' title="bbox 206 1539 1676 1596; baseline -0.003 -16"><span class='ocrx_word' id='word_1_145' title='bbox 206 1555 252 1580; x_wconf 82' lang='lat' dir='ltr'>cx</span> <span class='ocrx_word' id='word_1_146' title='bbox 286 1539 425 1582; x_wconf 84' lang='lat' dir='ltr'>libello</span> <span class='ocrx_word' id='word_1_147' title='bbox 466 1542 675 1582; x_wconf 79' lang='lat' dir='ltr'><strong>Athanasii</strong></span> <span class='ocrx_word' id='word_1_148' title='bbox 712 1541 976 1596; x_wconf 84' lang='lat' dir='ltr'>presbyteri,</span> <span class='ocrx_word' id='word_1_149' title='bbox 1007 1547 1050 1581; x_wconf 80' lang='lat' dir='ltr'>et</span> <span class='ocrx_word' id='word_1_150' title='bbox 1074 1540 1289 1581; x_wconf 81' lang='lat' dir='ltr'>Theodori</span> <span class='ocrx_word' id='word_1_151' title='bbox 1324 1539 1491 1581; x_wconf 86' lang='lat' dir='ltr'>diaconi</span> <span class='ocrx_word' id='word_1_152' title='bbox 1520 1545 1676 1579; x_wconf 70' lang='lat' dir='ltr'>testin-</span> 
     </span>
     <span class='ocr_line' id='line_1_23' title="bbox 206 1597 1676 1662; baseline -0.001 -26"><span class='ocrx_word' id='word_1_153' title='bbox 206 1603 290 1641; x_wconf 81' lang='lat' dir='ltr'>tur</span> <span class='ocrx_word' id='word_1_154' title='bbox 348 1603 391 1637; x_wconf 86' lang='lat' dir='ltr'>at</span> <span class='ocrx_word' id='word_1_155' title='bbox 416 1612 510 1638; x_wconf 88' lang='lat' dir='ltr'>cum</span> <span class='ocrx_word' id='word_1_156' title='bbox 540 1612 647 1638; x_wconf 84' lang='lat' dir='ltr'>anno</span> <span class='ocrx_word' id='word_1_157' title='bbox 680 1598 906 1638; x_wconf 86' lang='lat' dir='ltr'>Theodosii</span> <span class='ocrx_word' id='word_1_158' title='bbox 934 1603 1047 1638; x_wconf 84' lang='lat' dir='ltr'>sexto</span> <span class='ocrx_word' id='word_1_159' title='bbox 1078 1597 1248 1639; x_wconf 85' lang='lat' dir='ltr'>ineunte</span> <span class='ocrx_word' id='word_1_160' title='bbox 1274 1597 1412 1637; x_wconf 87' lang='lat' dir='ltr'>sedem</span> <span class='ocrx_word' id='word_1_161' title='bbox 1443 1611 1676 1662; x_wconf 75' lang='lat' dir='ltr'>occupave-</span> 
     </span>
     <span class='ocr_line' id='line_1_24' title="bbox 205 1651 1674 1708; baseline 0.001 -15"><span class='ocrx_word' id='word_1_162' title='bbox 205 1654 275 1705; x_wconf 82' lang='lat' dir='ltr'>rit,</span> <span class='ocrx_word' id='word_1_163' title='bbox 307 1661 439 1708; x_wconf 84' lang='lat' dir='ltr'>prout</span> <span class='ocrx_word' id='word_1_164' title='bbox 465 1669 575 1694; x_wconf 85' lang='lat' dir='ltr'>anno</span> <span class='ocrx_word' id='word_1_165' title='bbox 607 1654 835 1696; x_wconf 83' lang='lat' dir='ltr'>Theodosii</span> <span class='ocrx_word' id='word_1_166' title='bbox 854 1654 879 1695; x_wconf 91' lang='lat'>7</span> <span class='ocrx_word' id='word_1_167' title='bbox 910 1655 1241 1706; x_wconf 73' lang='lat' dir='ltr'>declamvimus,</span> <span class='ocrx_word' id='word_1_168' title='bbox 1273 1668 1386 1695; x_wconf 86' lang='lat' dir='ltr'>mors</span> <span class='ocrx_word' id='word_1_169' title='bbox 1417 1654 1503 1694; x_wconf 88' lang='lat' dir='ltr'>eius</span> <span class='ocrx_word' id='word_1_170' title='bbox 1537 1652 1587 1692; x_wconf 78' lang='lat' dir='ltr'>ad</span> <span class='ocrx_word' id='word_1_171' title='bbox 1620 1651 1674 1694; x_wconf 84' lang='lat'>39</span> 
     </span>
     <span class='ocr_line' id='line_1_25' title="bbox 203 1711 666 1765; baseline 0.002 -15"><span class='ocrx_word' id='word_1_172' title='bbox 203 1724 288 1750; x_wconf 82' lang='lat' dir='ltr'>non</span> <span class='ocrx_word' id='word_1_173' title='bbox 318 1712 461 1765; x_wconf 82' lang='lat' dir='ltr'>potuit</span> <span class='ocrx_word' id='word_1_174' title='bbox 491 1711 666 1752; x_wconf 83' lang='lat' dir='ltr'>differri.</span> 
     </span>
    </p>
   </div>
   <div class='ocr_carea' id='block_1_8' title="bbox 202 1774 1678 2060">
    <p class='ocr_par' dir='ltr' id='par_1_9' title="bbox 202 1774 1678 2060">
     <span class='ocr_line' id='line_1_26' title="bbox 318 1774 1677 1833; baseline -0.002 -12"><span class='ocrx_word' id='word_1_175' title='bbox 318 1779 430 1821; x_wconf 87' lang='lat' dir='ltr'>Ibid.</span> <span class='ocrx_word' id='word_1_176' title='bbox 487 1775 561 1820; x_wconf 80' lang='grc' dir='ltr'><em>καί</em></span> <span class='ocrx_word' id='word_1_177' title='bbox 603 1776 803 1832; x_wconf 80' lang='grc' dir='ltr'><em>Πρόκλος</em></span> <span class='ocrx_word' id='word_1_178' title='bbox 843 1779 952 1819; x_wconf 87' lang='grc' dir='ltr'>ΚΠ.</span> <span class='ocrx_word' id='word_1_179' title='bbox 990 1774 1299 1833; x_wconf 74' lang='grc' dir='ltr'><strong><em>ἐκοιμήθησαν]</em></strong></span> <span class='ocrx_word' id='word_1_180' title='bbox 1341 1776 1585 1818; x_wconf 86' lang='lat' dir='ltr'>Areobindo</span> <span class='ocrx_word' id='word_1_181' title='bbox 1635 1783 1677 1818; x_wconf 84' lang='lat' dir='ltr'>ct</span> 
     </span>
     <span class='ocr_line' id='line_1_27' title="bbox 203 1833 1678 1890; baseline -0.001 -16"><span class='ocrx_word' id='word_1_182' title='bbox 203 1835 359 1888; x_wconf 82' lang='lat' dir='ltr'>Aspare</span> <span class='ocrx_word' id='word_1_183' title='bbox 390 1849 489 1878; x_wconf 92' lang='lat' dir='ltr'>coss.</span> <span class='ocrx_word' id='word_1_184' title='bbox 534 1850 642 1875; x_wconf 83' lang='lat' dir='ltr'>anno</span> <span class='ocrx_word' id='word_1_185' title='bbox 674 1836 899 1876; x_wconf 86' lang='lat' dir='ltr'>Theodosii</span> <span class='ocrx_word' id='word_1_186' title='bbox 929 1835 980 1875; x_wconf 76' lang='lat'>27</span> <span class='ocrx_word' id='word_1_187' title='bbox 1009 1835 1148 1890; x_wconf 83' lang='lat' dir='ltr'>pridie</span> <span class='ocrx_word' id='word_1_188' title='bbox 1188 1834 1276 1875; x_wconf 85' lang='lat' dir='ltr'>idus</span> <span class='ocrx_word' id='word_1_189' title='bbox 1307 1835 1471 1888; x_wconf 77' lang='lat' dir='ltr'>Aprilis,</span> <span class='ocrx_word' id='word_1_190' title='bbox 1501 1833 1678 1874; x_wconf 80' lang='lat' dir='ltr'>Procius</span> 
     </span>
     <span class='ocr_line' id='line_1_28' title="bbox 202 1890 1678 1956; baseline -0.001 -25"><span class='ocrx_word' id='word_1_191' title='bbox 202 1891 446 1946; x_wconf 80' lang='lat' dir='ltr'>patriarcba</span> <span class='ocrx_word' id='word_1_192' title='bbox 487 1898 677 1943; x_wconf 80' lang='lat' dir='ltr'>creatus,</span> <span class='ocrx_word' id='word_1_193' title='bbox 719 1907 764 1933; x_wconf 87' lang='lat' dir='ltr'>ex</span> <span class='ocrx_word' id='word_1_194' title='bbox 805 1892 990 1932; x_wconf 84' lang='lat' dir='ltr'>Socratis</span> <span class='ocrx_word' id='word_1_195' title='bbox 1032 1892 1101 1932; x_wconf 89' lang='lat' dir='ltr'>lib.</span> <span class='ocrx_word' id='word_1_196' title='bbox 1131 1891 1157 1932; x_wconf 89' lang='lat'><strong>7</strong></span> <span class='ocrx_word' id='word_1_197' title='bbox 1198 1905 1286 1945; x_wconf 80' lang='lat' dir='ltr'>cap.</span> <span class='ocrx_word' id='word_1_198' title='bbox 1318 1890 1372 1931; x_wconf 81' lang='grc'>39</span> <span class='ocrx_word' id='word_1_199' title='bbox 1407 1898 1501 1956; x_wconf 74' lang='lat' dir='ltr'>post</span> <span class='ocrx_word' id='word_1_200' title='bbox 1548 1904 1678 1930; x_wconf 79' lang='lat' dir='ltr'>annos</span> 
     </span>
     <span class='ocr_line' id='line_1_29' title="bbox 206 1948 1677 2003; baseline -0.001 -15"><span class='ocrx_word' id='word_1_201' title='bbox 206 1948 430 1989; x_wconf 88' lang='lat' dir='ltr'>duodecim</span> <span class='ocrx_word' id='word_1_202' title='bbox 458 1954 501 1988; x_wconf 81' lang='lat' dir='ltr'>et</span> <span class='ocrx_word' id='word_1_203' title='bbox 528 1963 685 1990; x_wconf 88' lang='lat' dir='ltr'>meuses</span> <span class='ocrx_word' id='word_1_204' title='bbox 718 1955 801 1989; x_wconf 85' lang='lat' dir='ltr'>tres</span> <span class='ocrx_word' id='word_1_205' title='bbox 832 1949 873 1987; x_wconf 84' lang='lat' dir='ltr'>in</span> <span class='ocrx_word' id='word_1_206' title='bbox 906 1949 1155 2003; x_wconf 79' lang='lat' dir='ltr'>pontificatu</span> <span class='ocrx_word' id='word_1_207' title='bbox 1182 1953 1344 1988; x_wconf 83' lang='lat' dir='ltr'>exactos</span> <span class='ocrx_word' id='word_1_208' title='bbox 1372 1948 1582 1989; x_wconf 86' lang='lat' dir='ltr'>moritur.</span> <span class='ocrx_word' id='word_1_209' title='bbox 1629 1961 1677 1987; x_wconf 85' lang='lat' dir='ltr'>ex</span> 
     </span>
     <span class='ocr_line' id='line_1_30' title="bbox 202 2001 1493 2060; baseline -0.002 -15"><span class='ocrx_word' id='word_1_210' title='bbox 202 2005 442 2059; x_wconf 80' lang='lat' dir='ltr'>menologio</span> <span class='ocrx_word' id='word_1_211' title='bbox 475 2001 528 2046; x_wconf 72' lang='lat'>24</span> <span class='ocrx_word' id='word_1_212' title='bbox 558 2005 770 2056; x_wconf 86' lang='lat' dir='ltr'>Octobris,</span> <span class='ocrx_word' id='word_1_213' title='bbox 799 2005 989 2060; x_wconf 83' lang='lat' dir='ltr'>adeoque</span> <span class='ocrx_word' id='word_1_214' title='bbox 1016 2005 1244 2046; x_wconf 85' lang='lat' dir='ltr'>Theodosii</span> <span class='ocrx_word' id='word_1_215' title='bbox 1280 2019 1390 2044; x_wconf 80' lang='lat' dir='ltr'>anno</span> <span class='ocrx_word' id='word_1_216' title='bbox 1422 2002 1493 2044; x_wconf 85' lang='lat'>39.</span> 
     </span>
    </p>
   </div>
   <div class='ocr_carea' id='block_1_9' title="bbox 199 2069 1680 2410">
    <p class='ocr_par' dir='ltr' id='par_1_10' title="bbox 199 2069 1680 2410">
     <span class='ocr_line' id='line_1_31' title="bbox 312 2069 1680 2128; baseline -0.003 -14"><span class='ocrx_word' id='word_1_217' title='bbox 312 2073 428 2115; x_wconf 78' lang='lat' dir='ltr'>Ibid.</span> <span class='ocrx_word' id='word_1_218' title='bbox 443 2071 484 2113; x_wconf 84' lang='grc'>8.</span> <span class='ocrx_word' id='word_1_219' title='bbox 541 2069 842 2127; x_wconf 76' lang='grc' dir='ltr'><strong><em>σκευοφύλαξ]</em></strong></span> <span class='ocrx_word' id='word_1_220' title='bbox 875 2073 1093 2128; x_wconf 78' lang='lat' dir='ltr'>antiquum</span> <span class='ocrx_word' id='word_1_221' title='bbox 1124 2073 1163 2112; x_wconf 91' lang='lat' dir='ltr'>in</span> <span class='ocrx_word' id='word_1_222' title='bbox 1188 2072 1355 2113; x_wconf 78' lang='lat' dir='ltr'>ecclesia</span> <span class='ocrx_word' id='word_1_223' title='bbox 1386 2071 1609 2111; x_wconf 84' lang='lat' dir='ltr'>officium</span> <span class='ocrx_word' id='word_1_224' title='bbox 1598 2087 1680 2111; x_wconf 73' lang='lat' dir='ltr'>rim</span> 
     </span>
     <span class='ocr_line' id='line_1_32' title="bbox 202 2128 1676 2192; baseline -0.002 -22"><span class='ocrx_word' id='word_1_225' title='bbox 202 2144 228 2170; x_wconf 80' lang='lat' dir='ltr'>a</span> <span class='ocrx_word' id='word_1_226' title='bbox 254 2129 400 2170; x_wconf 82' lang='lat' dir='ltr'>Iuliani</span> <span class='ocrx_word' id='word_1_227' title='bbox 427 2130 685 2182; x_wconf 83' lang='lat' dir='ltr'>temporibus</span> <span class='ocrx_word' id='word_1_228' title='bbox 707 2130 956 2192; x_wconf 74' lang='lat' dir='ltr'>piesbytero</span> <span class='ocrx_word' id='word_1_229' title='bbox 992 2129 1296 2170; x_wconf 87' lang='lat' dir='ltr'>concreditum.</span> <span class='ocrx_word' id='word_1_230' title='bbox 1318 2130 1572 2169; x_wconf 83' lang='lat' dir='ltr'>Sozomenus</span> <span class='ocrx_word' id='word_1_231' title='bbox 1603 2128 1676 2168; x_wconf 83' lang='lat' dir='ltr'>lib.</span> 
     </span>
     <span class='ocr_line' id='line_1_33' title="bbox 201 2181 1677 2252; baseline 0 -28"><span class='ocrx_word' id='word_1_232' title='bbox 201 2185 228 2224; x_wconf 86' lang='lat'>5</span> <span class='ocrx_word' id='word_1_233' title='bbox 258 2201 348 2240; x_wconf 83' lang='lat' dir='ltr'>cap.</span> <span class='ocrx_word' id='word_1_234' title='bbox 377 2185 417 2226; x_wconf 87' lang='lat'>7.</span> <span class='ocrx_word' id='word_1_235' title='bbox 477 2184 696 2238; x_wconf 72' lang='grc' dir='ltr'><strong><em>Θεόδωρον</em></strong></span> <span class='ocrx_word' id='word_1_236' title='bbox 724 2181 1010 2252; x_wconf 77' lang='grc' dir='ltr'><strong><em>πρεσβύτερον</em></strong></span> <span class='ocrx_word' id='word_1_237' title='bbox 1047 2200 1103 2233; x_wconf 90' lang='grc' dir='ltr'>ως</span> <span class='ocrx_word' id='word_1_238' title='bbox 1134 2182 1307 2240; x_wconf 83' lang='grc' dir='ltr'><strong><em>φύλακα</em></strong></span> <span class='ocrx_word' id='word_1_239' title='bbox 1337 2199 1421 2225; x_wconf 86' lang='grc' dir='ltr'>των</span> <span class='ocrx_word' id='word_1_240' title='bbox 1450 2183 1677 2237; x_wconf 78' lang='grc' dir='ltr'><strong><em>κειμηλίων</em></strong></span> 
     </span>
     <span class='ocr_line' id='line_1_34' title="bbox 199 2238 1676 2297; baseline 0.001 -16"><span class='ocrx_word' id='word_1_241' title='bbox 199 2238 439 2296; x_wconf 76' lang='grc' dir='ltr'><strong><em>συλλαβών,</em></strong></span> <span class='ocrx_word' id='word_1_242' title='bbox 468 2248 548 2284; x_wconf 85' lang='lat' dir='ltr'>etc.</span> <span class='ocrx_word' id='word_1_243' title='bbox 579 2241 674 2283; x_wconf 81' lang='grc' dir='ltr'><strong><em>ε’πει</em></strong></span> <span class='ocrx_word' id='word_1_244' title='bbox 702 2240 748 2282; x_wconf 80' lang='grc' dir='ltr'>δὲ</span> <span class='ocrx_word' id='word_1_245' title='bbox 775 2238 824 2281; x_wconf 81' lang='grc' dir='ltr'>τὰ</span> <span class='ocrx_word' id='word_1_246' title='bbox 857 2238 950 2294; x_wconf 74' lang='grc' dir='ltr'><strong><em>ἱερά</em></strong></span> <span class='ocrx_word' id='word_1_247' title='bbox 978 2240 1106 2297; x_wconf 79' lang='grc' dir='ltr'><strong><em>σκεύη</em></strong></span> <span class='ocrx_word' id='word_1_248' title='bbox 1148 2242 1358 2296; x_wconf 81' lang='grc' dir='ltr'><strong><em>ε’ληί,σατο</em></strong></span> <span class='ocrx_word' id='word_1_249' title='bbox 1397 2247 1473 2282; x_wconf 84' lang='lat' dir='ltr'>etc.</span> <span class='ocrx_word' id='word_1_250' title='bbox 1540 2242 1676 2282; x_wconf 81' lang='lat' dir='ltr'>Theo-</span> 
     </span>
     <span class='ocr_line' id='line_1_35' title="bbox 200 2298 1678 2354; baseline 0 -16"><span class='ocrx_word' id='word_1_251' title='bbox 200 2299 348 2339; x_wconf 80' lang='lat' dir='ltr'>dorum</span> <span class='ocrx_word' id='word_1_252' title='bbox 374 2299 654 2354; x_wconf 72' lang='lat' dir='ltr'>presbyter-um</span> <span class='ocrx_word' id='word_1_253' title='bbox 683 2300 858 2338; x_wconf 75' lang='lat' dir='ltr'>thesauri</span> <span class='ocrx_word' id='word_1_254' title='bbox 894 2300 1093 2339; x_wconf 77' lang='lat' dir='ltr'>custodem</span> <span class='ocrx_word' id='word_1_255' title='bbox 1133 2298 1490 2354; x_wconf 80' lang='lat' dir='ltr'>comprehendens,</span> <span class='ocrx_word' id='word_1_256' title='bbox 1524 2303 1598 2339; x_wconf 80' lang='lat' dir='ltr'>etc.</span> <span class='ocrx_word' id='word_1_257' title='bbox 1633 2307 1678 2338; x_wconf 81' lang='lat' dir='ltr'>ut</span> 
     </span>
     <span class='ocr_line' id='line_1_36' title="bbox 201 2354 1238 2410; baseline -0.001 -15"><span class='ocrx_word' id='word_1_258' title='bbox 201 2364 336 2396; x_wconf 80' lang='lat' dir='ltr'>autem</span> <span class='ocrx_word' id='word_1_259' title='bbox 365 2370 482 2396; x_wconf 81' lang='lat' dir='ltr'>sacra</span> <span class='ocrx_word' id='word_1_260' title='bbox 505 2369 610 2395; x_wconf 80' lang='lat' dir='ltr'>vasa</span> <span class='ocrx_word' id='word_1_261' title='bbox 637 2354 914 2410; x_wconf 78' lang='lat' dir='ltr'>depraedatus</span> <span class='ocrx_word' id='word_1_262' title='bbox 951 2365 1011 2396; x_wconf 81' lang='lat' dir='ltr'>est</span> <span class='ocrx_word' id='word_1_263' title='bbox 1038 2356 1238 2396; x_wconf 81' lang='lat' dir='ltr'>Iulianus.</span> 
     </span>
    </p>
   </div>
   <div class='ocr_carea' id='block_1_10' title="bbox 199 2416 1675 2874">
    <p class='ocr_par' dir='ltr' id='par_1_11' title="bbox 199 2416 1675 2874">
     <span class='ocr_line' id='line_1_37' title="bbox 334 2416 1675 2478; baseline -0.001 -15"><span class='ocrx_word' id='word_1_264' title='bbox 334 2423 445 2464; x_wconf 87' lang='lat' dir='ltr'>Ibid.</span> <span class='ocrx_word' id='word_1_265' title='bbox 490 2421 554 2465; x_wconf 83' lang='lat'>13.</span> <span class='ocrx_word' id='word_1_266' title='bbox 621 2420 835 2475; x_wconf 80' lang='grc' dir='ltr'><strong><em>τρίστεγον</em></strong></span> <span class='ocrx_word' id='word_1_267' title='bbox 884 2416 997 2463; x_wconf 82' lang='grc' dir='ltr'><strong><em>οἶκον</em></strong></span> <span class='ocrx_word' id='word_1_268' title='bbox 1038 2423 1315 2476; x_wconf 75' lang='grc' dir='ltr'><strong><em>καθιέρωσεν]</em></strong></span> <span class='ocrx_word' id='word_1_269' title='bbox 1358 2438 1451 2462; x_wconf 86' lang='lat' dir='ltr'>cum</span> <span class='ocrx_word' id='word_1_270' title='bbox 1498 2422 1675 2478; x_wconf 84' lang='lat' dir='ltr'>Cyrillus</span> 
     </span>
     <span class='ocr_line' id='line_1_38' title="bbox 200 2479 1673 2547; baseline 0 -29"><span class='ocrx_word' id='word_1_271' title='bbox 200 2479 396 2519; x_wconf 87' lang='lat' dir='ltr'>Dioscori</span> <span class='ocrx_word' id='word_1_272' title='bbox 428 2479 653 2520; x_wconf 86' lang='lat' dir='ltr'>avunculus</span> <span class='ocrx_word' id='word_1_273' title='bbox 682 2479 947 2533; x_wconf 50' lang='lat' dir='ltr'>patriwuchae</span> <span class='ocrx_word' id='word_1_274' title='bbox 986 2479 1232 2545; x_wconf 78' lang='lat' dir='ltr'>dignitatem</span> <span class='ocrx_word' id='word_1_275' title='bbox 1277 2479 1401 2520; x_wconf 83' lang='lat' dir='ltr'>etiam</span> <span class='ocrx_word' id='word_1_276' title='bbox 1433 2479 1560 2519; x_wconf 81' lang='lat' dir='ltr'>civilis</span> <span class='ocrx_word' id='word_1_277' title='bbox 1590 2494 1673 2547; x_wconf 81' lang='lat' dir='ltr'>po-</span> 
     </span>
     <span class='ocr_line' id='line_1_39' title="bbox 199 2529 1674 2601; baseline -0.001 -26"><span class='ocrx_word' id='word_1_278' title='bbox 199 2536 356 2601; x_wconf 53' lang='lat' dir='ltr'>tesfatis</span> <span class='ocrx_word' id='word_1_279' title='bbox 384 2542 584 2591; x_wconf 79' lang='lat' dir='ltr'>arrogato</span> <span class='ocrx_word' id='word_1_280' title='bbox 617 2529 694 2575; x_wconf 72' lang='lat' dir='ltr'>sibi</span> <span class='ocrx_word' id='word_1_281' title='bbox 724 2536 815 2575; x_wconf 85' lang='lat' dir='ltr'>iure</span> <span class='ocrx_word' id='word_1_282' title='bbox 842 2537 1021 2576; x_wconf 81' lang='lat' dir='ltr'>auxerit:</span> <span class='ocrx_word' id='word_1_283' title='bbox 1055 2551 1125 2576; x_wconf 87' lang='grc' dir='ltr'>και</span> <span class='ocrx_word' id='word_1_284' title='bbox 1155 2533 1237 2589; x_wconf 79' lang='grc' dir='ltr'>γὰρ</span> <span class='ocrx_word' id='word_1_285' title='bbox 1266 2535 1310 2583; x_wconf 78' lang='grc' dir='ltr'>ἐξ</span> <span class='ocrx_word' id='word_1_286' title='bbox 1335 2534 1495 2577; x_wconf 73' lang='grc' dir='ltr'><strong><em>ἐκείνου</em></strong></span> <span class='ocrx_word' id='word_1_287' title='bbox 1526 2533 1551 2588; x_wconf 80' lang='grc' dir='ltr'><strong><em>ἦ</em></strong></span> <span class='ocrx_word' id='word_1_288' title='bbox 1583 2535 1674 2575; x_wconf 76' lang='grc' dir='ltr'><strong><em>ε’πι-</em></strong></span> 
     </span>
     <span class='ocr_line' id='line_1_40' title="bbox 199 2567 1675 2658; baseline -0.001 -27"><span class='ocrx_word' id='word_1_289' title='bbox 199 2590 330 2646; x_wconf 79' lang='grc' dir='ltr'><strong><em>σκόπη</em></strong></span> <span class='ocrx_word' id='word_1_290' title='bbox 369 2567 695 2658; x_wconf 74' lang='grc' dir='ltr'><strong><em>Ἀλεξανδρείας</em></strong></span> <span class='ocrx_word' id='word_1_291' title='bbox 733 2591 843 2656; x_wconf 77' lang='grc' dir='ltr'><strong><em>πέρα</em></strong></span> <span class='ocrx_word' id='word_1_292' title='bbox 883 2592 958 2643; x_wconf 81' lang='grc' dir='ltr'>τῆς</span> <span class='ocrx_word' id='word_1_293' title='bbox 999 2589 1210 2645; x_wconf 75' lang='grc' dir='ltr'><strong><em>ἱερατικῆς</em></strong></span> <span class='ocrx_word' id='word_1_294' title='bbox 1248 2590 1405 2642; x_wconf 77' lang='grc' dir='ltr'><strong><em>τάξεως</em></strong></span> <span class='ocrx_word' id='word_1_295' title='bbox 1431 2591 1675 2630; x_wconf 77' lang='grc' dir='ltr'><strong><em>καταδυνα-</em></strong></span> 
     </span>
     <span class='ocr_line' id='line_1_41' title="bbox 199 2645 1674 2702; baseline -0.001 -15"><span class='ocrx_word' id='word_1_296' title='bbox 199 2647 362 2688; x_wconf 76' lang='grc' dir='ltr'><strong><em>στεύειν</em></strong></span> <span class='ocrx_word' id='word_1_297' title='bbox 399 2649 484 2690; x_wconf 81' lang='grc' dir='ltr'>τῶν</span> <span class='ocrx_word' id='word_1_298' title='bbox 521 2645 780 2702; x_wconf 77' lang='grc' dir='ltr'><strong><em>πραγμάτων</em></strong></span> <span class='ocrx_word' id='word_1_299' title='bbox 816 2645 941 2699; x_wconf 68' lang='grc' dir='ltr'><strong><em>ἔλαβε</em></strong></span> <span class='ocrx_word' id='word_1_300' title='bbox 987 2663 1065 2700; x_wconf 84' lang='grc' dir='ltr'>την</span> <span class='ocrx_word' id='word_1_301' title='bbox 1109 2646 1259 2700; x_wconf 84' lang='grc' dir='ltr'><strong><em>α’ρχήν.</em></strong></span> <span class='ocrx_word' id='word_1_302' title='bbox 1328 2648 1474 2688; x_wconf 84' lang='lat' dir='ltr'>etenim</span> <span class='ocrx_word' id='word_1_303' title='bbox 1514 2662 1570 2687; x_wconf 73' lang='lat' dir='ltr'>ex</span> <span class='ocrx_word' id='word_1_304' title='bbox 1599 2647 1674 2687; x_wconf 86' lang='lat' dir='ltr'>illo</span> 
     </span>
     <span class='ocr_line' id='line_1_42' title="bbox 199 2704 1671 2771; baseline 0.001 -30"><span class='ocrx_word' id='word_1_305' title='bbox 199 2712 372 2759; x_wconf 80' lang='lat' dir='ltr'>tempore</span> <span class='ocrx_word' id='word_1_306' title='bbox 401 2707 609 2762; x_wconf 78' lang='lat' dir='ltr'>episcopus</span> <span class='ocrx_word' id='word_1_307' title='bbox 628 2704 936 2745; x_wconf 68' lang='lat' dir='ltr'>Alexandrinas</span> <span class='ocrx_word' id='word_1_308' title='bbox 962 2719 1093 2771; x_wconf 65' lang='grc' dir='ltr'>Σςιιρηι</span> <span class='ocrx_word' id='word_1_309' title='bbox 1120 2707 1238 2745; x_wconf 77' lang='lat' dir='ltr'>sacri</span> <span class='ocrx_word' id='word_1_310' title='bbox 1262 2706 1364 2744; x_wconf 75' lang='lat' dir='ltr'>cleri</span> <span class='ocrx_word' id='word_1_311' title='bbox 1391 2705 1671 2753; x_wconf 75' lang='lat' dir='ltr'>dominatum,</span> 
     </span>
     <span class='ocr_line' id='line_1_43' title="bbox 200 2760 1671 2816; baseline 0.001 -19"><span class='ocrx_word' id='word_1_312' title='bbox 200 2773 332 2799; x_wconf 76' lang='lat' dir='ltr'>rernm</span> <span class='ocrx_word' id='word_1_313' title='bbox 359 2763 483 2802; x_wconf 79' lang='lat' dir='ltr'>etiam</span> <span class='ocrx_word' id='word_1_314' title='bbox 530 2762 802 2802; x_wconf 75' lang='lat' dir='ltr'>saecularium</span> <span class='ocrx_word' id='word_1_315' title='bbox 831 2761 1109 2816; x_wconf 74' lang='lat' dir='ltr'>principatum</span> <span class='ocrx_word' id='word_1_316' title='bbox 1148 2762 1370 2816; x_wconf 82' lang='lat' dir='ltr'>occupavit.</span> <span class='ocrx_word' id='word_1_317' title='bbox 1431 2760 1487 2799; x_wconf 91' lang='lat' dir='ltr'>nil</span> <span class='ocrx_word' id='word_1_318' title='bbox 1516 2760 1671 2799; x_wconf 85' lang='lat' dir='ltr'>mirum</span> 
     </span>
     <span class='ocr_line' id='line_1_44' title="bbox 201 2815 1669 2874; baseline 0 -20"><span class='ocrx_word' id='word_1_319' title='bbox 201 2815 232 2854; x_wconf 86' lang='lat' dir='ltr'>si</span> <span class='ocrx_word' id='word_1_320' title='bbox 261 2817 490 2860; x_wconf 81' lang='lat' dir='ltr'>Dioscorus</span> <span class='ocrx_word' id='word_1_321' title='bbox 530 2818 663 2861; x_wconf 87' lang='lat' dir='ltr'>homo</span> <span class='ocrx_word' id='word_1_322' title='bbox 704 2817 860 2874; x_wconf 82' lang='lat' dir='ltr'>alioqui</span> <span class='ocrx_word' id='word_1_323' title='bbox 899 2819 1111 2874; x_wconf 83' lang='lat' dir='ltr'>petulans,</span> <span class='ocrx_word' id='word_1_324' title='bbox 1148 2817 1419 2858; x_wconf 86' lang='lat' dir='ltr'>saecularium</span> <span class='ocrx_word' id='word_1_325' title='bbox 1450 2816 1669 2872; x_wconf 81' lang='lat' dir='ltr'>magistra..</span> 
     </span>
    </p>
   </div>
  </div>
 </body>
</html>
