1794 3250
268 198 365 244 262
455 200 738 243 ANASTAsn
779 201 1038 244 HISTORIA
1076 200 1490 244 ECCLESlASTlCA

269 316 587 356 Constantinum
605 315 953 370 Serantapiclnnn
982 315 1347 370 Tlieophylactum
1378 310 1507 354 filium
1526 313 1630 364 eins,
1663 314 1735 370 qui

266 372 502 426 spatharius
541 379 632 413 erat
678 378 719 417 et
761 388 889 427 nepos
931 387 1048 424 suus,
1079 378 1120 412 et
1151 372 1336 411 omnium
1367 371 1510 411 oculos
1540 369 1663 421 eruit,
1694 375 1738 410 et

267 428 479 482 dissipavit
521 428 737 468 consilium
778 444 926 469 eorum
959 436 1107 469 contra
1145 443 1185 468 se
1224 428 1420 482 nequiter
1450 427 1734 469 adinventum.

137 500 249 546 9735
265 501 401 540 porro
433 484 632 539 paschalis
660 486 891 526 festivitatis
920 486 1025 527 feria
1052 485 1231 526 secunda
1262 483 1463 538 processit
1493 483 1737 538 imperatrix

264 558 285 581 a
313 542 460 582 sanctis
491 543 688 596 apostolis
732 543 772 582 in
811 558 942 582 curru
983 549 1131 583 aurato
1163 547 1306 591 vecta,
1354 541 1425 595 qui
1467 555 1490 580 a
1533 545 1739 595 quattuor

263 600 378 654 equis
411 599 510 639 albis
533 599 784 639 trahebatur
813 606 856 639 et
885 615 906 639 a
941 605 1146 653 quattuor
1167 597 1354 653 patriciis
1371 598 1608 648 tenebatur,
1631 597 1736 636 Bar..

262 656 373 696 dano
423 655 615 696 videlicet
661 662 860 710 praetore
909 655 1256 707 Thracesiorum,
1306 654 1486 695 Sisinnio
1538 659 1738 708 praetore

261 711 462 762 Thraeae,
494 712 638 752 Niceta
682 712 912 753 domestico
955 712 1192 753 scholarum
1221 719 1264 752 et
1293 710 1569 752 Constantino
1603 710 1737 758 Boila,

264 770 416 810 iactans
446 769 678 809 liberaliter
706 769 931 825 bypatiam.
990 784 1128 809 mense
1159 784 1260 810 vero
1295 769 1409 808 Maio
1443 767 1648 807 infirmata
1678 772 1738 807 est

263 826 507 879 imperatrix
538 840 645 880 pene
668 825 720 865 ad
750 832 946 875 mortem,
979 832 1020 866 et
1044 832 1244 880 protenta
1276 830 1335 865 est
1354 824 1571 864 contentio
1602 838 1738 864 eunu-

264 881 454 922 chorum.
486 883 623 922 Ae’tius
656 888 795 923 autem
825 883 1040 923 auxiliatus
1063 888 1121 923 est
1138 883 1305 922 Nicetae
1331 881 1511 935 patricio
1542 886 1584 921 et
1613 879 1738 920 scho-

265 939 400 979 larum
431 939 676 990 domestico,
704 946 746 980 et
775 939 1053 994 insequuntur
1081 953 1222 979 severe
1255 938 1534 988 stauracium,
1565 936 1739 977 credere

265 995 462 1036 facientes
485 996 796 1049 imperatricem
817 996 932 1051 quod
954 996 1176 1049 imperium
1200 1000 1437 1048 appeteret,
1469 995 1526 1033 ita
1544 999 1590 1033 ut
1618 999 1737 1032 atro-

265 1053 371 1092 citer
402 1052 507 1092 irata
543 1052 625 1103 illi,
663 1053 903 1092 ascendens-
926 1053 967 1091 in
1011 1052 1212 1106 palatium
1238 1051 1556 1099 Toncliierium‚
1588 1049 1739 1089 dixerit

265 1108 500 1150 rebellionis
532 1114 574 1148 et
600 1109 817 1149 simultatis
847 1108 1163 1149 sollicitatorem
1189 1123 1284 1148 eum
1319 1122 1415 1157 esse,
1449 1114 1491 1147 et
1519 1106 1597 1146 sibi
1626 1106 1736 1146 cele-

265 1166 317 1206 ris
359 1165 655 1220 acquisitorem
698 1165 960 1220 perditionis.
1039 1165 1112 1221 qui
1157 1165 1210 1204 ad
1252 1164 1353 1203 haec
1393 1163 1588 1217 apologia
1630 1163 1738 1202 facta

261 1222 478 1262 muniebat
524 1237 566 1262 se
600 1221 748 1275 ipsum.
822 1222 1053 1262 insaniebat
1090 1227 1229 1263 autem
1272 1220 1466 1260 adversus
1504 1219 1669 1260 Aetium
1698 1225 1741 1259 et

261 1276 446 1319 Nicetam
478 1279 558 1319 iam
590 1278 724 1320 dictos
761 1278 976 1333 patricios.

372 1370 494 1408 Anno
512 1369 679 1424 imperii
696 1369 877 1411 Heirene
900 1369 1042 1418 tertio,
1074 1383 1212 1409 mense
1229 1367 1479 1418 Februario,
1509 1365 1741 1407 indictione

263 1430 432 1478 octava,
465 1426 545 1465 iam
586 1426 721 1466 dictus
747 1426 989 1466 Stauracius
1032 1425 1299 1481 tyrannidem
1339 1439 1387 1464 ac
1419 1423 1668 1464 simultatem
1700 1424 1739 1462 in

132 1503 169 1538 p.
182 1490 250 1525 736
267 1483 372 1522 urbe
403 1483 518 1536 regia
550 1483 840 1535 construebat,
866 1482 1108 1532 scholarios,
1139 1483 1352 1536 quierant
1383 1481 1424 1520 in
1450 1496 1509 1531 ea,
1541 1485 1584 1521 et
1614 1494 1740 1520 excu-

260 1538 418 1579 bitores
448 1554 528 1579 una
557 1554 652 1579 cum
692 1539 837 1594 primis
867 1554 1017 1580 eorum
1058 1539 1244 1593 pecuniis
1275 1553 1323 1578 ac
1354 1537 1596 1578 muneribus
1627 1552 1741 1577 assu-

261 1610 375 1636 mens
407 1610 453 1635 ac
490 1596 669 1650 placans.
727 1597 908 1636 Heirene
947 1610 1068 1646 sane,
1112 1596 1183 1650 pia
1211 1595 1469 1650 imperatrix,
1498 1593 1664 1635 silentio
1700 1594 1741 1632 in

265 1652 478 1692 Iustiniani
513 1653 699 1693 triclinio
723 1653 835 1693 facto
852 1652 1076 1706 prohibuit
1106 1668 1287 1703 omnem,
1318 1651 1391 1707 qui
1420 1652 1633 1701 militaret,
1667 1649 1742 1690 ad-

263 1708 439 1749 haerere
472 1710 692 1749 Stauracio
712 1738 724 1759 ‚
757 1716 798 1750 et
828 1710 887 1750 sic
917 1708 1066 1762 adepta
1090 1716 1187 1749 sunt
1217 1708 1428 1748 modicam
1455 1707 1743 1763 tranquillita-

264 1772 350 1806 tem
383 1766 561 1820 negotia.
631 1766 773 1806 Aetius
817 1780 919 1806 vero
967 1766 1047 1805 iam
1091 1771 1346 1806 memoratus
1379 1772 1421 1805 et
1452 1765 1614 1805 Nicetas
1649 1778 1744 1804 cum

269 1822 356 1863 aliis
389 1822 639 1876 quibusdam
669 1823 861 1864 certatim
892 1822 1223 1863 adversabantur
1243 1821 1478 1872 stauracio,
1511 1821 1583 1876 qui
1614 1820 1746 1861 corde

266 1878 480 1933 perculsus
526 1879 768 1933 sangninem
813 1894 892 1934 per
938 1892 983 1920 os
1025 1879 1159 1919 emisit
1199 1893 1440 1933 spumosum
1474 1893 1520 1918 ex
1552 1878 1747 1932 partibus

264 1935 449 1990 pectoris
489 1941 531 1976 et
573 1936 797 1990 pulmonis.
856 1935 939 1976 boc
970 1936 1118 1976 medici
1159 1936 1401 1990 aspicientes
1428 1934 1610 1975 mortale
1637 1948 1745 1989 pro-

269 1992 587 2033 nuntiaverunt.
649 1998 711 2033 ast
740 1992 979 2033 adulatores
1014 1998 1055 2033 et
1084 1992 1284 2046 imperiti,
1317 2007 1402 2032 non
1430 1993 1567 2032 solum
1595 1990 1746 2032 medici

267 2048 340 2089 sed
372 2054 413 2088 et
445 2049 615 2104 quidam
644 2049 1000 2103 pseudomonachi
1039 2055 1080 2089 et
1112 2049 1267 2098 divini,
1299 2048 1541 2088 iuramentis
1571 2048 1747 2089 credere

268 2111 565 2159 persuaserunt
594 2120 724 2160 usque
755 2105 806 2145 ad
834 2105 944 2146 diem
961 2106 1109 2146 mortis
1131 2107 1230 2158 eius,
1261 2107 1490 2161 quaefacta
1520 2110 1581 2145 est
1608 2119 1748 2146 mense

271 2161 390 2201 lunio
421 2163 546 2217 ipsius
575 2168 748 2202 octavae
775 2163 1028 2212 indictionis,
1062 2162 1176 2217 quod
1210 2163 1396 2203 victurus
1429 2169 1470 2203 et
1499 2167 1748 2216 regnaturus

269 2225 388 2259 esset.
449 2219 598 2274 quibus
629 2219 697 2259 ille
725 2219 883 2259 innixus
911 2219 1158 2260 seditionem
1182 2220 1224 2258 in
1256 2219 1530 2273 Cappadociis
1549 2224 1748 2258 constru-

270 2274 330 2315 xit
359 2274 552 2317 adversus
581 2276 746 2316 Ae'tium
785 2276 900 2330 fieri,
932 2291 1059 2331 quam
1101 2292 1184 2316 non
1216 2277 1370 2316 meruit
1397 2276 1539 2316 vivens
1571 2274 1745 2314 audire:

270 2338 367 2385 post
417 2332 520 2371 duos
566 2347 744 2388 namque
783 2331 867 2373 dies
910 2333 1058 2373 mortis
1089 2333 1173 2374 eius
1213 2348 1339 2387 super
1375 2332 1455 2373 boc
1481 2331 1649 2373 nuntius
1675 2345 1748 2370 ve·

269 2388 346 2485 pit,
378 2394 419 2428 et
467 2388 648 2429 seditiosi
688 2389 979 2444 comprehensi
1008 2389 1134 2432 exiliis
1171 2397 1269 2431 sunt
1301 2395 1344 2431 et
1374 2386 1748 2430 animadversioni·

303 2459 346 2485 us
373 2445 546 2486 subditi.

385 2530 507 2571 Anno
539 2530 705 2585 imperii
735 2531 916 2571 Heirene
937 2539 1105 2586 quarto,
1138 2538 1288 2572 octavo
1312 2530 1505 2571 kalendas
1526 2527 1749 2578 lanuarias,

274 2585 515 2627 indictionis
559 2601 723 2639 nonae,
756 2587 929 2627 Carolus
973 2603 1043 2628 rex
1081 2591 1344 2628 Francorum
1375 2592 1603 2627 coronatus
1634 2590 1694 2625 est
1726 2599 1746 2622 a

139 2651 257 2700 p.737
274 2642 413 2684 Leone
441 2658 566 2698 papa,
594 2649 636 2684 et
670 2659 766 2684 cum
794 2644 991 2684 voluisset
1022 2651 1170 2685 contra
1186 2646 1368 2685 Siciliam
1400 2644 1591 2684 classibus
1621 2655 1749 2696 prae-

274 2699 382 2747 liari,
421 2715 462 2740 se
506 2701 730 2756 poenituit,
759 2701 954 2756 coniungi
983 2702 1123 2756 potius
1163 2717 1255 2742 cum
1287 2703 1467 2742 Heirene
1500 2701 1658 2748 volens,
1689 2699 1750 2737 le-

274 2756 377 2808 gatis
408 2756 458 2795 ad
488 2757 571 2798 hoc
601 2757 770 2799 directis
802 2759 992 2813 sequenti
1022 2773 1145 2809 anno,
1179 2759 1410 2800 indictione
1431 2757 1602 2799 decima.
1632 2756 1750 2795 Mar-

274 2812 336 2852 tio
365 2828 467 2852 vero
501 2830 638 2857 mense
667 2829 803 2857 nonae
831 2814 1069 2855 indictionis
1099 2816 1280 2858 Heirene
1303 2815 1370 2869 pia
1403 2812 1646 2869 imperatrix
1665 2812 1751 2867 By-
