1728 3184
231 184 330 236 478
753 197 809 238 1N
840 198 1213 240 THEOPHANEM

345 306 440 360 439,
477 312 545 354 16.
616 311 696 351 τοῦ
741 312 789 352 δὲ
834 313 1084 364 ῙΙῙαυρικιόυ
1125 311 1199 354 ’τὸν
1234 311 1336 354 θεὸν
1375 309 1646 364 ἱκετεύοντες]
1689 330 1711 355 a

231 367 460 408 simocatta
488 367 558 406 lib.
586 367 614 407 8
644 382 733 423 cap.
775 372 822 412 11
861 371 1046 409 breviter
1075 372 1316 424 pei-‘astiictn

343 438 439 492 440,
471 440 509 480 5.
567 440 625 496 τῶ
650 441 858 498 πορφυρᾶ)
884 439 1082 510 ομφαλίῳ
1112 458 1167 484 τω
1198 443 1348 493 ἐκεῖσε]
1384 444 1491 498 orig.
1520 443 1602 484 CP.
1660 443 1706 485 τὸ

229 493 491 549 καλούμενον
515 481 810 551 μεσόμφαλον,
839 500 968 550 μέσον
1001 514 1088 539 εστι
1127 500 1213 539 τῶν
1241 496 1345 539 ἑπτά
1353 475 1537 568 λόφῦων,
1570 493 1656 553 ἥως
1684 498 1710 554 ἦ

227 552 307 606 μία
335 556 468 607 μοῖρα
508 554 583 607 τῆς
622 552 778 602 πόλεως
818 551 909 606 ἔχει
937 559 1048 607 τρεῖς
1086 551 1260 610 λόφους,
1289 554 1361 595 καί
1387 553 1412 608 ἧ
1441 551 1566 609 ἑτέρα
1596 560 1710 610 τρεῖς

226 609 403 663 λόφους,
435 610 510 650 καί
534 610 665 661 μέσον
709 608 803 651 ἐστι
829 611 968 651 τοῦτο.
1043 613 1221 652 medicus
1248 616 1317 668 qni
1344 622 1512 653 vocatur
1541 614 1707 653 umbili-

226 681 310 717 cuS‚
341 666 495 706 medius
524 676 583 706 est
608 667 713 707 inter
739 677 891 722 septem
921 669 1061 708 colles.-
1091 670 1164 709 hoe
1193 678 1264 720 est,
1288 684 1390 725 pars
1419 683 1499 709 una
1525 670 1706 708 ci'vztatis

226 724 320 763 hznc
351 732 440 774 tres,
469 723 563 762 inde
590 724 710 764 colles
735 724 839 763 alios
868 732 946 763 tres
981 725 1128 765 habet.-
1170 740 1309 766 earum
1341 726 1494 766 medius
1523 734 1601 774 est,
1631 738 1707 776 με·

225 776 462 874 σόῖιφαλος.
467 780 741 875 ιπορφυροῦν
767 785 907 821 tamen
935 773 1130 836 ομφαλον
1158 782 1302 823 lubens
1329 797 1451 824 areae
1479 789 1635 823 metam
1666 781 1706 821 in

224 849 279 891 pa
298 835 383 875 atio
414 849 462 875 co
481 836 574 876 loco

338 907 547 952 Ihid.14.
623 905 646 947 ὅ
676 905 1074 961 παρακοιμωμενος]
1115 910 1399 951 excubitorum
1447 910 1548 951 olim
1576 925 1710 952 comes

228 965 380 1016 dictus,
411 970 453 1005 et
471 964 523 1004 ad
548 965 819 1019 imperatoris
839 965 976 1005 cubile
1000 966 1229 1008 accubitor.-
1261 966 1312 1009 de
1341 982 1427 1023 quo
1447 983 1532 1009 non
1570 968 1710 1010 ieiune

223 1021 268 1063 in
297 1020 507 1063 Codinum
536 1021 814 1062 disseruimus.

338 1104 434 1157 442,
465 1104 505 1148 3.
573 1105 649 1158 τῆς
683 1104 826 1146 τοίνυν
867 1105 1160 1158 μετοπωρινῆς
1205 1100 1320 1159 ὥρας
1348 1105 1705 1158 καταλαμβανού-

224 1166 317 1260 oze]
346 1162 402 1260 gsd
423 1162 698 1203 Simocattam
725 1161 856 1217 cap.8
886 1167 929 1203 et
958 1176 1073 1218 seqq.
1105 1162 1420 1219 decerpendum
1436 1163 1546 1205 redit
1560 1164 1707 1205 Theo—

222 1234 252 1275 p
291 1235 341 1260 an
391 1249 400 1258 .
1622 1248 1624 1251 ,

336 1289 437 1345 443,
469 1291 510 1333 8.
567 1287 882 1345 προβάλλονται
929 1287 1111 1347 ἔξαρχον
1140 1292 1311 1343 Φωκᾶν]
1341 1288 1524 1346 ἔξαρχον
1557 1294 1707 1335 ducem

222 1350 441 1401 exercitus,
470 1356 513 1389 et
543 1349 705 1391 consilii
743 1348 980 1403 principem
1022 1355 1064 1389 et
1091 1356 1377 1399 executorem,
1407 1366 1484 1392 nec
1512 1366 1596 1392 non
1627 1352 1706 1390 im-

222 1407 332 1472 perii
371 1405 641 1447 candidatum
683 1405 974 1460 interpretor:
1026 1407 1212 1461 quamvis
1251 1407 1439 1447 Phocam
1479 1408 1562 1448 iam
1603 1414 1705 1448 tunc

222 1464 528 1530 imperatorem
555 1463 844 1503 renuntiatum
875 1462 1033 1503 scribat
1058 1464 1256 1504 Zonaras.
1286 1464 1519 1505 simocatta
1548 1479 1637 1519 cap.
1660 1464 1703 1505 7.

221 1515 399 1573 ἔξαρχον
444 1516 511 1560 τὸν
551 1517 864 1572 ἑκατόνταρχον
893 1519 1049 1559 Φωκᾶν
1089 1517 1416 1586 προεστήσαντο.
1474 1521 1705 1575 κὲνταρχον

223 1583 346 1618 vocat
375 1575 665 1631 TlieophaneS‚
696 1585 851 1616 centum
884 1575 1078 1616 virorum
1097 1578 1341 1634 principem.

330 1662 439 1704 Ibt‘d.
474 1661 538 1705 14.
613 1661 957 1715 Κωνσταντῖνος,
998 1660 1073 1700 καί
1099 1661 1395 1712 Δομεντίολος]
1434 1662 1703 1716 imperatoris

220 1718 426 1759 molestias
471 1718 658 1773 propriis
696 1717 874 1772 querelis
915 1723 1039 1772 auget
1069 1718 1346 1759 Prasinorum
1394 1719 1548 1770 factio,
1579 1725 1620 1760 et
1653 1718 1704 1759 ad

218 1778 423 1830 angustias
455 1781 656 1815 extremas
701 1774 918 1815 redactum
956 1774 1083 1815 etiam
1114 1789 1209 1814 cum
1245 1775 1506 1815 Constantini
1539 1781 1580 1815 et
1606 1777 1703 1815 Do-

220 1831 425 1883 mentiofi,
458 1845 563 1886 quos
592 1831 800 1871 malorum
845 1845 1020 1871 suorum
1051 1830 1232 1871 credidit
1262 1840 1471 1883 auctores,
1499 1832 1703 1886 pernicie,

218 1889 298 1929 sibi
326 1890 466 1929 favere
511 1887 738 1942 compellit.
814 1893 905 1927 erat
945 1893 1083 1926 autem
1119 1888 1429 1939 Dementiolus,
1470 1889 1703 1930 simocatta

219 1952 325 1986 teste
355 1945 466 1985 libro
496 1944 522 1985 3
554 1959 646 1999 cap.
665 1942 705 1995 3,
727 1943 794 1983 vir
822 1949 950 1997 spect
943 1943 1157 1996 ttlsslrnus,
1189 1951 1229 1985 et
1257 1945 1507 2000 imperatori
1536 1945 1702 1997 chains,

221 2008 348 2057 atque
380 2001 492 2042 inter
540 2003 748 2055 primores
791 1999 1049 2040 consiliarios
1092 2002 1370 2066 conspicuus:
1402 2002 1701 2044 Constantinus

218 2065 360 2099 autem
401 2065 684 2112 cognomento
717 2057 894 2112 LaitlJS,
946 2056 1094 2098 eodem
1129 2059 1340 2113 scriptore
1378 2059 1448 2100 lib.
1478 2058 1506 2099 8
1536 2073 1626 2114 cap.
1660 2057 1699 2110 9,

217 2116 285 2156 vir
315 2131 338 2155 a
372 2121 518 2156 senatu
547 2114 866 2162 illustiissimus,
907 2118 949 2153 et
977 2114 1156 2167 patricia
1201 2115 1402 2171 dignitate
1444 2115 1700 2156 cohonesta-

218 2178 296 2223 tus,
326 2179 370 2213 et
398 2177 518 2212 antea
563 2171 735 2211 tiihutis
778 2169 1060 2210 Orientalibus
1111 2159 1361 2237 recipiendis
1409 2167 1479 2222 (ὃν
1510 2168 1701 2225 ἔπαρχον

217 2228 517 2283 πραιτωρίων,
548 2227 686 2282 inquit
731 2226 825 2278 ille,
871 2223 1079 2267 ειωθασιν
1118 2225 1342 2280 ὀνομάζειν
1380 2225 1607 2283 Ῥωμαῖοι)
1645 2228 1699 2269 ab

219 2286 319 2340 imp.
349 2285 645 2340 praepositus:
688 2298 820 2338 quare
863 2289 1045 2337 uterque
1085 2289 1175 2325 tum
1215 2285 1422 2326 amicitiae
1463 2300 1561 2341 erga
1592 2285 1695 2339 imp.

217 2348 309 2383 tum
333 2356 554 2382 munerum
578 2355 686 2396 quae
730 2340 932 2395 gerebant
972 2340 1115 2392 titulis,
1145 2341 1308 2397 populo
1340 2341 1475 2382 odiosi
1495 2318 1699 2397 querela-

218 2414 315 2440 rum
344 2398 608 2439 occasionem
637 2397 799 2452 populo
830 2397 1150 2451 praestiterunt.

338 2472 446 2515 Ibid.
481 2472 544 2515 16.
605 2468 944 2522 παρενοχλοῦσιν
987 2466 1058 2509 ἵνα
1093 2468 1115 2509 ὅ
1161 2466 1339 2525 κρούκης
1387 2470 1595 2525 διοικήσῃ]
1630 2469 1702 2510 hi-

218 2528 349 2569 storia
378 2529 571 2580 miscella,
605 2527 746 2582 “plebi
777 2534 873 2566 tune
894 2527 1102 2567 molestias
1143 2528 1354 2581 ingerunt,
1384 2533 1432 2566 ut
1465 2541 1608 2567 cruces
1637 2526 1700 2566 his

218 2591 436 2639 ponantur
464 2586 505 2624 in
537 2599 585 2625 ea
614 2598 722 2638 quae
748 2582 949 2624 habemus
984 2584 1204 2638 peccatis.’'
1264 2585 1521 2625 Anastasius:
1554 2582 1697 2638 “plebi

217 2647 315 2682 tuae
343 2642 565 2696 molestias,
600 2646 641 2681 et
673 2654 815 2680 cruces
863 2640 1055 2694 ingerere
1085 2640 1313 2695 disponunt
1343 2642 1383 2680 in
1414 2656 1459 2681 ea
1488 2655 1594 2695 quae
1621 2639 1698 2679 ha-

217 2698 361 2738 bemus
389 2700 599 2753 peccata.'’
659 2699 688 2737 si
720 2696 822 2752 quid
849 2698 989 2750 sapio:
1021 2698 1344 2737 “Constantinus
1369 2704 1410 2738 et
1439 2697 1698 2737 Dementio-

218 2754 279 2794 lus
322 2753 692 2795 administrationis
743 2767 840 2793 suae
884 2754 1093 2807 pravitate
1135 2756 1177 2794 in
1216 2769 1418 2794 summam
1467 2753 1695 2808 augustiam

217 2810 409 2866 polulum
444 2811 740 2853 adduxerunt:
783 2812 888 2851 adeo
931 2816 978 2850 ut
1017 2810 1181 2851 Phocas
1218 2817 1421 2866 tyrannus
1452 2810 1698 2862 cruciarius,
