1728 3184
253 161 313 169 ἢ
339 163 360 166 ,Α
373 161 928 167 ”,--.,,.--»--,..--,,.,.,-..,--
944 162 975 166 --
995 154 1064 169 ’.γ-α-
1076 162 1249 167 0-7-v-mff-
1270 162 1366 168 «ἓ».
1376 163 1499 168 μψγῂ..
1519 161 1692 168 ...ὴ-η.-

724 652 840 694 AD
943 648 987 694 S.
1059 652 1107 694 P.
1176 649 1230 692 N.

282 776 1623 861 ἼΤΗΕΘΡἨΑΝΙΞ

483 950 1471 1002 CHRONOGRAPHIAM

545 1096 594 1137 F.
635 1095 1010 1138 FRANCISCI
1053 1095 1402 1136 COMBEFIS

387 1225 498 1267 Ord.
528 1224 613 1268 FF.
645 1225 997 1267 praedicatorum
1040 1224 1251 1281 Congreg.
1282 1225 1324 1266 S.
1365 1224 1570 1267 Ludovici

321 1349 704 1414 NOTAE
762 1349 1627 1426 POSTERIORES‚

468 1495 617 1540 11’sUM
642 1495 850 1539 monus
876 1495 1129 1539 Aucroms
1158 1495 1487 1550 οοΝΤΕΧΤυΜ,

312 1622 481 1677 eiusque
513 1622 734 1664 Versiones
763 1622 942 1663 strictim
988 1621 1241 1663 illustrantes
1289 1629 1330 1664 et
1361 1621 1637 1664 emendantes.

352 1855 551 1907 Quamvis
582 1857 778 1911 graviora
820 1870 1011 1912 quaeque
1037 1871 1086 1896 ac
1116 1856 1286 1896 maioris
1315 1857 1400 1897 visa
1433 1870 1600 1911 operae,
1634 1871 1707 1897 ve-

238 1925 370 1966 reque
401 1913 768 1967 chronographica
812 1913 1033 1967 occupavit
1062 1914 1111 1953 R.
1130 1913 1180 1953 P.
1207 1913 1349 1954 Iacobi
1380 1915 1498 1954 Goar
1524 1912 1601 1954 τοῦ
1627 1927 1711 1962 μα-

237 1968 413 2020 καρίτου
443 1969 681 2023 diligentia·,
714 1970 912 2024 relegenti
943 1977 1078 2010 tamen
1112 1983 1215 2024 opus
1244 1976 1327 2010 tam
1357 1970 1539 2024 spissum,
1569 1969 1636 2010 cui
1667 1975 1709 2009 et

236 2039 373 2065 meam
402 2025 618 2076 ille,1nox
660 2033 708 2066 ut
739 2027 881 2080 coepit
921 2026 1094 2067 morbus
1126 2028 1304 2080 pulsare,
1339 2027 1548 2067 addictam
1574 2026 1710 2066 voluit

236 2081 481 2122 nonnullam
523 2095 717 2136 operam,
749 2097 998 2135 occurrere,
1033 2098 1114 2137 qua
1145 2098 1222 2124 nec
1254 2083 1613 2124 animadversione
1643 2083 1711 2122 in-

238 2137 384 2192 digna,
413 2153 490 2178 nec
533 2139 802 2179 incommoda
837 2140 1023 2189 omnino,
1055 2139 1130 2179 etsi
1167 2141 1339 2181 forsitan
1368 2140 1539 2191 leviora,
1572 2153 1709 2193 aequo

235 2195 390 2235 lectori
419 2195 656 2235 videantur.
718 2195 818 2236 haec
849 2197 977 2250 igitur
999 2195 1185 2237 1llebon1
1217 2199 1405 2238 consulet
1432 2203 1576 2238 nostra
1606 2195 1710 2236 haec

236 2251 544 2303 schediasmata,
576 2264 624 2291 ac
655 2252 717 2293 vel
734 2267 917 2293 animum
935 2253 1149 2318 plobabi-t,
1173 2255 1322 2309 quibus
1355 2253 1554 2294 decoctae
1582 2267 1708 2306 prae-

237 2315 350 2354 eant,
385 2308 644 2372 posthumae,
673 2323 772 2373 qtuas
802 2309 1011 2363 produco,
1042 2309 1124 2350 viri
1154 2311 1287 2358 doctis
1319 2311 1522 2362 omnibus,
1553 2323 1602 2350 ac
1629 2308 1708 2364 piis

239 2365 463 2406 desiderati
492 2365 821 2405 exercitationes.

349 2438 400 2477 P.
431 2435 456 2478 9
486 2438 513 2478 l.
547 2435 587 2479 6.
656 2451 751 2490 περι
784 2453 843 2477 ων
885 2437 1164 2490 ἑπεοχόμενος
1192 2436 1268 2492 τήν
1294 2434 1561 2490 ὄκτάβιβλον]
1592 2441 1708 2494 atqui

236 2494 404 2535 Eusebii
434 2494 608 2535 historia
643 2491 889 2545 δεκάβιβλος
929 2501 1013 2548 est,
1043 2502 1090 2536 ut
1117 2509 1258 2536 omnes
1288 2501 1469 2535 norunt:
1504 2494 1554 2536 10
1588 2495 1706 2548 libri,

238 2565 322 2591 non
354 2556 465 2590 octo.
524 2550 648 2604 plane
690 2551 905 2605 scripserit
943 2551 1222 2620 Theophanes
1264 2549 1340 2605 τὴν
1377 2549 1412 2604 η’
1452 2551 1610 2603 βίβλον,
1660 2566 1708 2594 ex

238 2621 322 2661 quo
354 2606 570 2661 imperitus
598 2606 857 2661 antiquarius
887 2622 1002 2646 suam
1028 2606 1278 2659 ὄκτάβιβλον
1306 2607 1581 2662 exscripserit.
1637 2609 1708 2663 qui

236 2664 375 2716 legerit
406 2664 557 2704 libram
597 2672 784 2705 octavum
824 2664 1015 2704 historiae
1054 2664 1340 2704 ecclesiasticae
1365 2664 1543 2714 Eusebii,
1571 2662 1620 2704 cle
1647 2665 1709 2705 lu‘s

234 2729 468 2772 cognoffscet
510 2734 595 2774 quo
623 2722 748 2761 etiam
789 2720 899 2760 libro
939 2720 970 2759 is
1001 2721 1075 2760 ista
1096 2721 1281 2760 maxime
1312 2721 1556 2775 cxequitm:
1588 2720 1706 2760 hinc-

238 2790 320 2830 que
346 2776 503 2817 sactum
548 2783 633 2829 est,
665 2783 711 2819 ut
738 2776 798 2818 illi
826 2782 976 2818 octavo
1018 2777 1129 2819 libro
1160 2776 1347 2818 additum
1374 2778 1428 2818 sit
1458 2777 1568 2818 aliud
1602 2790 1706 2833 opus
