1768 3268
567 198 636 240 Ex
676 197 1025 240 THEOPHANE.
1431 196 1453 240 1
1462 192 1526 241 53

61 310 224 351 Zihebit
262 311 510 366 imperatori
549 311 676 352 etiam
716 312 848 352 filium
873 324 993 352 suum
1033 311 1376 367 primogenitum,
1405 312 1528 354 huius

58 368 319 409 sermonibus
351 369 590 419 delectatus,
619 375 663 409 et
690 369 776 409 eius
804 375 891 409 tam
909 368 1072 409 vultum
1104 383 1228 423 quam
1260 369 1530 423 prudentiam

61 424 304 470 admiratus.
361 425 585 480 electisque
611 424 772 465 Zihebil
811 425 1089 480 quadraginta
1127 426 1294 466 milibus
1334 426 1528 467 virorum

54 480 231 521 fortium
261 480 376 522 dedit
406 497 452 522 ea
481 482 523 521 in
548 481 746 523 auxilium
778 481 1040 537 imperatori.
1095 495 1231 536 porro
1259 482 1347 536 ipse
1378 497 1527 524 rever-

51 549 118 576 sus
141 543 202 580 est
237 537 282 578 in
321 539 536 593 regionem
583 553 715 578 suam.
785 538 846 578 his
890 544 1031 579 autem
1070 538 1250 594 acceptis
1293 539 1526 593 imperator

53 599 204 634 contra
233 593 450 643 Chosroen
481 594 690 649 procedit.
765 599 809 635 at
840 609 943 636 vero
984 595 1189 636 Sarbarns
1222 594 1524 636 Chalcedonem
1535 610 1574 646 p·
1588 598 1659 633 487

53 657 315 703 properans,
363 654 603 706 Avaresque
641 666 663 690 a
703 650 868 692 Thrace
907 652 1003 692 urbi
1042 652 1390 707 propinquantes,
1420 653 1526 693 hanc

54 706 305 760 depopulari
333 708 494 756 volunt,
523 715 567 748 et
592 707 732 748 multis
759 708 959 748 machinis
990 708 1182 749 adversus
1213 724 1304 748 eam
1333 723 1526 750 commo-

52 761 193 812 tis„et
223 763 393 804 navium
420 765 682 818 sculptarum
723 779 770 805 ex
806 766 912 806 Istro
958 764 1227 806 multitudine
1264 765 1424 806 infinita
1451 781 1524 806 scu

50 818 345 860 innumerabili
375 820 534 871 delata,
558 821 693 861 sinum
732 835 867 862 cornu
895 822 1182 876 repleverunt.
1257 821 1400 862 decem
1426 837 1525 864 sane

51 875 195 916 diebus
226 877 372 917 urbem
408 877 655 928 obsidentes,
682 878 923 934 bellumque
951 885 1066 919 terra
1092 877 1285 934 marique
1316 884 1521 934 gerentes,

47 929 114 971 dei
141 932 298 974 virtute
325 934 489 988 pariter
524 940 567 974 et
598 936 923 988 cooperatione,
966 950 1044 977 nec
1072 950 1155 975 non
1188 940 1230 975 et
1253 936 1525 977 intemeratae

47 987 115 1028 dei
143 989 289 1030 matris
330 996 374 1030 et
412 990 583 1046 virginis
626 992 991 1033 intercessionibus
1031 992 1218 1046 superati
1251 998 1359 1032 sunt.
1420 993 1524 1048 quin

45 1050 89 1084 et
116 1045 385 1088 multitudine
429 1048 600 1101 copiosa
641 1062 813 1088 suorum
844 1054 929 1088 tam
966 1049 1007 1088 in
1039 1054 1154 1089 terra
1188 1063 1313 1104 quam
1344 1049 1385 1088 in
1416 1050 1524 1090 mari

44 1099 247 1154 deposita,
278 1117 376 1143 cum
414 1101 572 1158 ingenti
613 1105 860 1145 confusione
904 1104 956 1144 ad
984 1105 1076 1146 loca
1119 1119 1191 1145 sua
1223 1105 1380 1146 reversi
1407 1112 1521 1146 sunt.

45 1159 416 1212 porroSarbarus
454 1160 761 1202 Chalcedonem
805 1161 997 1202 obsidens
1040 1176 1125 1202 non
1165 1161 1411 1217 emigravit,
1451 1162 1523 1204 sed

45 1213 202 1255 ibidem
231 1215 445 1268 hiemavit,
475 1223 563 1257 tam
594 1217 851 1258 incursiones
870 1233 992 1273 agens
1021 1233 1234 1274 quamque
1262 1217 1521 1274 depraedans

44 1271 269 1313 confinales
301 1279 458 1327 partes,
492 1279 535 1314 et
564 1273 752 1314 civitates
782 1275 877 1329 igne
906 1274 1162 1330 disperdens.

152 1344 274 1384 Anno
309 1345 477 1400 imperii
505 1346 568 1388 sui
601 1346 651 1387 17
685 1347 898 1388 Heraclius
932 1363 956 1388 a
986 1363 1124 1389 mense
1151 1348 1419 1403 Septembrio
1447 1349 1518 1389 in-

40 1413 199 1453 gressus
229 1401 444 1442 Persidem
472 1418 556 1443 una
584 1418 679 1444 cum
701 1405 851 1445 Turcis
879 1405 1095 1459 inopinate
1124 1412 1304 1459 propter
1334 1404 1514 1447 hiemem

41 1456 82 1496 in
114 1457 303 1498 ecstasim
346 1459 458 1499 misit
495 1459 742 1511 Chosroen,
787 1475 882 1501 cum
915 1461 998 1501 hoc
1039 1461 1264 1502 didicisset.
1334 1468 1378 1502 at
1408 1477 1514 1503 vero

35 1513 167 1554 'sm—ci
209 1519 294 1554 tam
330 1514 467 1556 hicme
507 1530 634 1571 quam
676 1518 966 1572 frequentibus
1014 1518 1238 1558 Persarum
1283 1518 1515 1565 incursibus

35 1571 343 1625 contemplatis,
377 1586 460 1611 non
492 1571 675 1613 ferentes
705 1574 871 1627 pariter
887 1588 982 1614 cum
1010 1574 1286 1629 imperatore,
1316 1575 1515 1616 laborare

35 1635 269 1680 coeperunt
298 1628 586 1684 paulatimque
628 1630 819 1671 diffluere
838 1660 852 1684 ,
894 1637 936 1671 et
964 1646 1122 1672 ffomnes
1158 1646 1209 1672 eo
1241 1631 1408 1672 dimisso
1440 1647 1516 1674 re-v

34 1683 143 1722 versi
173 1690 281 1724 sunt.
351 1691 415 1725 ast
445 1685 680 1740 imperator
721 1688 924 1728 allocutus
955 1695 1017 1729 est
1052 1688 1259 1743 populum
1291 1703 1412 1728 suum
1443 1689 1512 1729 di-

34 1753 129 1779 cens
155 1740 346 1792 “scitote,
376 1742 543 1792 fratres,
573 1744 670 1798 quia
692 1758 816 1784 nemo
838 1744 958 1784 nobis
990 1745 1082 1785 vult
1110 1745 1300 1785 auxiliari
1328 1745 1406 1786 nisi
1436 1744 1639 1793 so-p-488

35 1795 98 1835 lus
126 1795 240 1847 deus,
275 1805 317 1838 et
343 1813 452 1853 quae
483 1799 595 1840 hunc
622 1801 791 1854 peperit
816 1801 903 1842 sine
923 1801 1078 1842 semine
1108 1809 1257 1853 mater,
1288 1808 1336 1842 ut
1363 1809 1510 1842 osten-

31 1851 104 1891 dat
132 1855 367 1907 potentiam
393 1869 524 1907 suam,
554 1858 754 1911 quoniam
783 1871 868 1896 non
892 1857 933 1897 in
952 1858 1219 1899 multitudine
1248 1858 1508 1913 populorum

32 1922 104 1948 seu
136 1925 355 1951 armorum
378 1917 439 1952 est
470 1912 594 1965 salus,
623 1914 694 1954 sed
727 1914 775 1953 in
808 1928 878 1955 eos
911 1915 984 1970 qui
1022 1922 1195 1969 sperant
1221 1930 1349 1970 super
1380 1916 1507 1957 mise-

29 1964 215 2006 ricordia
242 1968 341 2018 eius,
367 1968 501 2009 mittit
529 1969 789 2010 adiutorium
809 1974 968 2011 suum.’'
1001 1978 1045 2011 at
1071 1986 1174 2012 vero
1189 1972 1394 2013 Chosroes
1426 1986 1507 2012 co-

31 2023 234 2064 acervatis
264 2025 423 2065 cunctis
459 2025 614 2066 militiis
655 2027 735 2067 suis
763 2035 1009 2081 praetorem
1034 2028 1235 2083 provehit
1263 2043 1391 2083 super
1417 2029 1503 2071 illas

30 2077 312 2131 Rhazantem‚
361 2081 500 2122 virum
530 2083 887 2124 bellicosissimum
923 2099 972 2124 ac
1000 2086 1287 2135 fortissimum,
1323 2091 1366 2126 et
1390 2085 1503 2126 hunc

28 2133 223 2176 adversus
252 2137 491 2178 Heraclium
522 2139 713 2180 destinat.
761 2145 804 2180 at
837 2141 1072 2195 imperator
1102 2142 1290 2183 civitates
1319 2142 1502 2185 Persidis

26 2196 155 2246 atque
186 2193 352 2233 castella
383 2194 468 2249 igni
494 2195 683 2245 tradidit,
713 2203 756 2238 et
798 2197 1037 2239 accedentes
1065 2199 1210 2239 Persas
1241 2199 1499 2253 rhomphaea

25 2249 246 2288 consumit.
302 2251 478 2304 septima
508 2265 610 2292 vero
638 2252 728 2293 idus
759 2253 960 2294 Octobris
987 2255 1183 2309 pervenit
1212 2256 1253 2295 in
1283 2256 1499 2310 regionem

24 2303 283 2356 chamaitha‚
316 2313 359 2347 et
388 2307 638 2349 refocillavit
675 2310 880 2364 populum
920 2326 999 2365 per
1027 2313 1233 2367 integram
1263 2312 1498 2352 hebdoma-

23 2359 130 2400 dam.
187 2362 386 2404 Rhazates
431 2371 571 2404 autem
607 2367 773 2407 veniens
802 2367 1071 2408 Ganzachum
1116 2375 1214 2423 post
1241 2383 1336 2409 eum
1363 2369 1496 2409 factus

21 2422 83 2457 est
113 2423 155 2457 et
181 2425 368 2471 secutus,
415 2420 613 2461 Romanis
642 2429 738 2463 ante
782 2425 1054 2478 pergentibus
1082 2432 1125 2466 et
1153 2425 1493 2465 consumentibus
1543 2476 1548 2481 .

22 2486 146 2513 escas.
205 2475 291 2529 ipse
330 2491 433 2517 vero
465 2484 562 2531 post
591 2484 780 2534 tergum,
821 2486 870 2519 ut
901 2482 1011 2522 canis
1040 2482 1192 2522 famem
1222 2481 1395 2535 patiens,
1423 2480 1492 2521 vix

21 2529 74 2570 de
106 2531 220 2571 micis
251 2547 401 2573 eornm
430 2533 718 2584 nutriebatur;
755 2542 797 2576 et
821 2550 915 2576 cum
939 2553 1021 2577 non
1054 2538 1260 2578 inveniret
1287 2544 1489 2592 sumptus,

19 2586 150 2626 multa
172 2602 219 2628 ex
246 2589 521 2630 animantibus
552 2590 676 2644 ipsius
698 2600 944 2647 consumpta
972 2601 1081 2634 sunt.
1138 2593 1322 2634 kalendis
1350 2600 1488 2634 antem

19 2642 320 2686 Decembribus
350 2646 463 2687 venit
494 2646 728 2701 imperator
758 2649 811 2689 ad
842 2650 1015 2690 fluvium
1036 2665 1230 2704 magnum
1260 2650 1415 2701 Zaban,
1447 2656 1490 2691 et

17 2712 114 2739 cum
143 2699 255 2741 hunc
298 2703 544 2752 transiisset,
589 2710 722 2745 castra
766 2712 944 2747 metatus
978 2714 1038 2746 est
1067 2707 1177 2746 iuxta
1205 2706 1352 2747 Ninive
1380 2707 1489 2747 civi-

13 2759 157 2796 tatem.
214 2758 328 2798 venit
359 2767 500 2800 autem
527 2759 727 2802 Rhazates
760 2776 884 2816 penes
930 2762 1078 2802 vadum
1107 2768 1270 2803 secutus
1299 2778 1411 2814 eum,
1443 2771 1487 2804 et

16 2822 111 2852 cum
152 2812 425 2857 descendisset
470 2816 605 2857 tribus
645 2818 856 2869 miliariis,
887 2819 1047 2874 reperit
1091 2818 1204 2859 aliud
1242 2818 1396 2861 vadum
1443 2825 1485 2861 et
1585 2834 1591 2882 3
