1728 3184
475 187 661 234 NOTAE
687 189 1066 238 POSTERIORES.
1412 193 1506 240 601

59 299 292 397 pugnas-tias,
318 300 571 358 strictosque
607 303 762 359 giadios
799 306 840 345 in
868 308 1003 362 sugam
1039 310 1211 361 effusos,
1239 310 1392 367 multos
1424 313 1510 352 suf..

78 371 207 398 ocari.

117 499 119 501 ι
167 439 263 492 351,
294 438 334 481 3.
389 440 466 482 τοῦ
493 437 748 498 Ξηρολόφου
778 444 910 493 κιόιός
939 440 1338 503 ἆποπεταλλωθῆναι
1364 450 1508 503 μέρος·

59 495 134 537 κατ’
157 494 185 550 ἢ
213 495 375 553 κεφαλή
420 495 638 552 ἦγεγλυμ]
679 499 737 539 sic
773 501 884 541 clare
913 503 1012 557 Reg.
1053 519 1101 544 ae
1145 506 1370 547 emendate.
1429 507 1512 547 ταῖν

59 549 271 605 Πάρδου·
328 550 412 595 α’πὸ
444 553 522 594 τοῦ
560 552 735 594 Χάλκου
768 554 1058 613 Τετραπύλου,
1085 559 1164 608 ἓως
1192 561 1266 615 τῆς
1293 562 1512 617 λεγομένης

60 605 114 652 τὰ
136 608 367 659 Ἐλευσιάς.
397 611 499 666 Reg.
531 610 655 651 Cedr.
687 619 765 653 etc.

66 747 158 792 δειλ
171 691 268 763 353,
298 693 339 736 2.
394 692 440 735 ἒν
467 693 665 750 δειλινῆς]
700 696 899 739 Buccard.
930 697 976 738 ἑκ
1003 697 1104 739 deta.
1134 699 1316 754 probat:
1349 715 1439 755 ego,
1469 699 1515 741 ἐν

160 763 278 799 ινοις.

172 821 272 872 354,
301 821 342 866 7.
410 818 485 864 ἐπὶ
524 824 742 876 σεκρὲτου]
779 826 1008 868 Anastasius
1048 841 1144 868 cum
1183 827 1346 878 reddat,
1384 842 1516 868 coram

63 887 222 931 senatu,
249 879 412 935 legerit,
440 878 513 920 ἐπὶ
537 878 798 934 συγκλήτους
836 893 980 923 senatu
1005 885 1213 935 assidente,
1241 897 1397 939 requoe
1421 898 1515 937 spe-

61 943 216 988 clance,
245 934 360 991 quod
389 942 434 977 et
461 935 597 990 aptius
626 937 690 979 sit.
727 939 928 979 Buccardi
957 940 1197 980 coniectura
1226 946 1275 980 ut
1301 939 1518 995 legendum

64 991 132 1043 sit,
160 990 506 1046 ἐπισκιρτοῦντος,
536 998 583 1034 ut
612 993 722 1033 dicat
750 1002 900 1036 auctor
930 997 1136 1051 proiectas
1167 996 1367 1037 eiusmodi
1395 996 1517 1036 Toti-

63 1047 127 1089 lae
152 1054 282 1089 vestes
313 1047 366 1089 ad
393 1048 519 1102 pedes
565 1051 776 1090 Iustiniani
816 1052 929 1092 velut
958 1052 1184 1103 insilientis,
1214 1067 1261 1093 ac
1283 1053 1389 1093 fastu
1417 1066 1518 1091 eon-

66 1104 280 1157 culcautis,
310 1104 413 1146 nihil
453 1106 507 1146 ad
537 1120 651 1158 rem,
685 1113 755 1146 aut
781 1122 802 1148 e
831 1108 999 1149 decoro.
1030 1109 1075 1148 τὸ
1106 1109 1317 1162 σέκρετον,
1349 1108 1519 1148 cubicu-

66 1160 153 1202 lum
184 1161 226 1202 in
264 1161 448 1216 palatio,
481 1176 564 1219 quo
610 1163 668 1203 ita
697 1170 825 1204 vestes
867 1165 1066 1205 eiusmodi
1112 1164 1315 1220 triumphi
1343 1164 1520 1219 quadam

65 1218 204 1284 speeie
229 1217 369 1260 illatae
395 1218 490 1272 sint,
518 1233 568 1260 ac
596 1219 823 1275 proiectae,
852 1221 1128 1276 spectantibus
1156 1222 1254 1262 viris
1284 1222 1400 1262 aulae
1428 1220 1519 1274 pri-

67 1289 223 1316 marus.

182 1342 367 1400 354,16.
400 1347 566 1390 πολλῶν
599 1349 866 1403 κινηθέντων]
895 1350 1027 1390 multis
1057 1349 1165 1391 ultro
1190 1351 1365 1406 citroque
1393 1363 1519 1405 quae-

67 1403 183 1454 sitis;
212 1410 261 1446 ut.
290 1404 385 1447 fieri
411 1406 520 1447 solet
549 1420 644 1446 cum
673 1407 762 1460 quis
792 1406 917 1447 alium
942 1407 981 1446 in
1012 1421 1126 1447 suam
1157 1406 1399 1447 sententiam
1430 1411 1522 1445 tra-

70 1460 176 1502 here
202 1468 396 1503 conatur.
435 1463 574 1504 Anast.
612 1463 744 1503 multis
771 1466 911 1512 ηιοιίες
950 1477 1024 1504 nec
1053 1463 1160 1504 bene
1188 1477 1318 1503 novus
1349 1461 1524 1516 interpr.

73 1519 214 1560 multis
237 1518 580 1560 tumultuantibus-

183 1589 282 1643 355,
299 1590 340 1632 5.
395 1588 760 1647 προσεδρεύοντες.
788 1591 910 1632 πάλιν
941 1592 1000 1649 τῷ
1024 1588 1159 1649 χρόνῳ
1187 1586 1338 1647 τούτῳ]
1385 1589 1526 1630 iterum

71 1649 147 1689 hoc
171 1662 281 1689 anno
307 1648 368 1689 ad
398 1649 607 1690 Romanos
634 1659 900 1697 accesserunt3
932 1664 1025 1689 cum
1053 1649 1207 1689 scilicet
1233 1653 1328 1688 ante
1353 1645 1527 1686 defecis-

72 1712 178 1757 sent,
210 1720 296 1746 non
323 1712 372 1746 ut
399 1705 512 1747 intra
542 1705 720 1746 eundem
741 1721 891 1745 annum
914 1706 1032 1745 ambo
1061 1705 1163 1745 haec
1185 1703 1448 1759 contigerint,
1480 1707 1528 1742 ut

73 1769 225 1804 sonant
253 1762 383 1803 verba
425 1763 602 1818 interpr.
635 1761 830 1803 videndus
859 1763 1039 1816 Procop.
1067 1761 1093 1805 l.
1120 1762 1144 1802 2
1173 1762 1286 1802 Pers.
1315 1760 1387 1800 ubi
1416 1757 1527 1798 illam

75 1818 356 1861 defectionem
399 1827 580 1871 narrat,
626 1833 833 1874 quamque
872 1819 975 1858 male
1014 1833 1063 1859 eo
1095 1831 1204 1857 anno
1244 1831 1307 1857 res
1334 1815 1527 1856 Romanis

72 1876 270 1918 cesserint
297 1874 515 1917 Belissario
544 1875 666 1929 duce,
697 1890 745 1916 ac
770 1874 987 1930 proditore
1019 1874 1171 1915 Aretha
1196 1874 1418 1913 Saraceno.

186 1948 293 1990 lbid.
325 1948 390 1990 18.
444 1948 519 2002 ’τῆς
550 1946 708 2003 πόρτης
735 1947 812 1989 τοῦ
834 1946 1042 1999 Ῥουσιόυ]
1089 1946 1214 1988 Cedr.
1247 1946 1322 1998 τῆς
1350 1944 1528 2000 Χρυσῆς

72 2001 245 2060 πόρτης.
301 2003 349 2045 ἐν
371 2001 430 2061 τῷ
457 2004 717 2062 πραιτωρίῳ.
774 2020 852 2045 vox
881 2004 1023 2044 omissa
1054 2002 1287 2057 interpreti.

184 2075 282 2129 356,
310 2076 351 2119 9.
407 2076 677 2133 ἔφούρκισεν]
717 2077 928 2134 suspendio
964 2076 1141 2117 necavit.-
1167 2073 1279 2130 apud
1307 2073 1429 2115 Cedr.
1456 2080 1529 2124 est,

54 2130 353 2190 κέφούλκισενς
382 2134 652 2191 vitiosiusque
678 2136 805 2189 Regia
835 2133 935 2175 edit.
963 2129 1198 2188 ἐφύλκισεν.

182 2206 293 2248 Ιόἰᾰ.
324 2207 390 2248 15.
446 2206 692 2259 οἷνέσκαψαν
721 2205 793 2248 τὸν
823 2203 1026 2259 ὕπαρχον]
1052 2205 1155 2246 diris
1183 2204 1450 2250 devoverunt,
1479 2217 1530 2242 ae

75 2260 213 2317 qfficio
250 2263 499 2305 movendum
542 2265 868 2312 corzclamamrzc3
908 2264 1020 2302 velut
1056 2261 1169 2301 cuius
1208 2261 1328 2313 culpa
1375 2258 1531 2299 deesset

75 2319 175 2362 urbi
204 2327 471 2362 commeatus.
503 2334 582 2361 vox
610 2326 671 2362 est
700 2321 742 2360 in
774 2319 972 2360 eiusmodi
1003 2324 1174 2358 auctore
1200 2314 1527 2364 familiarissima,

75 2391 154 2417 nec
179 2377 288 2419 bene
315 2377 385 2418 hie
419 2376 582 2418 reddita
600 2408 613 2428 ‚
640 2378 837 2433 praejecti
863 2377 1021 2416 domum
1048 2382 1284 2414 everterunt.
1343 2387 1410 2412 res
1439 2377 1530 2411 tota

76 2433 120 2474 iu
152 2433 269 2474 circo
300 2440 425 2490 gesta,
455 2434 528 2475 ubi
571 2434 706 2475 eidem
734 2434 947 2487 praefecto
974 2431 1154 2471 iniuncta
1185 2430 1225 2469 in
1257 2443 1325 2469 eos
1357 2427 1429 2483 qui
1459 2433 1532 2466 tu·-

73 2489 269 2531 multuati
296 2497 440 2542 essent,
470 2490 799 2541 animadversi03
829 2504 914 2529 non
942 2488 1038 2543 quia
1069 2487 1150 2527 eius
1179 2490 1417 2525 everterant
1449 2483 1530 2523 do..

0 2550 1 2562 ¹
73 2561 206 2599 mum,
235 2547 308 2588 sed
339 2548 437 2603 quia
466 2548 542 2588 sub
573 2553 843 2601 conspectum
871 2546 1091 2586 Persarum
1121 2540 1374 2593 κατέκραζον
1401 2538 1531 2593 αὕτῷς

74 2601 135 2643 ita
163 2603 206 2644 in
235 2618 346 2656 eum,
374 2610 502 2658 atque
541 2603 646 2644 adeo
679 2605 1001 2657 imperatorem,
1029 2598 1245 2640 vociferati
1278 2601 1412 2638 erant.
1442 2594 1532 2638 Εὕ-

75 2658 207 2714 &qvia
237 2653 301 2714 ἦν.
329 2659 544 2712 Ἀνθᾲιος.
575 2661 675 2714 Reg.
708 2666 787 2700 etc.

187 2736 284 2790 357,
317 2738 382 2778 14.
447 2735 553 2791 μηνί
575 2735 810 2793 Ὀκτωβρίῳ
841 2735 896 2777 ιθ’
928 2733 1062 2790 ἡμέρᾳ
1090 2729 1139 2788 ς’]
1181 2731 1288 2773 male
1331 2731 1432 2771 haec
1461 2744 1534 2770 ex-

76 2807 217 2850 pressa
246 2811 295 2839 ex
310 2797 410 2852 Reg.
440 2796 574 2838 anem
606 2808 782 2836 numero
813 2793 894 2836 diei
923 2789 1204 2834 hebdomadae
1231 2803 1326 2829 cum
1359 2799 1532 2829 numero
