<?xml version="1.0" encoding="UTF-8"?>
<!DOCTYPE html PUBLIC "-//W3C//DTD XHTML 1.0 Transitional//EN"
    "http://www.w3.org/TR/xhtml1/DTD/xhtml1-transitional.dtd">
<html xmlns="http://www.w3.org/1999/xhtml" xml:lang="en" lang="en">
 <head>
  <title>
</title>
<meta http-equiv="Content-Type" content="text/html;charset=utf-8" />
  <meta name='ocr-system' content='tesseract 3.04.00' />
  <meta name='ocr-capabilities' content='ocr_page ocr_carea ocr_par ocr_line ocrx_word'/>
</head>
<body>
  <div class='ocr_page' id='page_1' title='image "./corpusscriptorum47niebuoft_0599.png"; bbox 0 0 1728 3184; ppageno 0'>
   <div class='ocr_carea' id='block_1_1' title="bbox 450 189 1488 240">
    <p class='ocr_par' dir='ltr' id='par_1_1' title="bbox 450 189 1488 240">
     <span class='ocr_line' id='line_1_1' title="bbox 450 189 1488 240; baseline 0.008 -8"><span class='ocrx_word' id='word_1_1' title='bbox 450 189 635 233; x_wconf 71' lang='lat' dir='ltr'>NOTAE</span> <span class='ocrx_word' id='word_1_2' title='bbox 680 190 1061 237; x_wconf 70' lang='lat' dir='ltr'>POSTERIORFS.</span> <span class='ocrx_word' id='word_1_3' title='bbox 1394 191 1488 240; x_wconf 79' lang='lat'><strong>589</strong></span> 
     </span>
    </p>
   </div>
   <div class='ocr_carea' id='block_1_2' title="bbox 30 302 1514 1709">
    <p class='ocr_par' dir='ltr' id='par_1_2' title="bbox 30 302 1514 1709">
     <span class='ocr_line' id='line_1_2' title="bbox 32 302 1495 365; baseline 0.003 -18"><span class='ocrx_word' id='word_1_4' title='bbox 32 302 285 347; x_wconf 74' lang='lat' dir='ltr'><strong>Anastasius</strong></span> <span class='ocrx_word' id='word_1_5' title='bbox 300 303 595 345; x_wconf 80' lang='lat' dir='ltr'><strong>Macedonium</strong></span> <span class='ocrx_word' id='word_1_6' title='bbox 624 305 840 361; x_wconf 77' lang='lat' dir='ltr'><strong>reprobare</strong></span> <span class='ocrx_word' id='word_1_7' title='bbox 867 308 1070 362; x_wconf 76' lang='lat' dir='ltr'><em>synodum,</em></span> <span class='ocrx_word' id='word_1_8' title='bbox 1087 309 1428 365; x_wconf 80' lang='lat' dir='ltr'><em>quemadmodum</em></span> <span class='ocrx_word' id='word_1_9' title='bbox 1454 319 1495 352; x_wconf 77' lang='lat' dir='ltr'><strong>et</strong></span> 
     </span>
     <span class='ocr_line' id='line_1_3' title="bbox 37 359 1492 421; baseline 0.001 -19"><span class='ocrx_word' id='word_1_10' title='bbox 37 363 181 402; x_wconf 76' lang='lat' dir='ltr'><strong>Elium</strong></span> <span class='ocrx_word' id='word_1_11' title='bbox 211 359 657 412; x_wconf 55' lang='lat' dir='ltr'><strong>Hterosoqmicanum:</strong></span> <span class='ocrx_word' id='word_1_12' title='bbox 690 362 761 415; x_wconf 90' lang='lat' dir='ltr'><strong>qui</strong></span> <span class='ocrx_word' id='word_1_13' title='bbox 793 361 985 402; x_wconf 83' lang='lat' dir='ltr'><strong>nimirum</strong></span> <span class='ocrx_word' id='word_1_14' title='bbox 1015 379 1121 404; x_wconf 87' lang='lat' dir='ltr'><strong>anno</strong></span> <span class='ocrx_word' id='word_1_15' title='bbox 1150 368 1357 419; x_wconf 81' lang='lat' dir='ltr'><strong>superiori</strong></span> <span class='ocrx_word' id='word_1_16' title='bbox 1383 379 1492 421; x_wconf 84' lang='lat' dir='ltr'><strong>pro-</strong></span> 
     </span>
     <span class='ocr_line' id='line_1_4' title="bbox 32 416 1492 474; baseline 0.003 -16"><span class='ocrx_word' id='word_1_17' title='bbox 32 419 158 458; x_wconf 76' lang='lat' dir='ltr'><strong>fessus</strong></span> <span class='ocrx_word' id='word_1_18' title='bbox 187 421 291 457; x_wconf 86' lang='lat' dir='ltr'><strong>esset</strong></span> <span class='ocrx_word' id='word_1_19' title='bbox 317 429 362 457; x_wconf 86' lang='lat' dir='ltr'><strong>se</strong></span> <span class='ocrx_word' id='word_1_20' title='bbox 389 430 480 457; x_wconf 89' lang='lat' dir='ltr'><strong>eam</strong></span> <span class='ocrx_word' id='word_1_21' title='bbox 523 418 734 471; x_wconf 79' lang='lat' dir='ltr'><strong>recipere3</strong></span> <span class='ocrx_word' id='word_1_22' title='bbox 764 416 838 456; x_wconf 74' lang='grc' dir='ltr'><strong>καί</strong></span> <span class='ocrx_word' id='word_1_23' title='bbox 873 416 948 469; x_wconf 74' lang='grc' dir='ltr'><strong>τήν</strong></span> <span class='ocrx_word' id='word_1_24' title='bbox 975 417 1020 458; x_wconf 78' lang='grc' dir='ltr'><strong>ἐν</strong></span> <span class='ocrx_word' id='word_1_25' title='bbox 1046 418 1281 474; x_wconf 77' lang='grc' dir='ltr'><strong><em>Χαλκηδόνι</em></strong></span> <span class='ocrx_word' id='word_1_26' title='bbox 1311 418 1492 463; x_wconf 73' lang='grc' dir='ltr'><strong>σύνοδον</strong></span> 
     </span>
     <span class='ocr_line' id='line_1_5' title="bbox 30 468 1490 531; baseline 0.003 -17"><span class='ocrx_word' id='word_1_27' title='bbox 30 468 373 525; x_wconf 64' lang='grc' dir='ltr'><strong><em>ἀποδεχόμενος-,-</em></strong></span> <span class='ocrx_word' id='word_1_28' title='bbox 418 473 588 513; x_wconf 87' lang='lat' dir='ltr'><strong>maioris</strong></span> <span class='ocrx_word' id='word_1_29' title='bbox 637 472 795 527; x_wconf 84' lang='lat' dir='ltr'><strong>aliquid</strong></span> <span class='ocrx_word' id='word_1_30' title='bbox 825 473 922 513; x_wconf 82' lang='lat' dir='ltr'><strong>fidei</strong></span> <span class='ocrx_word' id='word_1_31' title='bbox 960 474 1147 515; x_wconf 87' lang='lat' dir='ltr'><strong>exhibens</strong></span> <span class='ocrx_word' id='word_1_32' title='bbox 1175 491 1298 531; x_wconf 84' lang='lat' dir='ltr'><strong>quam</strong></span> <span class='ocrx_word' id='word_1_33' title='bbox 1327 479 1490 518; x_wconf 82' lang='lat' dir='ltr'><strong>Flavia-</strong></span> 
     </span>
     <span class='ocr_line' id='line_1_6' title="bbox 32 527 1492 588; baseline 0 -18"><span class='ocrx_word' id='word_1_34' title='bbox 32 543 122 581; x_wconf 86' lang='lat' dir='ltr'><strong>nus,</strong></span> <span class='ocrx_word' id='word_1_35' title='bbox 149 528 223 584; x_wconf 85' lang='lat' dir='ltr'><strong>qui</strong></span> <span class='ocrx_word' id='word_1_36' title='bbox 252 527 402 584; x_wconf 81' lang='lat' dir='ltr'><strong>synodi</strong></span> <span class='ocrx_word' id='word_1_37' title='bbox 446 542 598 569; x_wconf 89' lang='lat' dir='ltr'><strong>nomen</strong></span> <span class='ocrx_word' id='word_1_38' title='bbox 628 529 929 582; x_wconf 83' lang='lat' dir='ltr'><strong>suppressisset,</strong></span> <span class='ocrx_word' id='word_1_39' title='bbox 974 535 1020 570; x_wconf 84' lang='lat' dir='ltr'><strong>ut</strong></span> <span class='ocrx_word' id='word_1_40' title='bbox 1048 536 1089 571; x_wconf 89' lang='lat' dir='ltr'><strong>et</strong></span> <span class='ocrx_word' id='word_1_41' title='bbox 1117 532 1266 572; x_wconf 89' lang='lat' dir='ltr'><strong>iterum</strong></span> <span class='ocrx_word' id='word_1_42' title='bbox 1295 547 1492 588; x_wconf 73' lang='lat' dir='ltr'><strong>suppreS-</strong></span> 
     </span>
     <span class='ocr_line' id='line_1_7' title="bbox 30 584 1493 644; baseline 0.003 -19"><span class='ocrx_word' id='word_1_43' title='bbox 30 586 98 637; x_wconf 87' lang='lat' dir='ltr'><strong>sit,</strong></span> <span class='ocrx_word' id='word_1_44' title='bbox 123 584 353 626; x_wconf 74' lang='lat' dir='ltr'><strong>rescribens</strong></span> <span class='ocrx_word' id='word_1_45' title='bbox 393 598 416 625; x_wconf 90' lang='lat' dir='ltr'><strong>e</strong></span> <span class='ocrx_word' id='word_1_46' title='bbox 459 584 622 640; x_wconf 85' lang='lat' dir='ltr'><strong>synodo</strong></span> <span class='ocrx_word' id='word_1_47' title='bbox 665 584 776 638; x_wconf 85' lang='lat' dir='ltr'><strong>apud</strong></span> <span class='ocrx_word' id='word_1_48' title='bbox 807 585 1003 626; x_wconf 85' lang='lat' dir='ltr'><strong>Sidonem</strong></span> <span class='ocrx_word' id='word_1_49' title='bbox 1040 587 1268 628; x_wconf 79' lang='lat' dir='ltr'><strong>celebrata:</strong></span> <span class='ocrx_word' id='word_1_50' title='bbox 1315 604 1493 644; x_wconf 90' lang='lat' dir='ltr'><strong>cumque</strong></span> 
     </span>
     <span class='ocr_line' id='line_1_8' title="bbox 33 640 1493 700; baseline 0.001 -17"><span class='ocrx_word' id='word_1_51' title='bbox 33 656 86 683; x_wconf 89' lang='lat' dir='ltr'><strong>eo</strong></span> <span class='ocrx_word' id='word_1_52' title='bbox 118 641 287 682; x_wconf 86' lang='lat' dir='ltr'><strong>nomine</strong></span> <span class='ocrx_word' id='word_1_53' title='bbox 314 646 405 682; x_wconf 87' lang='lat' dir='ltr'><strong>tum</strong></span> <span class='ocrx_word' id='word_1_54' title='bbox 437 641 538 696; x_wconf 90' lang='lat' dir='ltr'><strong>ipse,</strong></span> <span class='ocrx_word' id='word_1_55' title='bbox 567 647 660 681; x_wconf 88' lang='lat' dir='ltr'><strong>tum</strong></span> <span class='ocrx_word' id='word_1_56' title='bbox 687 640 793 680; x_wconf 86' lang='lat' dir='ltr'><strong>Elias</strong></span> <span class='ocrx_word' id='word_1_57' title='bbox 822 657 845 682; x_wconf 81' lang='lat' dir='ltr'><strong>a</strong></span> <span class='ocrx_word' id='word_1_58' title='bbox 874 642 1043 693; x_wconf 83' lang='lat' dir='ltr'><strong>Xenaia‚</strong></span> <span class='ocrx_word' id='word_1_59' title='bbox 1071 642 1239 699; x_wconf 86' lang='lat' dir='ltr'><strong>aliisque</strong></span> <span class='ocrx_word' id='word_1_60' title='bbox 1267 645 1493 700; x_wconf 86' lang='lat' dir='ltr'><strong>Eutychia-</strong></span> 
     </span>
     <span class='ocr_line' id='line_1_9' title="bbox 37 696 1493 755; baseline 0.002 -17"><span class='ocrx_word' id='word_1_61' title='bbox 37 697 154 738; x_wconf 74' lang='lat' dir='ltr'><strong>nistis</strong></span> <span class='ocrx_word' id='word_1_62' title='bbox 181 702 459 749; x_wconf 85' lang='lat' dir='ltr'><strong>accusentur,</strong></span> <span class='ocrx_word' id='word_1_63' title='bbox 502 696 620 752; x_wconf 89' lang='lat' dir='ltr'><strong>quod</strong></span> <span class='ocrx_word' id='word_1_64' title='bbox 650 697 834 738; x_wconf 87' lang='lat' dir='ltr'><strong>nolentes</strong></span> <span class='ocrx_word' id='word_1_65' title='bbox 882 705 1027 752; x_wconf 84' lang='lat' dir='ltr'><strong>aperte</strong></span> <span class='ocrx_word' id='word_1_66' title='bbox 1057 697 1253 740; x_wconf 81' lang='lat' dir='ltr'><strong>damnare</strong></span> <span class='ocrx_word' id='word_1_67' title='bbox 1275 701 1493 755; x_wconf 85' lang='lat' dir='ltr'><strong>synodum,</strong></span> 
     </span>
     <span class='ocr_line' id='line_1_10' title="bbox 38 752 1494 810; baseline 0.002 -16"><span class='ocrx_word' id='word_1_68' title='bbox 38 752 312 795; x_wconf 82' lang='lat' dir='ltr'><strong>concordiam</strong></span> <span class='ocrx_word' id='word_1_69' title='bbox 356 753 397 793; x_wconf 89' lang='lat' dir='ltr'><strong>in</strong></span> <span class='ocrx_word' id='word_1_70' title='bbox 444 752 604 810; x_wconf 75' lang='lat' dir='ltr'><strong>synodo</strong></span> <span class='ocrx_word' id='word_1_71' title='bbox 645 753 974 808; x_wconf 86' lang='lat' dir='ltr'><strong>impedivissent,</strong></span> <span class='ocrx_word' id='word_1_72' title='bbox 1008 769 1092 795; x_wconf 90' lang='lat' dir='ltr'><strong>non</strong></span> <span class='ocrx_word' id='word_1_73' title='bbox 1120 755 1242 796; x_wconf 88' lang='lat' dir='ltr'><strong>video</strong></span> <span class='ocrx_word' id='word_1_74' title='bbox 1271 763 1316 796; x_wconf 91' lang='lat' dir='ltr'><strong>ut</strong></span> <span class='ocrx_word' id='word_1_75' title='bbox 1347 770 1494 798; x_wconf 87' lang='lat' dir='ltr'><strong>errore</strong></span> 
     </span>
     <span class='ocr_line' id='line_1_11' title="bbox 37 809 1495 866; baseline 0.003 -16"><span class='ocrx_word' id='word_1_76' title='bbox 37 815 173 859; x_wconf 79' lang='lat' dir='ltr'><strong>vacet,</strong></span> <span class='ocrx_word' id='word_1_77' title='bbox 205 809 320 865; x_wconf 90' lang='lat' dir='ltr'><strong>quod</strong></span> <span class='ocrx_word' id='word_1_78' title='bbox 348 809 405 849; x_wconf 84' lang='lat' dir='ltr'><strong>ibi</strong></span> <span class='ocrx_word' id='word_1_79' title='bbox 431 809 588 850; x_wconf 87' lang='lat' dir='ltr'><strong>habent</strong></span> <span class='ocrx_word' id='word_1_80' title='bbox 614 809 881 864; x_wconf 82' lang='lat' dir='ltr'><strong>Theophanis</strong></span> <span class='ocrx_word' id='word_1_81' title='bbox 924 811 1187 866; x_wconf 81' lang='lat' dir='ltr'><strong>exemplaria,</strong></span> <span class='ocrx_word' id='word_1_82' title='bbox 1218 813 1495 866; x_wconf 85' lang='lat' dir='ltr'><strong>expressitque</strong></span> 
     </span>
     <span class='ocr_line' id='line_1_12' title="bbox 34 865 1496 924; baseline 0.001 -17"><span class='ocrx_word' id='word_1_83' title='bbox 34 866 280 916; x_wconf 78' lang='lat' dir='ltr'><strong>Anastasius,</strong></span> <span class='ocrx_word' id='word_1_84' title='bbox 309 865 563 920; x_wconf 84' lang='lat' dir='ltr'><strong>rescripsisse</strong></span> <span class='ocrx_word' id='word_1_85' title='bbox 590 865 746 908; x_wconf 88' lang='lat' dir='ltr'><strong>scilicet</strong></span> <span class='ocrx_word' id='word_1_86' title='bbox 762 867 907 917; x_wconf 82' lang='lat' dir='ltr'><strong>Eliam,</strong></span> <span class='ocrx_word' id='word_1_87' title='bbox 938 881 980 908; x_wconf 89' lang='lat' dir='ltr'><strong>se</strong></span> <span class='ocrx_word' id='word_1_88' title='bbox 1010 882 1179 924; x_wconf 85' lang='lat' dir='ltr'><strong>quoque</strong></span> <span class='ocrx_word' id='word_1_89' title='bbox 1205 865 1280 920; x_wconf 80' lang='grc' dir='ltr'><strong>τὴν</strong></span> <span class='ocrx_word' id='word_1_90' title='bbox 1306 867 1350 907; x_wconf 85' lang='grc' dir='ltr'><strong>ὲν</strong></span> <span class='ocrx_word' id='word_1_91' title='bbox 1378 868 1496 908; x_wconf 82' lang='grc' dir='ltr'><strong><em>Χαλ-</em></strong></span> 
     </span>
     <span class='ocr_line' id='line_1_13' title="bbox 33 918 1496 980; baseline 0.001 -18"><span class='ocrx_word' id='word_1_92' title='bbox 33 921 176 977; x_wconf 75' lang='grc' dir='ltr'><strong><em>κηδόνι</em></strong></span> <span class='ocrx_word' id='word_1_93' title='bbox 202 918 381 962; x_wconf 70' lang='grc' dir='ltr'><strong>σύνοδον</strong></span> <span class='ocrx_word' id='word_1_94' title='bbox 421 918 756 974; x_wconf 70' lang='grc' dir='ltr'><strong><em>ἀποβάλλεσθαι,</em></strong></span> <span class='ocrx_word' id='word_1_95' title='bbox 786 924 923 978; x_wconf 81' lang='lat' dir='ltr'><strong>ipsam</strong></span> <span class='ocrx_word' id='word_1_96' title='bbox 991 938 1116 980; x_wconf 80' lang='lat' dir='ltr'><strong>noque</strong></span> <span class='ocrx_word' id='word_1_97' title='bbox 1145 924 1337 976; x_wconf 82' lang='lat' dir='ltr'><strong>synodum</strong></span> <span class='ocrx_word' id='word_1_98' title='bbox 1367 923 1496 964; x_wconf 77' lang='lat' dir='ltr'><strong>Chal-</strong></span> 
     </span>
     <span class='ocr_line' id='line_1_14' title="bbox 34 978 1498 1035; baseline 0.001 -17"><span class='ocrx_word' id='word_1_99' title='bbox 34 978 298 1019; x_wconf 68' lang='lat' dir='ltr'><strong>cadomensem</strong></span> <span class='ocrx_word' id='word_1_100' title='bbox 324 993 366 1018; x_wconf 82' lang='lat' dir='ltr'><strong>se</strong></span> <span class='ocrx_word' id='word_1_101' title='bbox 393 978 625 1034; x_wconf 81' lang='lat' dir='ltr'><strong>repudiare.</strong></span> <span class='ocrx_word' id='word_1_102' title='bbox 699 979 732 1019; x_wconf 90' lang='lat' dir='ltr'><strong>si</strong></span> <span class='ocrx_word' id='word_1_103' title='bbox 763 979 819 1019; x_wconf 82' lang='lat' dir='ltr'><strong>ita</strong></span> <span class='ocrx_word' id='word_1_104' title='bbox 847 992 948 1035; x_wconf 80' lang='lat' dir='ltr'><strong>syno</strong></span> <span class='ocrx_word' id='word_1_105' title='bbox 983 994 1052 1020; x_wconf 88' lang='lat' dir='ltr'><strong>um</strong></span> <span class='ocrx_word' id='word_1_106' title='bbox 1081 981 1240 1030; x_wconf 88' lang='lat' dir='ltr'><strong>reiecit,</strong></span> <span class='ocrx_word' id='word_1_107' title='bbox 1269 994 1347 1019; x_wconf 89' lang='lat' dir='ltr'><strong>cur</strong></span> <span class='ocrx_word' id='word_1_108' title='bbox 1374 993 1498 1020; x_wconf 83' lang='lat' dir='ltr'><strong>accu-</strong></span> 
     </span>
     <span class='ocr_line' id='line_1_15' title="bbox 35 1034 1514 1092; baseline 0.002 -19"><span class='ocrx_word' id='word_1_109' title='bbox 35 1039 152 1075; x_wconf 72' lang='lat' dir='ltr'><strong>satur</strong></span> <span class='ocrx_word' id='word_1_110' title='bbox 180 1035 292 1075; x_wconf 89' lang='lat' dir='ltr'><strong>nolle</strong></span> <span class='ocrx_word' id='word_1_111' title='bbox 317 1034 453 1089; x_wconf 84' lang='lat' dir='ltr'><strong>palam</strong></span> <span class='ocrx_word' id='word_1_112' title='bbox 482 1034 687 1075; x_wconf 83' lang='lat' dir='ltr'><strong>reiicere?</strong></span> <span class='ocrx_word' id='word_1_113' title='bbox 751 1036 784 1075; x_wconf 91' lang='lat' dir='ltr'><strong>si</strong></span> <span class='ocrx_word' id='word_1_114' title='bbox 813 1035 871 1076; x_wconf 86' lang='lat' dir='ltr'><strong>ita</strong></span> <span class='ocrx_word' id='word_1_115' title='bbox 899 1041 1012 1077; x_wconf 78' lang='lat' dir='ltr'><strong>totus</strong></span> <span class='ocrx_word' id='word_1_116' title='bbox 1045 1036 1088 1076; x_wconf 88' lang='lat' dir='ltr'><strong>in</strong></span> <span class='ocrx_word' id='word_1_117' title='bbox 1115 1035 1514 1092; x_wconf 40' lang='lat' dir='ltr'><strong>Eutychianismum·</strong></span> 
     </span>
     <span class='ocr_line' id='line_1_16' title="bbox 35 1090 1495 1141; baseline 0 -10"><span class='ocrx_word' id='word_1_118' title='bbox 35 1090 261 1141; x_wconf 83' lang='lat' dir='ltr'><strong>concessit,</strong></span> <span class='ocrx_word' id='word_1_119' title='bbox 300 1105 378 1132; x_wconf 90' lang='lat' dir='ltr'><strong>cur</strong></span> <span class='ocrx_word' id='word_1_120' title='bbox 415 1105 468 1132; x_wconf 90' lang='lat' dir='ltr'><strong>ne</strong></span> <span class='ocrx_word' id='word_1_121' title='bbox 498 1090 656 1131; x_wconf 87' lang='lat' dir='ltr'><strong>Severo</strong></span> <span class='ocrx_word' id='word_1_122' title='bbox 700 1091 1004 1141; x_wconf 87' lang='lat' dir='ltr'><strong>communicet,</strong></span> <span class='ocrx_word' id='word_1_123' title='bbox 1050 1092 1248 1133; x_wconf 81' lang='lat' dir='ltr'><strong>Anastasii</strong></span> <span class='ocrx_word' id='word_1_124' title='bbox 1288 1106 1396 1132; x_wconf 84' lang='lat' dir='ltr'><strong>anno</strong></span> <span class='ocrx_word' id='word_1_125' title='bbox 1444 1090 1495 1132; x_wconf 78' lang='lat'><strong>21</strong></span> 
     </span>
     <span class='ocr_line' id='line_1_17' title="bbox 36 1145 1498 1203; baseline 0 -16"><span class='ocrx_word' id='word_1_126' title='bbox 36 1147 279 1202; x_wconf 74' lang='lat' dir='ltr'><strong>episcopatu</strong></span> <span class='ocrx_word' id='word_1_127' title='bbox 323 1145 508 1188; x_wconf 87' lang='lat' dir='ltr'><strong>abdicari</strong></span> <span class='ocrx_word' id='word_1_128' title='bbox 550 1147 748 1188; x_wconf 81' lang='lat' dir='ltr'><strong>sustinet?</strong></span> <span class='ocrx_word' id='word_1_129' title='bbox 802 1148 1015 1202; x_wconf 83' lang='lat' dir='ltr'><strong>scripserit</strong></span> <span class='ocrx_word' id='word_1_130' title='bbox 1049 1163 1150 1203; x_wconf 81' lang='lat' dir='ltr'><strong>ergo</strong></span> <span class='ocrx_word' id='word_1_131' title='bbox 1194 1155 1242 1188; x_wconf 87' lang='lat' dir='ltr'><strong>ut</strong></span> <span class='ocrx_word' id='word_1_132' title='bbox 1283 1162 1378 1187; x_wconf 86' lang='lat' dir='ltr'><strong>cum</strong></span> <span class='ocrx_word' id='word_1_133' title='bbox 1403 1147 1498 1202; x_wconf 91' lang='lat' dir='ltr'><strong>pri-</strong></span> 
     </span>
     <span class='ocr_line' id='line_1_18' title="bbox 38 1200 1499 1258; baseline 0.001 -16"><span class='ocrx_word' id='word_1_134' title='bbox 38 1218 152 1244; x_wconf 89' lang='lat' dir='ltr'><strong>mum</strong></span> <span class='ocrx_word' id='word_1_135' title='bbox 184 1203 270 1243; x_wconf 83' lang='lat' dir='ltr'><strong>eius</strong></span> <span class='ocrx_word' id='word_1_136' title='bbox 296 1203 397 1244; x_wconf 86' lang='lat' dir='ltr'><strong>fides</strong></span> <span class='ocrx_word' id='word_1_137' title='bbox 437 1208 596 1244; x_wconf 83' lang='lat' dir='ltr'><strong>tentata</strong></span> <span class='ocrx_word' id='word_1_138' title='bbox 621 1209 706 1251; x_wconf 91' lang='lat' dir='ltr'><strong>est,</strong></span> <span class='ocrx_word' id='word_1_139' title='bbox 733 1203 807 1243; x_wconf 80' lang='grc' dir='ltr'>καί</span> <span class='ocrx_word' id='word_1_140' title='bbox 830 1201 905 1257; x_wconf 66' lang='grc' dir='ltr'><strong>τήν</strong></span> <span class='ocrx_word' id='word_1_141' title='bbox 945 1204 989 1244; x_wconf 81' lang='grc' dir='ltr'><strong>ἐν</strong></span> <span class='ocrx_word' id='word_1_142' title='bbox 1020 1200 1263 1258; x_wconf 75' lang='grc' dir='ltr'><strong><em>Χαλκηδόνι</em></strong></span> <span class='ocrx_word' id='word_1_143' title='bbox 1290 1203 1499 1255; x_wconf 73' lang='grc' dir='ltr'><em>ἀποδέχε-</em></span> 
     </span>
     <span class='ocr_line' id='line_1_19' title="bbox 37 1258 1499 1317; baseline 0.001 -17"><span class='ocrx_word' id='word_1_144' title='bbox 37 1259 155 1300; x_wconf 71' lang='grc' dir='ltr'><strong><em>σθαι.</em></strong></span> <span class='ocrx_word' id='word_1_145' title='bbox 181 1273 225 1299; x_wconf 78' lang='lat' dir='ltr'><strong>se</strong></span> <span class='ocrx_word' id='word_1_146' title='bbox 249 1258 448 1312; x_wconf 68' lang='lat' dir='ltr'><strong>synodum</strong></span> <span class='ocrx_word' id='word_1_147' title='bbox 473 1274 625 1317; x_wconf 80' lang='lat' dir='ltr'><strong>quoqne</strong></span> <span class='ocrx_word' id='word_1_148' title='bbox 654 1259 1009 1300; x_wconf 76' lang='lat' dir='ltr'><strong>chalcedonensem</strong></span> <span class='ocrx_word' id='word_1_149' title='bbox 1047 1262 1249 1315; x_wconf 73' lang='lat' dir='ltr'><strong>recipere:</strong></span> <span class='ocrx_word' id='word_1_150' title='bbox 1281 1267 1351 1300; x_wconf 82' lang='lat' dir='ltr'><strong>aut</strong></span> <span class='ocrx_word' id='word_1_151' title='bbox 1384 1264 1499 1301; x_wconf 84' lang='lat' dir='ltr'><strong>certe</strong></span> 
     </span>
     <span class='ocr_line' id='line_1_20' title="bbox 39 1312 1496 1371; baseline 0.001 -16"><span class='ocrx_word' id='word_1_152' title='bbox 39 1315 177 1366; x_wconf 83' lang='lat' dir='ltr'><strong>mitius</strong></span> <span class='ocrx_word' id='word_1_153' title='bbox 207 1315 310 1371; x_wconf 72' lang='lat' dir='ltr'><strong>quid</strong></span> <span class='ocrx_word' id='word_1_154' title='bbox 341 1314 553 1371; x_wconf 88' lang='lat' dir='ltr'><strong>loquendo</strong></span> <span class='ocrx_word' id='word_1_155' title='bbox 572 1348 585 1364; x_wconf 86' lang='lat'><strong>,</strong></span> <span class='ocrx_word' id='word_1_156' title='bbox 629 1312 688 1368; x_wconf 83' lang='grc' dir='ltr'><strong>μὴ</strong></span> <span class='ocrx_word' id='word_1_157' title='bbox 719 1312 795 1368; x_wconf 72' lang='grc' dir='ltr'><strong>τήν</strong></span> <span class='ocrx_word' id='word_1_158' title='bbox 838 1316 883 1356; x_wconf 85' lang='grc' dir='ltr'><strong>ἐν</strong></span> <span class='ocrx_word' id='word_1_159' title='bbox 907 1312 1151 1368; x_wconf 75' lang='grc' dir='ltr'><strong><em>Χαλκηδόνι</em></strong></span> <span class='ocrx_word' id='word_1_160' title='bbox 1179 1313 1496 1368; x_wconf 75' lang='grc' dir='ltr'><strong>ἇηοβάλεσθαι·</strong></span> 
     </span>
     <span class='ocr_line' id='line_1_21' title="bbox 38 1371 1498 1424; baseline 0 -12"><span class='ocrx_word' id='word_1_161' title='bbox 38 1371 204 1412; x_wconf 82' lang='lat' dir='ltr'><strong>minime</strong></span> <span class='ocrx_word' id='word_1_162' title='bbox 242 1386 284 1412; x_wconf 84' lang='lat' dir='ltr'><strong>se</strong></span> <span class='ocrx_word' id='word_1_163' title='bbox 315 1371 509 1424; x_wconf 66' lang='lat' dir='ltr'><strong>synodum</strong></span> <span class='ocrx_word' id='word_1_164' title='bbox 547 1371 905 1412; x_wconf 73' lang='lat' dir='ltr'><strong>chalcedonensem</strong></span> <span class='ocrx_word' id='word_1_165' title='bbox 950 1373 1145 1422; x_wconf 76' lang='lat' dir='ltr'><strong>reiicere5</strong></span> <span class='ocrx_word' id='word_1_166' title='bbox 1189 1379 1236 1413; x_wconf 88' lang='lat' dir='ltr'><strong>ut</strong></span> <span class='ocrx_word' id='word_1_167' title='bbox 1277 1371 1404 1411; x_wconf 82' lang='lat' dir='ltr'><strong>affinis</strong></span> <span class='ocrx_word' id='word_1_168' title='bbox 1444 1372 1498 1412; x_wconf 81' lang='lat' dir='ltr'><strong>sit</strong></span> 
     </span>
     <span class='ocr_line' id='line_1_22' title="bbox 38 1427 1498 1483; baseline -0.001 -14"><span class='ocrx_word' id='word_1_169' title='bbox 38 1427 154 1469; x_wconf 87' lang='lat' dir='ltr'><strong>Eliae</strong></span> <span class='ocrx_word' id='word_1_170' title='bbox 178 1429 391 1483; x_wconf 86' lang='lat' dir='ltr'><strong>responsio</strong></span> <span class='ocrx_word' id='word_1_171' title='bbox 426 1428 548 1469; x_wconf 82' lang='lat' dir='ltr'><strong>alteri</strong></span> <span class='ocrx_word' id='word_1_172' title='bbox 588 1427 844 1478; x_wconf 84' lang='lat' dir='ltr'><strong>Macedonii,</strong></span> <span class='ocrx_word' id='word_1_173' title='bbox 875 1441 968 1467; x_wconf 90' lang='lat' dir='ltr'><strong>cum</strong></span> <span class='ocrx_word' id='word_1_174' title='bbox 998 1433 1040 1469; x_wconf 90' lang='lat' dir='ltr'><strong>et</strong></span> <span class='ocrx_word' id='word_1_175' title='bbox 1072 1427 1159 1483; x_wconf 90' lang='lat' dir='ltr'><strong>ipse</strong></span> <span class='ocrx_word' id='word_1_176' title='bbox 1191 1429 1394 1483; x_wconf 83' lang='lat' dir='ltr'><strong>synodum</strong></span> <span class='ocrx_word' id='word_1_177' title='bbox 1422 1427 1498 1468; x_wconf 88' lang='lat' dir='ltr'><strong>da-</strong></span> 
     </span>
     <span class='ocr_line' id='line_1_23' title="bbox 41 1484 1497 1540; baseline 0.001 -17"><span class='ocrx_word' id='word_1_178' title='bbox 41 1497 189 1525; x_wconf 84' lang='lat' dir='ltr'><strong>mnare</strong></span> <span class='ocrx_word' id='word_1_179' title='bbox 219 1490 462 1540; x_wconf 83' lang='lat' dir='ltr'><strong>cogeretur:</strong></span> <span class='ocrx_word' id='word_1_180' title='bbox 491 1484 549 1525; x_wconf 87' lang='lat' dir='ltr'><strong>ait</strong></span> <span class='ocrx_word' id='word_1_181' title='bbox 578 1499 769 1539; x_wconf 85' lang='lat' dir='ltr'><strong>namque,</strong></span> <span class='ocrx_word' id='word_1_182' title='bbox 798 1498 879 1524; x_wconf 88' lang='lat' dir='ltr'><strong>non</strong></span> <span class='ocrx_word' id='word_1_183' title='bbox 901 1498 1016 1538; x_wconf 89' lang='lat' dir='ltr'><strong>posse</strong></span> <span class='ocrx_word' id='word_1_184' title='bbox 1043 1499 1086 1524; x_wconf 89' lang='lat' dir='ltr'><strong>se</strong></span> <span class='ocrx_word' id='word_1_185' title='bbox 1115 1484 1155 1525; x_wconf 90' lang='lat' dir='ltr'><strong>id</strong></span> <span class='ocrx_word' id='word_1_186' title='bbox 1183 1490 1398 1538; x_wconf 79' lang='lat' dir='ltr'><strong>praestare</strong></span> <span class='ocrx_word' id='word_1_187' title='bbox 1425 1499 1497 1524; x_wconf 84' lang='lat' dir='ltr'><strong>ex-</strong></span> 
     </span>
     <span class='ocr_line' id='line_1_24' title="bbox 41 1539 1500 1596; baseline 0.001 -17"><span class='ocrx_word' id='word_1_188' title='bbox 41 1545 108 1580; x_wconf 87' lang='lat' dir='ltr'><strong>tra</strong></span> <span class='ocrx_word' id='word_1_189' title='bbox 136 1540 342 1596; x_wconf 86' lang='lat' dir='ltr'><strong>synodum</strong></span> <span class='ocrx_word' id='word_1_190' title='bbox 370 1541 619 1596; x_wconf 75' lang='lat' dir='ltr'><strong>generalem,</strong></span> <span class='ocrx_word' id='word_1_191' title='bbox 652 1540 720 1580; x_wconf 89' lang='lat' dir='ltr'><strong>cui</strong></span> <span class='ocrx_word' id='word_1_192' title='bbox 751 1541 957 1580; x_wconf 81' lang='lat' dir='ltr'><strong>Romanus</strong></span> <span class='ocrx_word' id='word_1_193' title='bbox 982 1541 1199 1594; x_wconf 90' lang='lat' dir='ltr'><strong>episcopus</strong></span> <span class='ocrx_word' id='word_1_194' title='bbox 1227 1539 1500 1594; x_wconf 87' lang='lat' dir='ltr'><strong>praesideret.</strong></span> 
     </span>
     <span class='ocr_line' id='line_1_25' title="bbox 43 1596 1502 1651; baseline 0.001 -15"><span class='ocrx_word' id='word_1_195' title='bbox 43 1597 314 1638; x_wconf 90' lang='lat' dir='ltr'><strong>consentiunt</strong></span> <span class='ocrx_word' id='word_1_196' title='bbox 354 1597 416 1638; x_wconf 86' lang='lat' dir='ltr'><strong>his</strong></span> <span class='ocrx_word' id='word_1_197' title='bbox 443 1597 513 1637; x_wconf 82' lang='lat' dir='ltr'><strong>alii</strong></span> <span class='ocrx_word' id='word_1_198' title='bbox 552 1596 792 1651; x_wconf 87' lang='lat' dir='ltr'><strong>scriptores,</strong></span> <span class='ocrx_word' id='word_1_199' title='bbox 822 1603 867 1637; x_wconf 87' lang='lat' dir='ltr'><strong>ut</strong></span> <span class='ocrx_word' id='word_1_200' title='bbox 906 1596 1006 1636; x_wconf 85' lang='lat' dir='ltr'><strong>nihil</strong></span> <span class='ocrx_word' id='word_1_201' title='bbox 1033 1597 1088 1638; x_wconf 90' lang='lat' dir='ltr'><strong>sit</strong></span> <span class='ocrx_word' id='word_1_202' title='bbox 1115 1596 1385 1638; x_wconf 86' lang='lat' dir='ltr'><strong>haerendum.</strong></span> <span class='ocrx_word' id='word_1_203' title='bbox 1437 1597 1502 1638; x_wconf 79' lang='lat' dir='ltr'><strong>vi-</strong></span> 
     </span>
     <span class='ocr_line' id='line_1_26' title="bbox 44 1652 1374 1709; baseline 0 -16"><span class='ocrx_word' id='word_1_204' title='bbox 44 1652 204 1694; x_wconf 86' lang='lat' dir='ltr'><strong>dendus</strong></span> <span class='ocrx_word' id='word_1_205' title='bbox 234 1667 332 1694; x_wconf 90' lang='lat' dir='ltr'><strong>cum</strong></span> <span class='ocrx_word' id='word_1_206' title='bbox 357 1654 542 1709; x_wconf 81' lang='lat' dir='ltr'><strong>Euagrio</strong></span> <span class='ocrx_word' id='word_1_207' title='bbox 576 1653 790 1708; x_wconf 77' lang='lat' dir='ltr'><strong>aliquanto</strong></span> <span class='ocrx_word' id='word_1_208' title='bbox 823 1653 1075 1707; x_wconf 85' lang='lat' dir='ltr'><strong>locupletior</strong></span> <span class='ocrx_word' id='word_1_209' title='bbox 1103 1652 1374 1708; x_wconf 80' lang='lat' dir='ltr'><strong>Nicephorus.</strong></span> 
     </span>
    </p>
   </div>
   <div class='ocr_carea' id='block_1_3' title="bbox 42 1725 1505 1830">
    <p class='ocr_par' dir='ltr' id='par_1_3' title="bbox 42 1725 1505 1830">
     <span class='ocr_line' id='line_1_27' title="bbox 42 1725 1505 1830; baseline 0 -57"><span class='ocrx_word' id='word_1_210' title='bbox 42 1783 55 1795; x_wconf 12' lang='lat' dir='ltr'><strong>b·</strong></span> <span class='ocrx_word' id='word_1_211' title='bbox 112 1729 251 1830; x_wconf 62' lang='grc' dir='ltr'><strong>ΒΩἵὲἰξὶ,</strong></span> <span class='ocrx_word' id='word_1_212' title='bbox 268 1730 336 1774; x_wconf 85' lang='grc'><strong>19.</strong></span> <span class='ocrx_word' id='word_1_213' title='bbox 395 1732 615 1788; x_wconf 79' lang='lat' dir='ltr'><strong>legendum</strong></span> <span class='ocrx_word' id='word_1_214' title='bbox 637 1732 807 1773; x_wconf 89' lang='lat' dir='ltr'><strong>omnino</strong></span> <span class='ocrx_word' id='word_1_215' title='bbox 835 1725 885 1771; x_wconf 77' lang='grc' dir='ltr'><strong>οὗ</strong></span> <span class='ocrx_word' id='word_1_216' title='bbox 914 1731 1135 1785; x_wconf 73' lang='grc' dir='ltr'><strong><em>συνῆλθον,</em></strong></span> <span class='ocrx_word' id='word_1_217' title='bbox 1163 1737 1210 1772; x_wconf 88' lang='lat' dir='ltr'><strong>ut</strong></span> <span class='ocrx_word' id='word_1_218' title='bbox 1241 1729 1505 1773; x_wconf 82' lang='lat' dir='ltr'><strong>emendatum</strong></span> 
     </span>
     <span class='ocr_line' id='line_1_28' title="bbox 44 1802 238 1830; baseline 0.015 -3"><span class='ocrx_word' id='word_1_219' title='bbox 44 1802 86 1827; x_wconf 88' lang='lat' dir='ltr'><strong>m</strong></span> <span class='ocrx_word' id='word_1_220' title='bbox 146 1803 195 1828; x_wconf 83' lang='lat' dir='ltr'><strong>ar</strong></span> <span class='ocrx_word' id='word_1_221' title='bbox 226 1817 238 1830; x_wconf 86' lang='lat'><strong>.</strong></span> 
     </span>
    </p>
   </div>
   <div class='ocr_carea' id='block_1_4' title="bbox 155 1859 1161 1917">
    <p class='ocr_par' dir='ltr' id='par_1_4' title="bbox 155 1859 1161 1917">
     <span class='ocr_line' id='line_1_29' title="bbox 155 1859 1161 1917; baseline -0.002 -14"><span class='ocrx_word' id='word_1_222' title='bbox 155 1861 252 1913; x_wconf 77' lang='lat'><strong>237,</strong></span> <span class='ocrx_word' id='word_1_223' title='bbox 285 1860 351 1905; x_wconf 84' lang='lat'><strong>10.</strong></span> <span class='ocrx_word' id='word_1_224' title='bbox 408 1859 431 1902; x_wconf 79' lang='grc' dir='ltr'>ὅ</span> <span class='ocrx_word' id='word_1_225' title='bbox 458 1861 741 1915; x_wconf 76' lang='grc' dir='ltr'><strong><em>σταυρωθείς]</em></strong></span> <span class='ocrx_word' id='word_1_226' title='bbox 773 1862 897 1903; x_wconf 86' lang='lat' dir='ltr'><strong>Barb.</strong></span> <span class='ocrx_word' id='word_1_227' title='bbox 927 1862 1051 1917; x_wconf 81' lang='lat' dir='ltr'><strong>Peyr.</strong></span> <span class='ocrx_word' id='word_1_228' title='bbox 1082 1866 1161 1902; x_wconf 89' lang='lat' dir='ltr'><strong>etc.</strong></span> 
     </span>
    </p>
   </div>
   <div class='ocr_carea' id='block_1_5' title="bbox 42 1931 1507 2314">
    <p class='ocr_par' dir='ltr' id='par_1_5' title="bbox 42 1931 1507 2314">
     <span class='ocr_line' id='line_1_30' title="bbox 154 1931 1504 1989; baseline -0.001 -14"><span class='ocrx_word' id='word_1_229' title='bbox 154 1933 250 1976; x_wconf 76' lang='lat'><strong>238.</strong></span> <span class='ocrx_word' id='word_1_230' title='bbox 284 1934 348 1975; x_wconf 88' lang='lat'><strong>13.</strong></span> <span class='ocrx_word' id='word_1_231' title='bbox 377 1940 474 1989; x_wconf 86' lang='lat' dir='ltr'><strong>post</strong></span> <span class='ocrx_word' id='word_1_232' title='bbox 500 1931 643 1975; x_wconf 82' lang='grc' dir='ltr'><strong><em>εἴασεν</em></strong></span> <span class='ocrx_word' id='word_1_233' title='bbox 671 1935 903 1976; x_wconf 84' lang='lat' dir='ltr'><strong>addendum</strong></span> <span class='ocrx_word' id='word_1_234' title='bbox 926 1940 1026 1975; x_wconf 83' lang='lat' dir='ltr'><strong>esset</strong></span> <span class='ocrx_word' id='word_1_235' title='bbox 1053 1933 1231 1989; x_wconf 81' lang='lat' dir='ltr'><strong>aliquid,</strong></span> <span class='ocrx_word' id='word_1_236' title='bbox 1258 1938 1304 1973; x_wconf 88' lang='lat' dir='ltr'><strong>ut</strong></span> <span class='ocrx_word' id='word_1_237' title='bbox 1333 1932 1504 1974; x_wconf 88' lang='lat' dir='ltr'><strong>omnino</strong></span> 
     </span>
     <span class='ocr_line' id='line_1_31' title="bbox 42 1989 1505 2046; baseline -0.002 -16"><span class='ocrx_word' id='word_1_238' title='bbox 42 2004 179 2030; x_wconf 87' lang='lat' dir='ltr'><strong>sensus</strong></span> <span class='ocrx_word' id='word_1_239' title='bbox 208 1997 433 2032; x_wconf 80' lang='lat' dir='ltr'><strong>constaret.</strong></span> <span class='ocrx_word' id='word_1_240' title='bbox 491 1990 605 2031; x_wconf 86' lang='lat' dir='ltr'><strong>addit</strong></span> <span class='ocrx_word' id='word_1_241' title='bbox 635 1991 860 2046; x_wconf 88' lang='lat' dir='ltr'><strong>Nicephori</strong></span> <span class='ocrx_word' id='word_1_242' title='bbox 895 1992 1108 2045; x_wconf 83' lang='lat' dir='ltr'><strong>interpres,</strong></span> <span class='ocrx_word' id='word_1_243' title='bbox 1137 2003 1243 2045; x_wconf 84' lang='lat' dir='ltr'><strong>quae</strong></span> <span class='ocrx_word' id='word_1_244' title='bbox 1268 2003 1332 2029; x_wconf 78' lang='lat' dir='ltr'><strong>res</strong></span> <span class='ocrx_word' id='word_1_245' title='bbox 1351 1989 1505 2029; x_wconf 86' lang='lat' dir='ltr'><strong>Mace..</strong></span> 
     </span>
     <span class='ocr_line' id='line_1_32' title="bbox 42 2044 1506 2102; baseline -0.004 -15"><span class='ocrx_word' id='word_1_246' title='bbox 42 2047 171 2087; x_wconf 83' lang='lat' dir='ltr'><strong>donio</strong></span> <span class='ocrx_word' id='word_1_247' title='bbox 195 2047 377 2102; x_wconf 78' lang='lat' dir='ltr'><strong>probata</strong></span> <span class='ocrx_word' id='word_1_248' title='bbox 402 2057 487 2088; x_wconf 83' lang='lat' dir='ltr'><strong>est:</strong></span> <span class='ocrx_word' id='word_1_249' title='bbox 525 2047 598 2088; x_wconf 89' lang='lat' dir='ltr'><strong>sed</strong></span> <span class='ocrx_word' id='word_1_250' title='bbox 624 2062 701 2088; x_wconf 88' lang='lat' dir='ltr'><strong>nec</strong></span> <span class='ocrx_word' id='word_1_251' title='bbox 744 2048 829 2088; x_wconf 86' lang='lat' dir='ltr'><strong>eius</strong></span> <span class='ocrx_word' id='word_1_252' title='bbox 861 2049 1019 2088; x_wconf 87' lang='lat' dir='ltr'><strong>Graeca</strong></span> <span class='ocrx_word' id='word_1_253' title='bbox 1051 2046 1091 2086; x_wconf 88' lang='lat' dir='ltr'><strong>id</strong></span> <span class='ocrx_word' id='word_1_254' title='bbox 1122 2046 1288 2085; x_wconf 80' lang='lat' dir='ltr'><strong>habent.</strong></span> <span class='ocrx_word' id='word_1_255' title='bbox 1343 2044 1506 2098; x_wconf 84' lang='lat' dir='ltr'><strong>proba..</strong></span> 
     </span>
     <span class='ocr_line' id='line_1_33' title="bbox 44 2099 1506 2158; baseline -0.002 -15"><span class='ocrx_word' id='word_1_256' title='bbox 44 2102 103 2143; x_wconf 90' lang='lat' dir='ltr'><strong>rit</strong></span> <span class='ocrx_word' id='word_1_257' title='bbox 130 2109 267 2143; x_wconf 86' lang='lat' dir='ltr'><strong>tamen</strong></span> <span class='ocrx_word' id='word_1_258' title='bbox 300 2117 462 2145; x_wconf 89' lang='lat' dir='ltr'><strong>necesse</strong></span> <span class='ocrx_word' id='word_1_259' title='bbox 490 2109 578 2156; x_wconf 89' lang='lat' dir='ltr'><strong>est,</strong></span> <span class='ocrx_word' id='word_1_260' title='bbox 621 2109 667 2144; x_wconf 90' lang='lat' dir='ltr'><strong>ut</strong></span> <span class='ocrx_word' id='word_1_261' title='bbox 715 2104 771 2145; x_wconf 85' lang='lat' dir='ltr'><strong>ita</strong></span> <span class='ocrx_word' id='word_1_262' title='bbox 803 2104 914 2158; x_wconf 80' lang='lat' dir='ltr'><strong>apud</strong></span> <span class='ocrx_word' id='word_1_263' title='bbox 955 2102 1221 2143; x_wconf 69' lang='lat' dir='ltr'><strong>ferventiores</strong></span> <span class='ocrx_word' id='word_1_264' title='bbox 1250 2099 1506 2141; x_wconf 80' lang='lat' dir='ltr'><strong>orthodoxos</strong></span> 
     </span>
     <span class='ocr_line' id='line_1_34' title="bbox 44 2155 1505 2215; baseline -0.002 -17"><span class='ocrx_word' id='word_1_265' title='bbox 44 2158 142 2199; x_wconf 90' lang='lat' dir='ltr'><strong>inde</strong></span> <span class='ocrx_word' id='word_1_266' title='bbox 175 2158 411 2200; x_wconf 81' lang='lat' dir='ltr'><strong>offenderit.</strong></span> <span class='ocrx_word' id='word_1_267' title='bbox 471 2158 581 2200; x_wconf 91' lang='lat' dir='ltr'><strong>unde</strong></span> <span class='ocrx_word' id='word_1_268' title='bbox 622 2167 664 2200; x_wconf 84' lang='lat' dir='ltr'><strong>et</strong></span> <span class='ocrx_word' id='word_1_269' title='bbox 696 2160 735 2200; x_wconf 89' lang='lat' dir='ltr'><strong>in</strong></span> <span class='ocrx_word' id='word_1_270' title='bbox 767 2176 851 2215; x_wconf 89' lang='lat' dir='ltr'><strong>seq.</strong></span> <span class='ocrx_word' id='word_1_271' title='bbox 893 2158 934 2200; x_wconf 81' lang='grc' dir='ltr'><strong>εἰ</strong></span> <span class='ocrx_word' id='word_1_272' title='bbox 960 2158 1032 2198; x_wconf 84' lang='grc' dir='ltr'><strong><em>καί</em></strong></span> <span class='ocrx_word' id='word_1_273' title='bbox 1055 2155 1262 2211; x_wconf 78' lang='grc' dir='ltr'><em>ἠπατήθη.</em></span> <span class='ocrx_word' id='word_1_274' title='bbox 1337 2158 1505 2215; x_wconf 71' lang='lat' dir='ltr'><strong>misera-</strong></span> 
     </span>
     <span class='ocr_line' id='line_1_35' title="bbox 44 2211 1507 2272; baseline -0.004 -17"><span class='ocrx_word' id='word_1_275' title='bbox 44 2215 199 2256; x_wconf 81' lang='lat' dir='ltr'><strong>bantur</strong></span> <span class='ocrx_word' id='word_1_276' title='bbox 225 2215 529 2266; x_wconf 52' lang='lat' dir='ltr'><strong>meconium,</strong></span> <span class='ocrx_word' id='word_1_277' title='bbox 555 2217 715 2256; x_wconf 75' lang='lat' dir='ltr'><strong>tametsi</strong></span> <span class='ocrx_word' id='word_1_278' title='bbox 739 2217 925 2272; x_wconf 77' lang='lat' dir='ltr'><strong>deceptus</strong></span> <span class='ocrx_word' id='word_1_279' title='bbox 951 2213 1116 2269; x_wconf 81' lang='lat' dir='ltr'><strong>fioerat:</strong></span> <span class='ocrx_word' id='word_1_280' title='bbox 1144 2211 1363 2268; x_wconf 80' lang='lat' dir='ltr'><strong>probando</strong></span> <span class='ocrx_word' id='word_1_281' title='bbox 1392 2211 1507 2252; x_wconf 88' lang='lat' dir='ltr'><strong>scili..</strong></span> 
     </span>
     <span class='ocr_line' id='line_1_36' title="bbox 45 2267 1481 2314; baseline -0.003 -2"><span class='ocrx_word' id='word_1_282' title='bbox 45 2277 114 2312; x_wconf 83' lang='lat' dir='ltr'><strong>cet</strong></span> <span class='ocrx_word' id='word_1_283' title='bbox 139 2272 341 2313; x_wconf 83' lang='lat' dir='ltr'><strong>Anastasii</strong></span> <span class='ocrx_word' id='word_1_284' title='bbox 371 2271 473 2312; x_wconf 87' lang='lat' dir='ltr'><strong>illud</strong></span> <span class='ocrx_word' id='word_1_285' title='bbox 502 2272 875 2314; x_wconf 88' lang='lat' dir='ltr'><strong>commonitorium</strong></span> <span class='ocrx_word' id='word_1_286' title='bbox 909 2273 1028 2312; x_wconf 81' lang='lat' dir='ltr'><strong>affine</strong></span> <span class='ocrx_word' id='word_1_287' title='bbox 1067 2270 1241 2311; x_wconf 83' lang='lat' dir='ltr'><strong>Zenonis</strong></span> <span class='ocrx_word' id='word_1_288' title='bbox 1268 2267 1481 2309; x_wconf 81' lang='lat' dir='ltr'><strong>henotico.</strong></span> 
     </span>
    </p>
   </div>
   <div class='ocr_carea' id='block_1_6' title="bbox 155 2349 994 2406">
    <p class='ocr_par' dir='ltr' id='par_1_6' title="bbox 155 2349 994 2406">
     <span class='ocr_line' id='line_1_37' title="bbox 155 2349 994 2406; baseline -0.001 -15"><span class='ocrx_word' id='word_1_289' title='bbox 155 2349 269 2392; x_wconf 78' lang='lat' dir='ltr'><strong>Ibid.</strong></span> <span class='ocrx_word' id='word_1_290' title='bbox 297 2349 362 2401; x_wconf 90' lang='grc'><strong>18,</strong></span> <span class='ocrx_word' id='word_1_291' title='bbox 419 2351 592 2391; x_wconf 87' lang='lat' dir='ltr'><strong>omnino</strong></span> <span class='ocrx_word' id='word_1_292' title='bbox 629 2350 994 2406; x_wconf 79' lang='grc' dir='ltr'><strong>προσφωνητικοῦ.</strong></span> 
     </span>
    </p>
   </div>
   <div class='ocr_carea' id='block_1_7' title="bbox 43 2419 1512 2758">
    <p class='ocr_par' dir='ltr' id='par_1_7' title="bbox 43 2419 1512 2758">
     <span class='ocr_line' id='line_1_38' title="bbox 155 2419 1509 2476; baseline -0.002 -13"><span class='ocrx_word' id='word_1_293' title='bbox 155 2421 252 2475; x_wconf 79' lang='lat'><strong>239,</strong></span> <span class='ocrx_word' id='word_1_294' title='bbox 284 2423 349 2464; x_wconf 88' lang='lat'><strong>15.</strong></span> <span class='ocrx_word' id='word_1_295' title='bbox 376 2420 450 2463; x_wconf 77' lang='grc' dir='ltr'><strong>τὸν</strong></span> <span class='ocrx_word' id='word_1_296' title='bbox 480 2420 731 2464; x_wconf 55' lang='lat' dir='ltr'><strong>adamim»</strong></span> <span class='ocrx_word' id='word_1_297' title='bbox 755 2419 938 2476; x_wconf 77' lang='grc' dir='ltr'><strong><em>χάρτην]</em></strong></span> <span class='ocrx_word' id='word_1_298' title='bbox 969 2424 1118 2464; x_wconf 84' lang='lat' dir='ltr'><strong>librum</strong></span> <span class='ocrx_word' id='word_1_299' title='bbox 1144 2422 1410 2461; x_wconf 75' lang='lat' dir='ltr'><strong>authenticum</strong></span> <span class='ocrx_word' id='word_1_300' title='bbox 1434 2433 1509 2474; x_wconf 71' lang='lat' dir='ltr'><strong>ge-</strong></span> 
     </span>
     <span class='ocr_line' id='line_1_39' title="bbox 43 2477 1509 2520; baseline -0.003 -2"><span class='ocrx_word' id='word_1_301' title='bbox 43 2486 205 2520; x_wconf 77' lang='lat' dir='ltr'><strong>storum</strong></span> <span class='ocrx_word' id='word_1_302' title='bbox 237 2478 504 2520; x_wconf 76' lang='lat' dir='ltr'><strong>Chalcedone.</strong></span> <span class='ocrx_word' id='word_1_303' title='bbox 570 2480 677 2519; x_wconf 85' lang='lat' dir='ltr'><strong>male</strong></span> <span class='ocrx_word' id='word_1_304' title='bbox 719 2480 956 2520; x_wconf 82' lang='lat' dir='ltr'><strong>Buccardus</strong></span> <span class='ocrx_word' id='word_1_305' title='bbox 997 2477 1192 2519; x_wconf 82' lang='lat' dir='ltr'><strong>Anastasii</strong></span> <span class='ocrx_word' id='word_1_306' title='bbox 1229 2477 1412 2517; x_wconf 88' lang='lat' dir='ltr'><strong>libellum</strong></span> <span class='ocrx_word' id='word_1_307' title='bbox 1443 2477 1509 2516; x_wconf 88' lang='lat' dir='ltr'><strong>in..</strong></span> 
     </span>
     <span class='ocr_line' id='line_1_40' title="bbox 47 2530 1512 2591; baseline -0.001 -17"><span class='ocrx_word' id='word_1_308' title='bbox 47 2535 212 2590; x_wconf 83' lang='lat' dir='ltr'><strong>telligit,</strong></span> <span class='ocrx_word' id='word_1_309' title='bbox 245 2550 368 2591; x_wconf 89' lang='lat' dir='ltr'><strong>quem</strong></span> <span class='ocrx_word' id='word_1_310' title='bbox 394 2542 545 2576; x_wconf 87' lang='lat' dir='ltr'><strong>auctor</strong></span> <span class='ocrx_word' id='word_1_311' title='bbox 567 2536 608 2576; x_wconf 91' lang='lat' dir='ltr'><strong>vi</strong></span> <span class='ocrx_word' id='word_1_312' title='bbox 635 2536 846 2576; x_wconf 84' lang='lat' dir='ltr'><strong>abstulisse</strong></span> <span class='ocrx_word' id='word_1_313' title='bbox 860 2535 1101 2576; x_wconf 88' lang='lat' dir='ltr'><strong>Macedonio</strong></span> <span class='ocrx_word' id='word_1_314' title='bbox 1132 2534 1211 2573; x_wconf 86' lang='lat' dir='ltr'><strong>iam</strong></span> <span class='ocrx_word' id='word_1_315' title='bbox 1242 2534 1327 2573; x_wconf 90' lang='lat' dir='ltr'><strong>eius</strong></span> <span class='ocrx_word' id='word_1_316' title='bbox 1355 2530 1512 2572; x_wconf 74' lang='lat' dir='ltr'><strong>anno⁴l</strong></span> 
     </span>
     <span class='ocr_line' id='line_1_41' title="bbox 47 2584 1510 2645; baseline -0.002 -15"><span class='ocrx_word' id='word_1_317' title='bbox 47 2592 246 2632; x_wconf 84' lang='lat' dir='ltr'><strong>narravit.</strong></span> <span class='ocrx_word' id='word_1_318' title='bbox 318 2591 374 2632; x_wconf 85' lang='lat' dir='ltr'><strong>ita</strong></span> <span class='ocrx_word' id='word_1_319' title='bbox 413 2592 582 2633; x_wconf 90' lang='lat' dir='ltr'><strong>solenne</strong></span> <span class='ocrx_word' id='word_1_320' title='bbox 627 2590 874 2640; x_wconf 74' lang='lat' dir='ltr'><strong>haeretici53</strong></span> <span class='ocrx_word' id='word_1_321' title='bbox 924 2592 1063 2645; x_wconf 86' lang='lat' dir='ltr'><strong>sicque</strong></span> <span class='ocrx_word' id='word_1_322' title='bbox 1107 2589 1313 2630; x_wconf 69' lang='lat' dir='ltr'><strong>Bai-danes</strong></span> <span class='ocrx_word' id='word_1_323' title='bbox 1349 2593 1440 2628; x_wconf 79' lang='lat' dir='ltr'><strong>acta</strong></span> <span class='ocrx_word' id='word_1_324' title='bbox 1480 2584 1510 2627; x_wconf 85' lang='lat'><strong>6</strong></span> 
     </span>
     <span class='ocr_line' id='line_1_42' title="bbox 45 2643 1509 2701; baseline -0.001 -15"><span class='ocrx_word' id='word_1_325' title='bbox 45 2646 195 2701; x_wconf 81' lang='lat' dir='ltr'><strong>synodi</strong></span> <span class='ocrx_word' id='word_1_326' title='bbox 232 2648 485 2699; x_wconf 87' lang='lat' dir='ltr'><strong>combussit,</strong></span> <span class='ocrx_word' id='word_1_327' title='bbox 520 2655 567 2688; x_wconf 88' lang='lat' dir='ltr'><strong>ut</strong></span> <span class='ocrx_word' id='word_1_328' title='bbox 611 2647 768 2688; x_wconf 86' lang='lat' dir='ltr'><strong>habent</strong></span> <span class='ocrx_word' id='word_1_329' title='bbox 809 2654 1098 2695; x_wconf 82' lang='lat' dir='ltr'><strong>monumenta,</strong></span> <span class='ocrx_word' id='word_1_330' title='bbox 1141 2660 1247 2700; x_wconf 85' lang='lat' dir='ltr'><strong>quae</strong></span> <span class='ocrx_word' id='word_1_331' title='bbox 1278 2645 1317 2686; x_wconf 86' lang='lat' dir='ltr'><strong>iu</strong></span> <span class='ocrx_word' id='word_1_332' title='bbox 1345 2643 1509 2686; x_wconf 85' lang='lat' dir='ltr'><strong>haeresi</strong></span> 
     </span>
     <span class='ocr_line' id='line_1_43' title="bbox 46 2703 1088 2758; baseline -0.001 -16"><span class='ocrx_word' id='word_1_333' title='bbox 46 2703 419 2746; x_wconf 81' lang='lat' dir='ltr'><strong>monothelitarum</strong></span> <span class='ocrx_word' id='word_1_334' title='bbox 450 2705 563 2745; x_wconf 89' lang='lat' dir='ltr'><strong>omni</strong></span> <span class='ocrx_word' id='word_1_335' title='bbox 592 2704 752 2745; x_wconf 84' lang='lat' dir='ltr'><strong>maiora</strong></span> <span class='ocrx_word' id='word_1_336' title='bbox 781 2705 862 2746; x_wconf 85' lang='lat' dir='ltr'><strong>fide</strong></span> <span class='ocrx_word' id='word_1_337' title='bbox 895 2703 1088 2758; x_wconf 80' lang='lat' dir='ltr'><strong>produxi.</strong></span> 
     </span>
    </p>
   </div>
   <div class='ocr_carea' id='block_1_8' title="bbox 159 2778 835 2839">
    <p class='ocr_par' dir='ltr' id='par_1_8' title="bbox 159 2778 835 2839">
     <span class='ocr_line' id='line_1_44' title="bbox 159 2778 835 2839; baseline -0.003 -15"><span class='ocrx_word' id='word_1_338' title='bbox 159 2783 271 2825; x_wconf 82' lang='lat' dir='ltr'><strong>Ibid.</strong></span> <span class='ocrx_word' id='word_1_339' title='bbox 305 2781 370 2824; x_wconf 83' lang='lat'><strong>18.</strong></span> <span class='ocrx_word' id='word_1_340' title='bbox 425 2783 668 2839; x_wconf 73' lang='grc' dir='ltr'><strong><em>σφραγίσας</em></strong></span> <span class='ocrx_word' id='word_1_341' title='bbox 695 2778 835 2824; x_wconf 70' lang='grc' dir='ltr'><strong><em>αὐτόν.</em></strong></span> 
     </span>
    </p>
   </div>
  </div>
 </body>
</html>
