1728 3184
214 139 313 184 626
720 117 794 183 An
841 140 1215 183 THEOPHANEM

208 276 313 303 vov:
343 270 388 302 ut
413 263 486 317 qui
514 261 710 303 adversus
749 262 862 301 illias
903 262 1149 316 impietatem
1189 260 1326 300 multa
1358 272 1446 300 cum
1474 260 1682 315 discipulis

210 320 443 359 Anastasiis
469 319 760 374 composuisset,
789 333 895 375 quae
911 321 1030 357 eciam
1048 318 1114 356 illi
1141 317 1199 356 acl
1212 317 1374 356 verbnm
1393 318 1681 372 conscripsere.

209 371 485 429 συγγραφεύς
512 373 693 425 dicitur,
733 382 776 416 et
813 373 1155 428 συγγράφεσθαι,
1187 373 1257 427 qui
1296 387 1370 412 nec
1403 373 1490 427 ipse
1522 373 1684 425 scribit,

210 433 282 472 sed
310 432 443 472 aliena
474 431 611 472 utitur
637 446 783 482 manu,
829 436 876 469 ut
909 430 974 470 hic
1007 429 1057 470 de
1098 430 1278 468 Maximo
1309 429 1581 484 significatur,
1613 444 1684 470 sua

212 503 307 528 cum
340 486 551 543 discipulis
594 494 876 541 componente
900 486 1104 541 polemica
1131 485 1344 540 opuscula,
1378 485 1540 540 illisque
1567 487 1686 526 'exci-

209 545 445 599 pientibus;
479 559 562 585 non
583 544 698 599 quod
723 545 774 584 ab
801 558 850 583 eo
875 544 1031 597 scripta
1052 543 1135 582 cius
1165 542 1356 596 discipuli
1376 542 1684 596 exscripserint,

211 607 258 641 ut
289 615 419 641 novus
452 601 657 656 interpres
685 600 900 656 significat.
957 601 1066 642 bene
1097 603 1235 641 Anast.
1265 598 1556 654 conscripsisse
1573 602 1684 639 Ana-

208 658 354 699 stasios
385 658 459 697 ait.

322 726 417 783 534,
452 731 485 770 1.
546 730 676 783 λέγων
703 724 766 770 ὅτι
796 729 1054 776 ἐδειλιάσας.

208 861 244 900 Ζ.
274 861 296 899 b
318 803 431 845 Ibid.
459 803 496 843 5.
527 803 655 843 πλείω
687 801 874 854 παρέχον
904 807 960 851 τι]
993 803 1093 857 ch.
1123 807 1202 843 etc.
1228 802 1353 858 plura
1380 801 1529 844 daturo
1559 804 1686 844 auxi-

226 875 270 901 ια
298 875 355 902 or.

321 934 432 976 Ibid.
468 931 534 973 13.
594 929 791 985 ἐκάθητο.
850 927 997 978 καθώς
1023 930 1146 984 χθές]
1177 932 1279 986 Reg.
1309 937 1389 972 etc.

320 1005 416 1058 535,
445 1004 484 1046 7.
542 1001 613 1045 διὰ
634 1001 681 1045 τὸ
712 1002 784 1045 τὸν
812 1002 1035 1058 τύραννον.

321 1077 422 1132 536,
454 1077 493 1119 3.
561 1075 655 1120 ι’δού
697 1074 782 1119 αἠὁ
821 1079 900 1120 τοῦ
937 1077 1014 1119 νῦν
1061 1076 1115 1120 τὰ
1143 1075 1288 1120 αἰδοῖά
1328 1091 1408 1120 σου
1450 1076 1579 1120 οὐδέν
1622 1083 1687 1131 σε]

210 1137 309 1191 Reg.
339 1142 418 1177 etc.

318 1209 425 1251 Ibid.
459 1206 499 1247 6.
567 1202 589 1245 ὅ
620 1206 667 1248 δὲ
710 1208 1044 1258 Κωνσταντῖνος]
1084 1209 1226 1250 Anast.
1270 1209 1395 1250 Barb.
1442 1209 1566 1265 Peyr.
1609 1214 1688 1249 etc.

210 1281 361 1320 nempe
395 1265 503 1306 filius
535 1266 793 1319 Constantis,
822 1272 947 1320 patre
986 1266 1026 1306 in
1070 1266 1211 1306 Sicilia
1252 1272 1470 1319 morante,
1501 1266 1690 1307 Orientis

209 1323 435 1377 imperium
466 1321 767 1362 administrans.
797 1322 973 1376 πλησίον
998 1323 1072 1376 τῆς
1101 1320 1237 1377 πύλης
1265 1322 1339 1377 τῆς
1368 1319 1544 1372 πόλεως.
1600 1321 1687 1364 Pal.

211 1381 353 1421 Anast.
381 1384 424 1420 et
453 1378 556 1419 haec
588 1380 698 1420 ratio
729 1394 807 1419 cur
835 1380 894 1419 sic
926 1379 1031 1420 illiso
1066 1380 1203 1434 capite
1232 1380 1422 1434 perierit.

325 1451 420 1504 538,
451 1451 491 1493 6.
551 1451 591 1492 εἰ
618 1448 677 1505 μὴ
708 1451 909 1505 Ἀνδρέας
940 1449 961 1492 ὅ
989 1451 1171 1506 κούβικ.]
1201 1455 1305 1509 Reg.
1340 1461 1420 1495 etc.

327 1535 422 1591 539,
452 1535 517 1577 16.
578 1534 805 1590 Θεόδωρον
834 1539 1055 1591 πατρίκιοι)
1092 1535 1167 1579 τὸν
1199 1537 1458 1592 Κολωνειάς]
1489 1536 1691 1578 Theodo-

216 1609 309 1634 rum
339 1593 566 1648 patricium
597 1594 907 1636 Coloniensem:
952 1601 999 1635 ut
1030 1602 1071 1637 et
1111 1596 1322 1652 superiori
1354 1610 1395 1650 p.
1427 1593 1620 1649 ἀπῆλθον
1648 1593 1694 1635 ἑν

217 1646 362 1707 ὀδύνῃ.
393 1651 491 1705 Reg.
524 1657 604 1691 etc.

331 1719 430 1775 540,
455 1722 518 1762 15.
577 1723 796 1779 legendum
819 1739 866 1766 ex
886 1726 1026 1766 Anast.
1052 1722 1271 1779 α’πεστοίλη
1289 1724 1336 1764 δὲ
1355 1722 1476 1765 Χαλὲ
1506 1720 1529 1763 ὅ
1558 1720 1695 1775 ’Apen-

218 1782 351 1830 ραῖος.
411 1780 582 1834 alioqui,
617 1787 663 1820 ut
702 1782 858 1822 habent
886 1783 1015 1822 modo
1046 1782 1170 1822 codd.
1206 1783 1284 1836 leg.
1319 1783 1445 1832 foret,
1472 1777 1695 1820 ἀπέστειλε

220 1834 267 1875 δὲ
299 1835 479 1882 ΙΙἸαυΐας
513 1835 631 1876 Χαλὲ
662 1836 746 1878 τόν.
804 1839 967 1879 Maviae
998 1840 1108 1879 enim
1137 1846 1242 1889 erat,
1272 1853 1354 1892 pro
1385 1851 1584 1892 supremo
1616 1837 1698 1876 im-

184 1913 189 1921 ·
220 1891 340 1946 perio
372 1892 429 1931 sic
457 1891 579 1932 duces
611 1896 868 1947 praeficere,
908 1910 992 1935 non
1026 1894 1181 1944 Chale;
1218 1897 1361 1951 sicque
1391 1909 1481 1935 rem
1507 1893 1698 1934 habuisse

221 1949 263 1988 S.
290 1948 462 2002 Niceph.
494 1949 636 1990 refert.

334 2021 444 2064 Ibid.
481 2021 545 2062 18.
603 2021 766 2077 κίνησιν
794 2022 1000 2078 ἐγνωκώς]
1031 2027 1172 2066 Anast.
1205 2040 1338 2081 exque
1350 2023 1543 2066 Palatino
1567 2024 1698 2080 xPeyr.

221 2076 302 2118 tali
328 2087 436 2118 motu
459 2089 677 2135 comperto.

335 2146 432 2199 541,
465 2149 520 2191 3.“
563 2147 712 2201 στόλος
751 2149 993 2208 ἆναβοίλας]
1032 2154 1262 2194 ascendens.
1309 2155 1446 2194 Anast.
1482 2168 1558 2194 nec
1587 2154 1701 2194 aliud

223 2206 399 2247 misterii
430 2207 472 2247 in
502 2207 580 2247 hac
607 2223 711 2249 voce
738 2224 932 2264 agnosco,
962 2211 1163 2266 quicquid
1186 2211 1262 2251 sibi
1281 2211 1327 2251 P.
1351 2214 1469 2252 Goar
1497 2210 1700 2252 videatur:

225 2264 523 2319 familiarisque
559 2272 619 2306 est
655 2266 904 2320 Theophani
950 2271 1216 2308 Anastasiano
1275 2269 1346 2308 illo
1376 2283 1507 2308 sensu.
1576 2269 1634 2309 sic
1674 2266 1701 2308 6

224 2320 393 2361 Phocae
433 2336 557 2361 anno.
599 2320 699 2362 ου’δὲ
737 2322 789 2362 τοὶ
823 2325 949 2364 πλοῖα
992 2326 1064 2377 τῆς
1099 2323 1306 2379 Ἀφρικῆς
1337 2322 1556 2378 ἀνέβαλον.
1629 2338 1702 2366 nec

225 2376 400 2430 Africae
439 2378 619 2432 navigia
651 2380 931 2436 appulerunt,
962 2381 1102 2422 reddit
1144 2383 1252 2436 ipse:
1290 2395 1389 2436 ego,
1423 2381 1700 2423 ascenderunt.

225 2435 368 2474 Anast.
402 2434 473 2484 ibi,
508 2434 593 2475 GP.
620 2437 941 2476 conscenderunt.
971 2438 1021 2478 de
1044 2437 1165 2477 huius
1198 2444 1339 2478 tantae
1371 2438 1569 2480 adversae
1599 2438 1703 2478 clas-

226 2490 277 2528 sis
310 2490 486 2542 excidio,
518 2506 566 2531 ac
599 2492 704 2533 urbe
734 2492 909 2533 liberata
942 2495 1327 2549 sanctaeDeiparae
1361 2496 1572 2549 precibus,
1605 2510 1703 2550 per-

228 2546 327 2587 inde
357 2553 509 2588 auctor
557 2549 807 2589 narrationis
842 2549 882 2589 in
919 2549 1028 2591 diem
1069 2553 1217 2592 festum
1257 2552 1327 2604 τῆς
1357 2550 1594 2594 α”καθίστου
1626 2568 1705 2592 au..

228 2604 326 2643 tarii
355 2609 457 2644 tom.
490 2604 528 2645 2.
558 2605 747 2646 laebdomi
771 2610 1065 2662 promontorio.

232 2741 279 2784 δὲ
311 2688 447 2753 ³'Iln'd.
483 2688 546 2731 10.
618 2689 663 2730 ἐν
701 2686 865 2738 τούτοις
915 2683 990 2732 οὖν
1030 2691 1284 2745 διετέλεσαν]
1331 2672 1432 2746 Re'g.
1479 2698 1561 2733 etc.
1587 2685 1703 2752 ἑπτὰ

304 2758 390 2797 ετη.
