1794 3250
606 192 674 233 Ex
714 191 1061 235 THEOPHANE.
1468 188 1566 237 255

102 304 438 362 Longobardiae,
467 305 521 346 nd
552 305 754 347 ultionem
799 306 1079 358 inferendam,
1107 307 1139 346 si
1171 315 1325 362 posset,
1362 309 1402 349 in
1429 307 1569 349 Caro-

104 365 189 405 lum
215 370 260 404 et
302 361 504 418 quosdam
543 362 835 404 subducendos
876 364 929 404 ab
971 363 1060 403 illo.
1118 364 1424 406 descenderunt
1464 379 1567 418 crgo

100 436 197 462 cum
220 418 451 460 Theodoro
499 419 679 474 patricio
722 426 764 460 et
804 427 1005 474 praetore
1031 418 1223 471 Siciliae,
1253 427 1295 461 et
1326 423 1430 463 inito
1457 421 1567 463 bello

101 485 239 519 tentus
267 491 292 516 a
313 476 487 517 Francis
517 490 659 517 amare
682 483 926 530 peremptus
951 481 1023 516 est.

214 547 335 584 Anno
371 543 536 598 imperii
566 543 747 585 Heirene
774 550 816 584 et
833 543 1093 584 Constantini
1122 542 1284 594 decimo
1315 544 1446 585 movit
1480 543 1565 584 dia·
1578 554 1615 591 p·
1634 542 1703 578 7¹9

99 601 221 642 bolus
250 601 385 641 livore
413 600 579 654 pietatis
607 599 915 654 imperatorum
941 599 1143 651 homines,
1163 600 1237 655 qui
1269 600 1569 655 instigaverunt

99 662 277 698 matrem
305 656 502 697 adversus
534 656 667 696 filium
696 662 739 698 et
770 656 902 697 filium
935 656 1132 697 adversus
1161 662 1366 696 matrem:
1398 655 1571 697 inflexe-

101 720 204 755 runt
233 713 344 755 enim
380 727 473 753 eam
513 712 628 768 quasi
669 727 717 753 ex
743 713 1102 768 praesignantibus
1142 713 1281 753 sutura
1314 713 1572 768 cognitioni-

99 770 177 811 bus
206 769 452 825 certificati,
497 775 722 810 asserentes
766 770 804 810 ei
836 774 948 809 “non
978 775 1040 810 est
1075 769 1428 824 praedestinatum
1460 770 1571 823 apud

101 827 226 868 deum
252 826 421 867 tenendi
461 825 591 865 filium
635 831 753 866 tuum
804 826 1054 880 imperinm,
1096 825 1167 867 sed
1199 832 1318 867 tuum
1350 833 1409 866 est
1441 841 1464 865 a
1491 826 1571 866 deo

98 882 179 924 tihi
210 882 391 924 datum.’'
417 887 461 922 at
485 881 553 922 illa
583 887 632 921 ut
660 882 812 922 mulier
839 882 1021 934 seducta,
1052 883 1298 936 praesertim
1326 897 1423 923 cum
1451 896 1573 922 amo..

98 954 190 981 rem
215 952 388 1004 quoque
416 938 679 994 principatus
708 939 896 990 baberet,
926 939 1115 979 credidit
1127 939 1182 979 ita
1201 954 1298 990 esse,
1313 945 1357 980 et
1386 953 1471 979 non
1502 953 1572 979 re-

99 995 303 1051 cogitavit
330 994 445 1053 quod
479 995 557 1049 ipsi
594 995 776 1036 volentes
806 995 1044 1050 dispensare
1083 1011 1148 1036 res
1179 995 1221 1036 id
1250 997 1326 1036 sub
1354 995 1574 1036 occasione

93 1052 439 1118 praetenderent.
499 1067 602 1106 ergo
632 1066 727 1092 cum
758 1053 992 1105 imperator
1019 1052 1100 1092 iam
1133 1051 1279 1106 viginti
1306 1058 1408 1094 esset
1437 1066 1573 1092 anno-

102 1123 197 1149 rum
226 1109 359 1149 factus
370 1103 516 1172 atque
548 1109 742 1149 robustus
776 1109 1004 1149 admodum
1046 1114 1088 1148 et
1120 1108 1308 1160 idoneus,
1334 1109 1502 1149 videbat
1530 1122 1573 1148 se

100 1164 201 1205 nihil
220 1163 446 1230 potestatis
472 1172 701 1219 gerentem,
731 1172 773 1205 et
800 1165 1072 1214 tristabatur,
1104 1164 1267 1206 intuens
1301 1179 1324 1206 e
1353 1165 1571 1206 contrario

95 1220 364 1262 stauracium
381 1221 607 1275 patricium
638 1227 681 1261 et
701 1221 959 1276 logothetam
992 1221 1131 1261 omnia
1156 1222 1379 1275 possidere,
1408 1236 1571 1262 omnes-

96 1289 181 1372 aue
210 1277 264 1318 ad
296 1277 411 1318 illum
443 1277 693 1331 procedere,
725 1284 768 1318 et
797 1278 1005 1318 neminem
1036 1276 1089 1317 ad
1119 1293 1160 1318 se
1191 1278 1463 1333 frequentare
1489 1293 1571 1318 au-

126 1348 211 1375 ere.
269 1339 372 1374 tuuc
402 1333 577 1374 consilio
608 1334 714 1373 inito
746 1349 840 1374 cum
875 1334 1151 1374 familiaribus
1178 1335 1401 1388 perpaucis
1430 1335 1571 1375 homi-

97 1390 219 1431 nibus
246 1390 342 1443 suis,
374 1396 417 1431 et
430 1391 561 1430 Petro
591 1391 835 1444 magistratu
868 1396 910 1430 et
937 1390 1166 1431 Theodoro
1200 1391 1381 1445 patricio
1412 1398 1455 1432 et
1484 1392 1571 1432 Da-

95 1446 238 1487 miano
265 1461 399 1502 aeque
423 1446 607 1500 patricio
624 1477 635 1497 ‚
668 1447 850 1487 firmavit
873 1460 958 1502 quo
1003 1446 1381 1500 comprehenderet
1412 1462 1507 1488 eum
1527 1454 1570 1488 et

94 1503 256 1545 exulem
282 1503 324 1542 iu
346 1502 531 1543 Siciliam
563 1503 810 1552 destinaret,
841 1502 1013 1558 ipseque
1041 1510 1204 1544 teneret
1230 1503 1453 1558 imperium
1471 1519 1567 1544 cum

93 1565 230 1600 matre
255 1573 344 1599 sua.
376 1573 514 1613 porro
544 1559 692 1614 quinto
725 1559 815 1599 idus
833 1559 1084 1599 Februarias
1104 1561 1235 1600 sactus
1266 1566 1327 1600 est
1354 1560 1567 1601 horribilis

93 1622 235 1656 terrae
259 1621 423 1667 motus,
473 1615 532 1656 ita
562 1622 608 1656 ut
638 1629 721 1655 uon
752 1615 927 1655 auderet
970 1616 1187 1670 quisquam
1219 1617 1333 1656 domi
1363 1617 1615 1672 dormire,p
1631 1625 1701 1661 720

91 1672 162 1713 sed
193 1685 334 1712 omnes
363 1672 405 1712 in
441 1671 577 1712 hortis
617 1678 660 1712 et
686 1672 762 1713 sub
799 1671 869 1712 dio
899 1672 1176 1712 tabernaculis
1206 1673 1323 1712 factis
1351 1679 1393 1713 et
1425 1679 1567 1714 tento..

93 1729 164 1768 riis
196 1728 371 1769 extensis
415 1728 494 1783 de„
483 1730 639 1769 =ebant.
716 1734 778 1768 ast
821 1728 1065 1781 imperatrix
1109 1744 1191 1769 una
1236 1743 1331 1769 cnm
1371 1729 1458 1769 filio
1488 1743 1565 1770 suo

92 1798 253 1840 egressa
294 1790 356 1825 est
393 1784 446 1824 ad
470 1761 528 1824 DS.
556 1786 750 1827 mamam.
825 1799 920 1824 cum
956 1790 1096 1825 autem
1127 1786 1348 1826 Stant-acio
1377 1786 1566 1826 nuntiata

92 1842 237 1882 fuisset
263 1841 525 1895 praesignata
567 1855 656 1894 res,
696 1847 935 1881 commovet
964 1845 1190 1895 Augustam
1229 1849 1379 1882 contra
1410 1842 1565 1889 filium;

92 1911 201 1952 quae
231 1897 554 1951 comprehensos
587 1897 773 1937 homines
805 1897 1073 1951 imperatoris
1093 1913 1234 1938 omnes
1261 1898 1410 1939 cecidit
1438 1905 1566 1953 atque

91 1953 290 2005 totondit,
315 1968 399 1994 una
430 1968 524 1994 cum
555 1955 707 1995 Ioanne
737 1954 1083 2008 pr=otospatlia1io
1110 1960 1154 1995 et
1177 1955 1320 1995 baiulo
1354 1954 1494 2008 ipsius,
1522 1960 1566 1995 et

92 2009 214 2050 exilio
242 2009 441 2064 relegavit
480 2011 520 2050 in
562 2010 829 2051 inferioribus
868 2011 1059 2064 partibus
1102 2026 1234 2067 usque
1274 2011 1314 2051 in
1362 2011 1561 2051 Siciliam.

89 2066 264 2107 Petrum
301 2080 404 2106 vero
443 2066 731 2121 magistratum
780 2065 1192 2108 dehonestationibus
1233 2068 1477 2108 submittens
1519 2068 1560 2107 in

91 2121 219 2162 domo
250 2136 323 2162 sua
362 2098 536 2163 sedereb
551 2123 791 2177 praecepit,
818 2123 1009 2164 similiter
1052 2129 1094 2164 et
1114 2124 1389 2164 Theodorum
1418 2123 1563 2188 ‘patri-

89 2178 215 2218 cium.
271 2192 408 2232 porro
429 2179 677 2220 Damiauum
706 2179 934 2234 patricium
963 2194 1127 2220 caesum
1144 2187 1189 2221 et
1219 2186 1385 2220 tonsum
1415 2180 1456 2219 in
1489 2194 1561 2219 ca..

89 2242 224 2274 strum
254 2234 573 2287 Apolloniadem
609 2235 769 2276 exulem
797 2236 890 2276 fore
921 2236 1153 2277 constituit.
1210 2237 1449 2300 percutiens
1482 2250 1562 2275 au-

88 2297 175 2331 tem
206 2297 249 2332 et
277 2291 411 2331 filium
434 2291 719 2348 conviciisque
761 2292 899 2333 multis
937 2294 1133 2334 lacessens
1161 2293 1245 2346 egit
1271 2308 1323 2333 ne
1351 2291 1563 2346 procede-

91 2353 162 2387 ret
186 2361 265 2401 per
295 2346 381 2387 dies
425 2362 511 2388 non
547 2361 719 2402 pauco&
785 2349 927 2404 coepit
964 2356 1104 2389 autem
1134 2349 1430 2389 adiuramentis
1459 2348 1563 2387 sub-

90 2402 262 2444 mittere
303 2402 484 2459 [iurare]
529 2404 719 2444 militiam
759 2405 841 2444 iam
883 2405 1092 2446 dicentem
1139 2405 1236 2460 quia
1267 2418 1486 2460 quousque
1513 2410 1562 2444 tu

90 2459 224 2510 vivis,
254 2474 338 2500 non
377 2459 666 2524 permittemus
696 2461 904 2515 imperare
941 2462 1071 2502 filium
1105 2469 1237 2502 tuum.
1294 2469 1337 2502 et
1366 2460 1562 2500 iurabant

91 2529 234 2556 omnes
266 2515 339 2567 sic,
369 2516 534 2557 nemine
563 2517 855 2558 contradicere
883 2532 1010 2572 super
1039 2518 1122 2558 hoc
1150 2517 1340 2558 audente.
1398 2517 1563 2557 interea

91 2571 226 2612 classis
255 2572 482 2613 Arabum‘
471 2588 512 2612 in
537 2573 727 2628 Cyprum
754 2574 891 2615 exivit.
949 2574 1066 2628 quod
1095 2587 1453 2638 praecognoscens
1479 2572 1561 2613 im-

90 2628 279 2682 peratrix
306 2629 574 2670 coacervavit
602 2635 644 2670 et
673 2630 759 2684 ipsa
788 2630 927 2670 omnia
956 2631 1142 2671 Romana
1174 2629 1348 2684 navigia,
1379 2634 1422 2671 et
1451 2628 1563 2669 misit

92 2683 287 2726 adversus
318 2699 402 2726 eos.
460 2700 556 2726 cum
583 2692 723 2727 autem
763 2701 894 2742 usqne
922 2689 1043 2742 Myra
1074 2692 1254 2740 uterque
1283 2691 1460 2739 praetor
1486 2699 1561 2724 ve..

91 2740 231 2793 nisset,
272 2740 444 2783 divertit
489 2758 512 2782 a
554 2743 856 2796 promontorio
893 2734 1241 2784 Chelidoniorum
1280 2748 1322 2781 et
1360 2742 1579 2797 ingressus

91 2802 154 2837 est
182 2796 224 2836 in
254 2799 434 2840 Attaliae
459 2799 606 2842 sinum.
674 2805 719 2839 at
747 2814 852 2841 vero
885 2800 1065 2840 Arabes
1080 2797 1188 2839 moti
1214 2813 1238 2838 a
1269 2773 1440 2855 Cypron,
1465 2813 1611 2852 cump.
1631 2804 1697 2839 721
