1794 3250
701 191 902 233 NOTAE.
1441 186 1538 234 299

74 317 287 361 vocantique
327 304 498 357 origines
526 305 703 360 disputat
729 304 798 344 lib.
827 303 852 344 5
895 303 946 344 de
971 304 1130 348 emend.
1156 314 1273 360 temp.
1302 305 1540 346 confutatus

73 366 209 400 tamen
239 365 282 400 et
310 360 524 400 convictus
551 359 662 404 lib.9
681 360 734 401 de
748 359 860 404 doct.
888 365 1017 413 temp.
1045 360 1177 414 cap.5
1205 361 1418 417 reliquisse
1445 375 1541 401 mo-

72 421 144 457 net
175 416 285 458 idem
311 416 516 457 Petavius.
571 416 758 469 meliora,
790 417 834 457 ni
863 416 1000 467 fallor,
1027 430 1226 470 suggero:
1255 433 1279 457 a
1307 418 1539 459 Panodoro

74 473 278 527 Aegyptio
310 471 552 513 institutore
584 474 762 527 primam
805 471 1042 527 nuncupari
1070 472 1411 514 Alexandrinam:
1440 474 1542 515 alte-

77 544 180 578 ram,
211 528 325 583 quod
355 528 394 569 ei
422 529 656 584 proximior
687 529 842 581 existat,
875 544 923 570 ac
953 543 1060 583 pene
1086 535 1340 583 assequatur,
1368 531 1542 570 Alexan-

77 584 222 624 drinae
249 584 411 638 pariter
448 599 600 626 nomen
645 586 866 627 sortitam:
909 585 1077 626 tertiam
1107 586 1543 640 Constantinopolita-

73 656 182 686 nam.
208 640 292 681 sive
308 642 550 682 Romanam.
585 641 701 697 quod
731 643 810 683 CP.
841 656 949 697 quae
977 655 1084 682 nova
1114 642 1249 682 Roma
1278 648 1351 694 est,
1380 649 1422 684 et
1449 644 1540 684 Ro-

72 697 182 737 mani
213 697 425 752 quondam
446 697 611 752 imperii
642 705 771 753 caput
791 699 954 745 effulsit,
984 699 1169 753 primum
1186 698 1370 751 inventa,
1403 705 1543 739 totum

70 754 304 794 Romanum
334 754 558 808 imperium
590 754 741 796 deinde
770 762 997 810 pervagata
1027 754 1093 806 sit,
1125 761 1168 795 et
1197 755 1238 794 in
1266 769 1333 807 eo,
1365 762 1412 796 ut
1435 757 1543 796 cita...

73 817 138 850 tus
163 824 296 850 canon
325 810 548 852 Trullanus
569 812 805 864 confirmat,
836 811 1134 852 auctoritatem
1158 811 1441 853 communiter
1471 827 1543 852 na-

72 874 138 906 cta
165 866 315 919 suerit,
345 866 489 908 lubens
519 868 733 909 assentior.
790 868 1037 909 sententiam
1064 868 1221 922 probat
1247 868 1439 908 Petavius
1468 883 1544 908 au-

75 928 179 964 ctar.
210 923 280 963 lib.
309 922 337 963 8
367 924 504 978 capite
536 925 556 964 1
583 938 678 980 pag.
709 922 790 965 293
809 927 847 965 D
879 925 1016 965 verbis
1044 923 1297 968 huiusmodi.
1358 925 1542 965 Graeco-

72 993 161 1019 rum
189 989 461 1035 computorum
483 982 608 1035 prior
638 990 678 1021 et
703 982 1004 1037 antiquissimas
1032 996 1180 1021 annum
1209 995 1296 1020 eum
1310 1009 1322 1030 ,
1353 983 1427 1037 qni
1445 983 1544 1036 pri-

71 1050 158 1076 mus
181 1044 239 1075 est
262 1050 382 1076 aerae
409 1047 587 1088 nostrae,
616 1046 796 1077 numerat
822 1038 874 1076 ab
894 1039 1065 1078 Adamo
1082 1035 1192 1077 5493
1217 1039 1418 1092 posterior
1433 1036 1542 1078 5509

69 1105 145 1130 nec
166 1093 303 1147 plures
333 1092 400 1144 (de
433 1108 518 1147 quo
548 1107 644 1133 mox
681 1098 832 1145 sermo)
875 1094 1134 1134 Graecorum
1164 1095 1429 1149 computistae
1458 1109 1543 1133 me-

70 1157 258 1188 morant:
282 1150 352 1205 qui
379 1151 561 1203 priorem
593 1159 745 1190 vocant
769 1145 878 1189 κατὰ
906 1147 1225 1202 Ἀλεξανδρέας,
1252 1164 1321 1190 nos
1352 1150 1542 1190 Alexan-

69 1203 238 1244 drinum
258 1204 529 1260 appellemus:
553 1206 814 1261 posteriorem
842 1202 947 1246 κατὰ
972 1203 1226 1255 Ῥωμαίους,
1256 1220 1326 1245 nos
1346 1207 1544 1247 Constan-

71 1261 382 1315 tinopolitanum
402 1275 431 1301 a
449 1276 550 1301 nova
569 1262 699 1302 Roma
715 1263 977 1302 nominemus.
1035 1263 1098 1302 ica
1119 1262 1389 1317 Theophanes,
1419 1277 1544 1318 quem

71 1321 208 1357 tamen
238 1316 481 1373 loquentem
510 1317 622 1359 haud
652 1318 723 1371 ibi,
750 1318 821 1358 sed
850 1318 1021 1359 inferius
1042 1317 1213 1358 adducit
1227 1319 1433 1372 Petavius,
1466 1334 1545 1359 non

77 1387 154 1412 uno
183 1373 282 1413 loco.
339 1373 441 1414 haec
471 1374 612 1428 primo
650 1374 816 1428 capite:
846 1389 942 1415 mox
975 1374 1123 1429 quinto
1156 1389 1296 1415 aeram
1323 1375 1546 1416 secundam

73 1436 395 1470 memoraturus.
453 1431 800 1483 Alexandriam,
831 1431 901 1481 ait,
930 1440 1153 1487 computum
1181 1433 1226 1471 in
1252 1433 1441 1488 paschali
1469 1446 1546 1471 sua

73 1485 256 1527 methodo
286 1494 417 1526 tenere
452 1502 492 1526 se
533 1487 755 1527 Maximus
793 1487 964 1527 ostendit
995 1489 1126 1543 capite
1155 1486 1223 1538 32,
1271 1502 1364 1528 cum
1393 1502 1546 1528 annum

69 1542 372 1583 incarnationis
398 1556 451 1582 ac
491 1544 641 1583 natalis
672 1543 823 1583 Christi
854 1552 1025 1584 testatur
1047 1545 1188 1595 sitisse
1221 1543 1344 1586 5501.
1402 1544 1546 1584 Theo-

70 1597 226 1652 phanes
252 1613 355 1639 vero
385 1605 551 1650 noster,
597 1599 670 1655 qui
709 1600 935 1640 secundam
963 1599 1076 1640 illam
1115 1615 1258 1641 aeram
1286 1599 1544 1647 Africanum,

69 1654 319 1706 Maximum,
353 1655 591 1710 Syncellum
627 1656 810 1696 imitatus
858 1656 1077 1708 observat,
1123 1657 1296 1698 eandem
1340 1655 1409 1696 hie
1436 1654 1541 1697 κατὰ

70 1709 357 1762 Ἀλεξανδρεῖς
384 1711 591 1767 indigitat,
624 1712 882 1768 eandemque
905 1727 1045 1754 rursus
1064 1713 1139 1753 sub
1169 1714 1312 1754 eadem
1342 1728 1447 1754 voce
1478 1728 1545 1754 re-

70 1769 155 1806 sert
183 1767 424 1821 explicatius
458 1767 662 1824 pag..345
683 1774 726 1810 et
739 1764 821 1809 346
855 1769 906 1810 de
924 1770 1072 1810 Leonis
1104 1770 1275 1817 Isaurici
1307 1777 1446 1810 morte
1475 1769 1543 1809 lo-

72 1830 296 1878 quuturus.
352 1820 447 1873 ἔτος
474 1819 527 1879 ἧν
555 1821 638 1865 α’πὸ
671 1825 752 1877 μὲν
780 1826 956 1872 κτίσεως
986 1823 1146 1877 κόσμου
1176 1823 1283 1867 κατὰ
1306 1821 1546 1877 Ῥωμαίους

75 1875 217 1938 ,ςσμηζ
245 1876 352 1920 κατὰ
385 1881 432 1922 δὲ
462 1881 738 1934 Αἰγυπτίους,
767 1874 898 1935 ἤγουν
936 1880 1229 1936 Ἀλεξανδρεῖς
1258 1881 1396 1939 ,ςσλβᾏ
1455 1891 1548 1922 erat

71 1936 230 1990 quidem
261 1951 433 1978 annusa
461 1938 608 1978 mundi
637 1939 802 1979 conditu
825 1940 946 1979 iuxta
958 1939 1162 1979 Romanos
1178 1937 1302 1990 6248,
1328 1939 1542 1978 secundam

69 1993 300 2048 Aegyptios
327 2009 438 2046 vero,
457 1994 762 2036 Alexandrinos
790 1996 980 2049 intellige,
1012 1993 1135 2036 6239.
1177 1997 1542 2036 verumenimvero

72 2049 188 2102 quod
216 2050 410 2100 secunda,
440 2051 554 2092 velut
575 2052 710 2105 prior,
739 2051 1016 2092 Alexandrina
1046 2059 1318 2107 nuncupetur
1346 2067 1443 2092 aera
1461 2053 1542 2092 Pe-

67 2104 200 2143 tavins
232 2106 506 2159 expositurus,
535 2108 645 2148 illam
670 2108 711 2147 in
741 2107 850 2149 hanc
881 2107 1061 2159 refundi,
1092 2109 1283 2164 adeoque
1309 2114 1541 2162 separatam

73 2167 116 2200 et
146 2161 382 2202 distinctam
410 2178 494 2203 non
518 2165 787 2217 constituere,
819 2164 1115 2220 duplicemque
1140 2171 1315 2218 tantum,
1345 2180 1427 2205 non
1461 2165 1539 2203 tri-

69 2217 220 2270 plicem
259 2233 484 2274 exurgere,
526 2221 845 2277 nominibusque
891 2222 987 2262 solis
1036 2222 1198 2263 duobus
1242 2221 1540 2261 numerandam

68 2273 288 2315 contendit
318 2274 370 2316 de
397 2275 508 2317 doct.
538 2284 665 2332 temp.
696 2278 770 2318 lib.
801 2277 826 2318 9
860 2285 902 2318 et
943 2286 1102 2319 auctar.
1143 2279 1260 2319 citati
1288 2278 1358 2320 lib.
1387 2277 1414 2317 8
1446 2277 1541 2316 insi-

67 2330 285 2384 gnioribus
313 2332 459 2386 primis
490 2334 720 2387 capitibus:
752 2340 793 2375 et
820 2334 972 2375 indicia
1001 2334 1168 2390 quidem
1201 2350 1247 2374 ac
1277 2334 1539 2373 coniecturas

67 2387 208 2440 plures
238 2387 280 2427 in
298 2388 480 2429 medium
496 2391 676 2443 profert,
706 2405 869 2430 causam
899 2407 1005 2446 quae
1025 2392 1147 2445 plane
1176 2391 1412 2439 convincat,
1444 2388 1539 2428 nul-

66 2442 163 2487 lam.
218 2443 323 2485 haec
364 2460 465 2486 vero
505 2446 687 2500 legitima
731 2446 782 2487 ad
815 2447 1053 2502 Syncellum
1099 2449 1213 2501 prius
1243 2447 1461 2487 observata
1492 2460 1539 2485 ex

67 2500 153 2540 eius
177 2501 358 2542 numeris
387 2502 488 2541 mihi
517 2502 865 2556 deprehenditur.
923 2511 1096 2558 praeter
1114 2502 1329 2545 Panodori
1361 2503 1540 2541 Alexan-

67 2556 373 2614 drinorumque
400 2573 540 2599 aeram
558 2560 785 2614 Syncelhw,
817 2560 902 2599 imo
934 2561 1114 2601 Anianus
1143 2558 1383 2609 monachus,
1415 2557 1539 2598 etiam

67 2613 317 2668 Aegyptiu5‚
359 2616 579 2669 propriam
620 2615 671 2654 ad
712 2630 842 2656 annos
889 2616 1112 2657 ulteriores
1144 2622 1300 2669 septem
1344 2614 1409 2654 vel
1441 2621 1539 2654 octo

68 2677 391 2725 prorogaturus‚
423 2687 446 2711 a
468 2672 619 2726 prima,
650 2687 756 2726 quae
784 2674 962 2713 natalem
977 2673 1128 2713 Christi
1161 2686 1270 2711 anno
1289 2666 1399 2710 5493
1429 2685 1540 2711 con-

64 2725 226 2778 signat,
268 2727 377 2768 haud
418 2729 595 2768 multum
625 2727 812 2780 deflexit,
841 2730 990 2770 eodem
1020 2729 1071 2768 ad
1101 2727 1211 2768 5500
1242 2728 1306 2767 vel
1334 2725 1442 2767 5501
1477 2742 1540 2767 se-

66 2788 213 2823 moto:
243 2797 334 2824 eam
365 2784 420 2824 ob
451 2799 540 2824 rem
572 2791 618 2825 ut
649 2785 947 2827 Alexandrinae
978 2799 1127 2826 nomen
1158 2799 1180 2824 a
1208 2783 1450 2834 Panodoro,
1481 2784 1539 2823 sic
