1728 3184
449 151 634 193 NOTAE
671 154 1051 203 POSTERlORES.
1396 152 1489 201 647

152 260 249 315 673,
281 261 344 304 10.
402 267 768 320 συγκαθεζομένου
799 270 930 326 αὐτῷ]
959 273 1082 329 Peyr.
1109 272 1270 316 emend.

150 329 248 381 675,
276 329 314 371 9.
371 327 470 380 τούς
498 329 576 387 τήν
604 330 675 374 ὑπ’
706 333 840 376 αὐτοῦ
866 338 1008 388 βασιλ.
1033 341 1156 381 Barb.
1185 341 1307 397 Peyr.

154 395 351 439 Ibid.13.
395 402 489 447 ταῖς
509 398 656 448 α’κταῖς
677 404 1086 460 προσορμισθέντων]
1116 422 1201 447 cum
1235 408 1297 449 ad
1347 418 1493 449 etr-osas

38 467 139 494 oras
167 453 463 510 applicuissent.
483 459 654 508 τραχεῖς
695 455 840 508 ιόπιοι,
868 460 895 498 ἰί
928 459 1136 502 dicuntur.
1165 468 1245 504 act.
1276 464 1292 503 1
1331 492 1342 503 .
1399 466 1492 505 loca

34 523 202 565 aspera,
230 509 516 563 importuosa3
558 512 608 551 ad
639 528 747 568 quae
789 529 907 554 naves
938 523 1063 556 vento
1095 518 1217 559 flante
1244 525 1375 559 tutam
1404 526 1488 560 sta-

35 564 194 606 tionem
220 564 374 607 habere
405 573 628 621 nequeant.
689 570 854 623 exponit
873 572 913 610 S.
935 572 1106 626 Nicepb.
1127 573 1185 612 his
1216 575 1364 615 verbis.
1394 575 1491 616 α’λί-

32 634 161 671 μενος
188 618 272 675 γάρ
299 618 322 662 ὅ
355 620 496 676 τόπος,
524 623 597 664 καί
623 628 710 672 τοῖς
739 626 912 666 πλέουσι
952 626 1283 681 δυσφορώτατος.
1339 633 1490 685 impor-

32 685 163 718 tunsus
190 679 299 718 enim
324 687 382 718 est
404 678 524 733 locus,
550 688 586 719 et
613 682 894 735 navigantibus
921 682 1111 736 difficilis.
1142 700 1222 725 non
1241 700 1340 740 ergo
1373 687 1488 738 bene,

34 747 126 774 cum
151 734 295 775 littora
320 735 509 789 legerent,
542 741 620 776 etc.

147 798 297 850 676,9.
354 799 408 841 τὰ
443 798 561 855 πάθη
585 800 744 854 αὐτῶν]
774 805 875 858 Reg.
908 810 950 846 et
968 805 1058 846 Pal.
1092 813 1134 847 at
1148 807 1270 862 Peyr.
1299 814 1338 848 et
1354 807 1487 849 Anast-

32 856 183 910 αὕτοῦ,
212 864 260 898 ut
286 857 446 899 editum
473 865 543 898 est.
602 873 655 900 ac
683 862 765 899 eius
791 862 894 900 vitia
921 863 1192 913 traducet-enm
1221 877 1365 917 nempe
1381 865 1488 904 Con.

34 912 202 953 stantini
235 913 345 968 apud
375 913 509 967 ipsum
543 915 796 969 Stephanum
839 917 1039 958 inclusum
1076 918 1128 959 ad
1169 933 1291 974 quem
1322 921 1488 970 itarent3

33 969 149 1010 cuius
177 970 302 1011 etiam
353 969 539 1010 criminis
581 972 632 1012 ab
673 986 722 1011 eo
765 973 824 1012 rei
873 974 953 1013 acti
985 981 1095 1018 sunt.
1150 974 1208 1015 sic
1232 982 1344 1016 certe
1372 977 1489 1015 fictus

34 1024 103 1066 ille
133 1040 180 1067 ex
207 1026 344 1067 aulico
378 1027 635 1067 Constantini
680 1028 905 1070 monachus
941 1030 1172 1084 Gregorius
1210 1030 1251 1070 in
1282 1032 1366 1071 vita
1394 1033 1488 1072 Ste-

31 1081 197 1137 phani,⁴
229 1082 373 1124 deluso
420 1083 568 1123 eodem
611 1084 820 1138 Stephano
840 1115 851 1136 ‚
883 1101 930 1126 ae
960 1087 1011 1127 ab
1039 1102 1089 1128 eo
1119 1086 1312 1126 monachi
1346 1087 1488 1128 habitu

32 1138 238 1180 derisorie
267 1139 512 1194 impetrato,
543 1140 635 1195 cogi
670 1156 711 1180 sc
741 1156 789 1180 ac
818 1143 948 1182 socios
981 1158 1003 1182 a
1040 1142 1311 1183 Constantino
1341 1143 1393 1183 ad
1420 1146 1488 1184 lu-

31 1194 255 1246 dammum,
291 1210 340 1236 ac
379 1196 687 1236 Saracenorum
727 1198 976 1252 impietatem
1016 1198 1126 1252 apud
1169 1213 1261 1240 eum
1292 1200 1486 1241 simulatis

29 1250 220 1307 lacrymis
234 1258 400 1308 questus
415 1258 498 1293 est:
515 1252 570 1292 ita
592 1253 785 1293 nimirum
804 1269 1038 1308 persuasum
1053 1254 1230 1295 habente
1242 1261 1418 1311 tyranno
1435 1255 1487 1296 de

29 1307 119 1362 ipso
137 1323 184 1348 re
202 1307 287 1363 ipsa
309 1308 442 1364 queri,
463 1309 534 1364 qni
555 1324 601 1350 ex
625 1309 760 1350 animo
786 1310 1007 1351 orthodoxi
1036 1317 1178 1362 essent,
1208 1325 1255 1351 ac
1273 1310 1483 1365 Stephano

29 1363 196 1405 addicti.
256 1365 431 1405 cavebat
458 1365 652 1406 nimirum
695 1367 957 1422 nequissimus
996 1367 1123 1407 homo
1154 1382 1278 1422 quam
1307 1367 1483 1422 diligen..

29 1426 96 1460 ter
127 1435 179 1462 ne
208 1421 358 1476 impius
389 1422 569 1474 audiret,
601 1437 735 1478 eoque
766 1423 931 1464 nomine
960 1438 1198 1478 quanquam
1227 1423 1266 1462 in
1294 1424 1483 1464 omnibus

27 1477 453 1533 obsequentissimum,
483 1493 532 1519 ac
557 1479 641 1520 eius
671 1479 987 1520 addictissimum
1018 1480 1173 1520 haeresi
1204 1478 1483 1534 patriarcham

28 1535 346 1575 Constantinum
373 1549 492 1576 saeva
535 1550 635 1576 nece
663 1536 837 1587 sustulit,
880 1536 991 1590 quod
1019 1542 1179 1576 secreto
1209 1535 1381 1589 prodito
1414 1550 1482 1575 su-

26 1603 196 1631 surrans
221 1591 531 1633 Nestorianismi
562 1607 654 1633 eum
685 1593 962 1632 insimulasset.
1020 1591 1119 1631 nihil
1156 1591 1206 1632 ad
1236 1606 1338 1642 rem,
1366 1590 1481 1646 quod

27 1645 241 1687 redditum
267 1653 352 1688 est:
384 1663 460 1688 nec
488 1654 638 1689 auctor
669 1645 720 1689 ni
750 1645 889 1702 πάθη,
917 1649 986 1689 scd
1013 1646 1058 1688 τὸ
1087 1642 1238 1698 πάθος,
1268 1648 1328 1687 vel
1356 1647 1481 1701 magis

25 1699 102 1743 τὸν
128 1696 264 1745 ἆθλον
288 1704 530 1758 scripsisset,
558 1712 603 1746 ut
634 1705 689 1745 ita
718 1704 769 1745 de
799 1705 921 1759 ipsius
950 1704 1142 1759 martyris
1172 1703 1386 1757 triumpho
1414 1703 1481 1742 lo..

26 1760 99 1814 qui
128 1760 335 1801 voluisset.
366 1760 449 1801 hoc
479 1776 595 1801 sensu
618 1764 711 1802 Naz.
742 1760 1128 1814 παραδειγματίσας
1145 1756 1217 1799 καί
1241 1754 1481 1810 θριαμβεύ-

23 1829 103 1864 σας
131 1813 209 1869 τήν
238 1813 454 1868 ἁμαρτίαν
468 1815 527 1865 ὥς
555 1817 675 1866 α’ξιάν
705 1811 877 1871 ὕβρεως.
934 1832 1015 1871 pro
1045 1815 1174 1855 altera
1204 1815 1381 1855 lectione
1397 1815 1480 1854 Re-

21 1872 80 1925 gii
110 1872 206 1912 cod.
238 1878 281 1912 et
307 1873 394 1913 Pal.
426 1874 601 1914 maxime
630 1875 750 1921 facit,
791 1872 903 1929 quod
943 1873 1066 1913 habet
1096 1872 1180 1925 ipse
1208 1869 1480 1923 Theophanes

23 1928 286 1969 Constantini
325 1943 435 1970 anno
481 1930 532 1971 27
563 1946 654 1985 pag.
690 1929 770 1971 373
810 1930 880 1970 abs
921 1945 962 1970 se
1002 1929 1068 1968 hic
1108 1928 1218 1967 dicta
1258 1926 1479 1990 explicans;

23 1999 119 2025 cum
149 1984 208 2025 ait
238 1984 373 2026 dictos
413 2000 611 2041 proceres
655 1986 812 2028 idcirco
850 1987 901 2026 ab
931 2001 981 2026 eo
1012 1984 1101 2025 neci
1127 1983 1257 2036 datos,
1287 1996 1334 2022 ac
1363 1997 1403 2021 ιη
1431 1983 1477 2021 iis

20 2041 278 2094 Strategium
309 2042 664 2097 Podapogurum,
704 2043 818 2099 quod
847 2057 940 2083 cum
979 2041 1072 2082 alias
1103 2039 1250 2093 turpis,
1282 2053 1329 2078 ac
1360 2037 1475 2077 nefa-

23 2097 110 2139 riae
143 2098 325 2138 libidinis
352 2099 628 2140 Constantino
659 2100 846 2140 minister
872 2105 990 2149 esset,
1019 2098 1078 2138 rei
1105 2104 1325 2150 pertaesus,
1353 2094 1474 2134 beato

18 2155 151 2195 sancti
185 2155 376 2195 Auxentii
411 2156 569 2196 incluso
601 2160 763 2211 (nempe
781 2157 825 2195 S.
848 2155 1060 2210 Stephano
1093 2152 1261 2200 iuniori)
1290 2163 1352 2214 eas
1383 2156 1471 2190 tur·

18 2210 226 2265 pitudines
253 2225 372 2252 sacro
402 2212 725 2268 exhomologesis
764 2213 847 2252 ritu
881 2216 1116 2266 exponeret.
1173 2206 1474 2270 ὖπονρθυμένθς

17 2263 94 2320 τῆν
121 2267 168 2309 ἐκ
193 2267 277 2308 τῶν
304 2266 613 2321 ἑξαγορεύσεων
652 2269 979 2320 προσγινομένην
1019 2265 1134 2319 αὐτῷ
1162 2263 1374 2313 αἷσχυνην.
1401 2275 1471 2325 ve·

17 2325 122 2364 ritus
143 2324 340 2380 probrum
369 2326 481 2379 quod
505 2341 560 2366 ex
593 2326 900 2376 corgfi’ssionibus
927 2325 993 2364 illi
1018 2320 1237 2362 accedebat.
1250 2373 1259 2381 .
1294 2331 1344 2356 en
1375 2317 1471 2356 ubi..

19 2394 103 2435 que
133 2380 233 2435 quid
262 2378 308 2420 τό
340 2376 458 2435 πάθη
498 2381 812 2434 θριαμβεῦσαι,
852 2381 936 2420 sive
973 2395 1068 2429 sua,
1097 2377 1180 2416 sive
1206 2379 1328 2414 enam
1348 2373 1471 2438 ’Con-

16 2437 213 2487 stamini,
253 2437 471 2478 occasione
510 2453 580 2478 sua
619 2439 804 2492 ipsorum
834 2435 1075 2487 confitendi,
1103 2433 1214 2473 cuius
1244 2428 1471 2482 turpitudi-

17 2507 119 2532 num
166 2498 238 2533 aut
267 2494 423 2534 conscii
456 2495 652 2547 fuissent,
694 2501 765 2534 aut
805 2492 1002 2537 ministri;
1045 2503 1092 2529 ac
1136 2501 1258 2550 quan}
1284 2485 1391 2550 belle
1420 2484 1471 2523 ad

16 2548 217 2603 Stephani
243 2550 398 2591 isthaec
429 2556 564 2590 tracta
592 2549 829 2604 praeconia.
886 2544 1120 2599 σπαθάριος
1146 2557 1254 2583 κατα
1283 2555 1354 2583 τον
1380 2542 1469 2594 Βη·

15 2600 113 2659 σήρ.
169 2607 328 2647 Beseris
345 2608 587 2664 spatlzaritcS.

126 2688 222 2740 677,
254 2690 318 2732 13.
382 2687 597 2741 κλερικούς
630 2703 672 2729 τε
706 2688 780 2730 καί
812 2683 1035 2741 μοναχούς,
1066 2681 1138 2724 καί
1174 2675 1356 2732 λαϊκοιὲς,
1383 2676 1468 2733 μύ-

17 2758 117 2792 στας
150 2745 291 2789 αὐτοῦ
319 2747 406 2796 καί]
439 2748 539 2801 ch.
575 2753 653 2787 etc.
