1768 3268
595 184 665 226 Ex
709 183 1063 228 TREOPHANE.
1475 183 1568 228 121

79 298 287 349 fuissent,
317 298 367 338 fit
404 297 582 339 maxima
609 299 810 340 Romanis
852 299 1046 340 victoria.
1115 298 1400 354 dispoliantur
1437 300 1568 356 igitur

87 354 275 408 barbari,
301 360 346 396 et
373 355 591 409 sepultura
629 362 819 396 carentes
859 355 1100 396 efficiuntur
1138 355 1278 397 bestiis
1324 372 1427 397 esca.
1485 358 1567 400 hoc

88 411 235 452 audito
282 411 526 453 Hormisdas
561 413 787 454 Persarum
825 427 924 464 rex,
967 411 1258 454 confusionem
1300 428 1383 455 non
1415 415 1564 468 ferens,

86 467 336 510 muliebrem
364 476 519 511 vestem
542 470 693 510 Baram
735 470 993 522 transmisit,
1025 475 1068 510 et
1096 468 1211 510 bunc
1237 477 1441 524 praetura
1472 474 1566 527 pri-

88 525 216 566 vavita
281 533 408 580 parat
451 541 475 568 e
505 532 658 567 contra
698 526 973 568 rebellionem
1009 527 1186 577 Raram,
1212 528 1491 581 progreditur
1522 530 1565 571 in

89 581 367 637 tyrannidem,
394 589 439 624 et
469 583 700 639 reciprocis
731 583 895 624 iniuriis
923 598 1004 638 per
1032 583 1191 624 litteras
1207 580 1473 625 Hormisdam
1501 586 1566 627 la..

85 638 219 690 cessit,
242 640 552 694 superscribens
580 640 784 695 epistolae
813 641 871 682 ita
898 639 1174 681 “Hormisdae
1205 640 1314 680 filiae
1351 641 1567 684 Cliosroae

83 695 237 735 Baram
251 695 355 738 baec
371 697 539 738 mittit?
570 698 755 738 collectis
776 712 880 739 vero
896 698 1055 739 militiis
1075 697 1283 738 asserebat
1300 698 1566 740 Hormisdam

84 751 348 807 indignatum
373 753 569 794 adversus
597 754 777 807 militias,
808 760 959 809 utpote
989 769 1098 811 quae
1130 755 1365 795 aRomanis
1397 756 1564 797 fuerant
1576 769 1609 804 p·
1631 756 1703 792 406

82 816 317 863 superatae.
346 810 593 852 ostendebat
609 818 750 852 autem
765 818 810 853 et
824 812 939 853 fictas
956 813 1116 852 litteras
1133 811 1248 866 quasi
1270 811 1321 851 ab
1338 812 1563 859 Hormisda

81 866 218 906 missas
234 865 288 907 ad
304 867 549 909 minuendas
569 868 748 909 militum
778 883 913 923 rogas,
938 868 990 909 ad
1006 868 1254 910 memoriam
1282 869 1339 909 eis
1360 868 1562 911 reducens

81 923 349 965 atrocitatem
365 924 626 974 Hormisdae‚
657 940 731 966 seu
753 925 1045 967 crudelitatem
1076 926 1297 966 avaritiam
1323 931 1365 966 et
1399 926 1562 968 violen-

81 979 196 1030 tiam,
220 987 264 1021 et
290 981 475 1037 qualiter
507 981 742 1024 homicidiis
774 983 1003 1023 delectatus
1031 989 1074 1024 et
1093 998 1116 1022 a
1136 997 1240 1038 pace
1256 983 1412 1023 alienus
1443 990 1560 1036 esset,

81 1037 350 1094 qualiterque
367 1039 592 1094 optimates
611 1039 785 1080 vinculis
803 1039 1030 1091 dediderit,
1065 1053 1250 1095 quorum
1268 1040 1370 1079 alios
1388 1041 1560 1096 quidem

79 1092 483 1148 gladioreciderit,
531 1096 632 1137 alios
661 1102 802 1138 autem
846 1097 1062 1138 necaverit
1088 1097 1274 1151 Tigride,
1306 1104 1349 1137 et
1378 1097 1562 1152 qualiter

77 1151 258 1206 cogebat
267 1151 416 1193 Persas
436 1152 478 1192 in
503 1154 662 1208 magnis
690 1153 859 1208 praeliis
888 1154 1091 1209 separari,
1109 1168 1196 1209 quo
1214 1153 1561 1208 disperderentur

78 1213 123 1247 ct
157 1222 242 1248 non
285 1214 437 1249 contra
478 1209 597 1250 illum
637 1211 1016 1252 tumultuarentur.
1090 1211 1241 1251 talibus
1280 1225 1382 1265 ergo
1419 1212 1559 1253 verbis

75 1264 228 1305 Bai-am
255 1265 446 1307 militiam
478 1267 623 1308 affatus
650 1267 915 1323 tyrannidem
960 1267 1182 1307 maximam
1211 1267 1408 1308 adversus
1441 1268 1559 1309 Hor.

75 1321 251 1361 misdam
277 1321 517 1374 succendit,
549 1331 591 1364 et
621 1324 863 1365 iuramentis
903 1326 1054 1364 Baram
1083 1324 1315 1365 munientes
1346 1324 1557 1379 dogmati..

74 1383 171 1417 zant
198 1391 341 1420 omnes
376 1393 420 1420 se
454 1379 728 1433 deposituros
772 1382 1055 1422 Hormisdam.
1130 1381 1370 1421 Hormisdas
1415 1389 1556 1424 autem

72 1435 349 1476 Ferochaneu
378 1437 625 1493 magistrum
671 1452 793 1477 suum
821 1445 1029 1478 armatum
1059 1453 1155 1478 cum
1187 1438 1346 1478 virtute
1378 1437 1558 1480 destinat

71 1491 265 1533 adversus
288 1494 451 1534 Raram.
482 1495 634 1534 Raram
662 1510 766 1535 vero
793 1495 1044 1549 significavit
1071 1494 1311 1536 Ferochani
1341 1509 1414 1536 seu
1444 1496 1554 1536 mili-

70 1548 138 1589 tiis
169 1550 265 1604 quia
297 1565 382 1590 non
410 1552 611 1592 convenit
639 1566 755 1591 arma
788 1552 934 1592 Persas
967 1551 1164 1593 adversus
1193 1553 1341 1593 Persas
1373 1551 1551 1604 efferre,

70 1611 114 1646 et
142 1606 195 1646 ad
226 1607 472 1648 memoriam
501 1609 557 1648 eis
588 1607 816 1650 reducebat
842 1609 1094 1650 Hormisdae
1123 1609 1408 1662 asperitatem,
1436 1609 1551 1650 iniu-

70 1663 240 1715 stitiam,
270 1664 312 1704 in
341 1664 613 1719 sanguinibus
640 1666 853 1720 gaudium,
882 1668 926 1706 in
960 1665 1193 1707 homicidiis
1225 1681 1428 1717 amorem,
1453 1666 1550 1706 infi-

68 1718 296 1773 delitatem,
325 1722 567 1763 iactantiam
600 1730 642 1763 et
670 1723 930 1764 violentiam.
1003 1723 1105 1764 haec
1133 1724 1357 1764 sentientes
1389 1724 1551 1764 veraci-

56 1780 139 1816 ter
167 1778 219 1818 ab
248 1791 299 1818 eo
330 1779 443 1820 dicta
471 1780 596 1820 fuisse
623 1780 772 1835 populi
805 1782 878 1836 qui
906 1781 1022 1821 circa
1041 1779 1315 1821 Ferochanen
1347 1786 1468 1821 erant
1497 1780 1547 1820 ad
1560 1780 1679 1828 p-407

68 1833 216 1874 Baram
244 1849 330 1876 sese
358 1838 613 1887 conferunt,
652 1843 694 1878 et
731 1837 1006 1878 Ferochaneu
1049 1837 1291 1879 occidentes
1321 1852 1365 1878 se
1397 1838 1548 1877 Baram

67 1892 245 1944 uniunt,
283 1898 326 1934 ct
353 1900 507 1934 contra
534 1893 844 1948 Ctisiphoutem
887 1895 1048 1950 impetu
1078 1896 1246 1948 abeunt.
1304 1895 1549 1948 Hormisdas

19 2001 24 2004 μ
59 1954 207 1988 autem
239 1949 422 1991 babebat
441 1950 676 2002 Bindohen,
705 1966 879 2006 magnae
909 1952 1121 2007 dignitatis
1151 1952 1304 2005 virum,
1334 1952 1375 1992 in
1404 1952 1550 1991 vincu-

65 2003 137 2044 lis:
171 2005 313 2062 itaque
341 2021 438 2048 cum
464 2009 510 2048 in
535 2023 683 2063 magna
713 2008 992 2049 fluctuatione
1023 2008 1191 2063 negotia
1221 2008 1436 2063 degerent,
1466 2010 1548 2049 Be-

62 2067 155 2101 stan
183 2062 364 2104 Bindohi
393 2066 545 2116 frater,
577 2065 618 2106 in
652 2066 887 2107 custodiam
928 2066 1120 2116 insiliens,
1153 2065 1297 2106 eduxit
1325 2065 1544 2106 Bindohen

63 2118 241 2160 fratrem
270 2135 415 2171 suum,
443 2128 485 2163 et
525 2129 781 2177 congregata
811 2123 1081 2163 multitudine
1120 2123 1279 2163 rustica
1313 2138 1387 2164 seu
1414 2122 1543 2174 civili,

63 2175 189 2216 tertia
222 2176 328 2218 hora
358 2178 440 2218 diei
469 2180 620 2234 regalia
653 2180 842 2230 intrant,
884 2187 927 2221 et
957 2180 1128 2221 invento
1163 2179 1386 2220 Hormisda
1417 2194 1545 2232 super

60 2232 212 2283 solium
243 2235 359 2289 regio
390 2251 511 2277 more
537 2235 707 2277 sedente
737 2237 876 2277 multis
909 2237 1019 2277 hunc
1051 2237 1214 2290 iniuriis
1242 2236 1442 2277 subdunt.
1474 2237 1542 2274 ln-

61 2287 160 2330 dues
190 2297 330 2332 autem
351 2298 495 2334 tenens
517 2293 787 2334 Hormisdam
808 2294 978 2334 abstulit
998 2293 1187 2334 diadema
1218 2308 1240 2332 a
1271 2293 1409 2348 capite
1438 2292 1539 2342 eius,

60 2350 103 2386 et
132 2345 243 2388 hunc
270 2348 311 2388 in
340 2364 556 2391 carcerem
584 2350 878 2404 tradiderunt,
908 2352 1173 2407 rogabatque
1214 2347 1430 2392 Cbosroen
1462 2363 1541 2403 pa-

60 2402 144 2442 trio
173 2404 280 2445 solio
308 2406 456 2446 tribui.
530 2413 751 2461 praeterea
778 2407 1023 2449 *Hormisdas
1071 2423 1095 2448 e
1125 2407 1316 2448 custodia
1347 2405 1542 2446 nuntium

58 2460 191 2511 misit,
221 2462 356 2503 Persis
386 2471 531 2518 petens
558 2464 691 2519 loqui,
720 2465 883 2504 Persidi
913 2480 1022 2519 quae
1049 2464 1310 2519 expedirent.
1370 2462 1411 2501 in
1442 2477 1542 2501 cra-

57 2515 213 2557 stinum
243 2518 373 2574 igitur
402 2520 600 2561 collectus
617 2527 781 2562 senatus
794 2522 1017 2563 Persarum
1038 2523 1078 2562 in
1096 2522 1303 2576 regalibus
1332 2535 1415 2559 una
1444 2533 1541 2559 cum

57 2573 326 2617 multitudine
349 2577 537 2619 vinctum
557 2578 824 2619 Hormisdam
842 2579 1015 2619 ducunt.
1055 2585 1118 2618 ast
1150 2576 1391 2618 Hormisdas
1421 2590 1540 2616 com-

57 2631 259 2673 monebat
291 2634 437 2675 Persas
483 2635 600 2690 quod
632 2650 716 2676 non
767 2642 969 2690 oporteat
1012 2633 1301 2675 huiuscemodi
1337 2633 1379 2673 in
1421 2648 1540 2687 reges

57 2689 351 2741 committere,
393 2697 435 2731 et
475 2697 630 2747 quauta
661 2707 709 2733 ex
753 2708 839 2748 quo
882 2695 1120 2747 regnaverit
1162 2698 1340 2744 tropaea
1367 2690 1668 2744 fecerit‚p.408

56 2746 99 2781 et
127 2743 168 2783 in
199 2747 349 2801 quibus
381 2763 480 2804 erga
510 2749 653 2790 Persas
685 2751 797 2789 bona
824 2750 1071 2804 patraverit,
1102 2753 1144 2788 et
1170 2747 1355 2802 qualiter
1370 2748 1535 2786 Turcos

53 2797 215 2842 Persidi
249 2804 406 2845 tributa
447 2807 613 2847 solvere
643 2807 940 2862 Romanosque
978 2819 1126 2860 pacem
1157 2819 1302 2846 amare
1329 2803 1531 2860 coegerit,
