1728 3184
197 201 294 249 386
683 206 741 249 ΙΝ
779 205 1157 249 ΤΗΕΟΡΗΑΝΕΜ

195 335 269 362 τον
300 317 408 361 κατὰ
453 320 695 376 Προτεριόυ
735 327 927 365 κινεῖται.
996 323 1225 363 Timotheus
1268 323 1430 376 cognita
1458 322 1676 363 Marciani

195 388 322 420 morte
354 387 494 418 contra
531 377 757 420 Proterium
795 381 975 435 insurgit.
1054 379 1247 435 legendus
1279 380 1347 420 hic
1377 380 1446 421 ille
1474 379 1679 420 Theodo-

197 450 280 486 rus,
313 435 707 492 observandumque
727 437 870 477 Aeluri
888 451 1136 492 cognomen,
1161 436 1276 492 quod
1305 443 1434 478 noctu
1453 437 1540 478 selis
1559 450 1680 477 more

194 491 501 533 monachorum
533 494 653 533 cellas
686 493 1099 543 circumambularet‚
1133 493 1392 547 impositum.

314 567 485 616 170‚10.
543 563 730 616 Edd‘o'gt'a
758 561 996 621 ἧθυγὰτηρ
1017 565 1269 616 Θεοδοσίου]
1300 566 1537 622 Procopius
1556 565 1628 606 lib.
1655 568 1675 609 1

198 621 250 663 de
275 623 388 663 bello
423 621 557 663 Vand.
587 623 792 678 Euagrius
824 623 894 663 lib.
927 624 951 663 2
985 638 1077 677 cap.
1109 621 1147 663 7.

309 697 418 736 Ibid.
462 699 527 741 17.
598 697 804 750 στεφθείς
854 692 938 736 ὑπὸ
980 696 1225 738 Ἀνατολιόυ
1266 695 1341 736 τοῦ
1386 691 1680 748 πατριάρχου]

195 753 368 809 primus,
400 768 525 808 quem
563 760 714 794 auctor
746 753 1015 808 patriarchae
1053 768 1181 793 manu
1228 752 1419 793 diadema
1461 751 1679 806 sumpsisse

197 810 378 860 referat,
413 815 473 850 est
512 810 613 851 Leo.
689 817 910 865 praesente
938 809 1180 865 patriarcha
1211 823 1416 850 coronam
1442 809 1682 850 Marcianus

195 867 406 921 suscepit:
440 866 721 907 Theodosium
755 873 896 907 tamen
931 867 1014 906 istis
1043 867 1307 921 superiorem
1336 865 1464 921 ipsius
1493 865 1681 921 patriar..

197 924 300 964 chae
331 939 461 978 opera
493 923 747 974 redimitum,
780 925 820 963 in
855 922 1071 964 Theodori
1108 923 1276 964 lectoris
1307 922 1524 964 collectan.
1555 923 1626 963 lib.
1657 922 1682 963 2

196 980 250 1021 ad
278 987 507 1022 extremam
541 980 696 1020 calcem
731 980 976 1035 reperimus.

308 1059 416 1100 Ibid.
451 1061 516 1104 19.
578 1058 756 1111 σεισμοῦ
789 1059 979 1114 φοβεροῦ
1007 1058 1250 1113 γενομένου]
1287 1074 1383 1100 eum
1412 1064 1555 1100 terrae
1586 1073 1685 1098 mo·-

197 1122 302 1168 tum,
335 1116 707 1172 clademqueurbi
728 1116 780 1156 ab
801 1130 851 1156 eo
881 1116 1036 1156 illatam
1063 1117 1195 1156 refert
1207 1116 1413 1171 Euagrius
1443 1115 1515 1156 lib.
1535 1115 1559 1156 2
1593 1130 1685 1170 cap.

200 1177 265 1224 12,
297 1180 339 1214 et
357 1174 506 1214 Leonis
538 1188 650 1214 anno
671 1173 854 1214 secundo
888 1174 1035 1224 (altero
1069 1173 1267 1213 nimirum
1301 1174 1352 1214 ab
1372 1186 1422 1213 eo
1456 1188 1542 1228 quo
1563 1175 1685 1213 Mar..

195 1230 317 1270 ciano
346 1230 448 1271 vivis
478 1237 625 1285 erepto
658 1232 743 1271 Leo
788 1230 930 1284 coepit
963 1233 1154 1286 regnare)
1201 1230 1252 1270 ab
1284 1229 1544 1270 Antiochena
1574 1230 1683 1270 civi-

196 1292 283 1328 tate
314 1302 411 1328 suae
439 1287 626 1328 libertati
652 1287 843 1328 restituta
877 1301 986 1327 anno
1007 1293 1121 1328 sexto
1144 1301 1271 1341 supra
1303 1287 1682 1342 quingentesimum

198 1343 431 1385 indictione
452 1345 517 1395 11,
544 1345 729 1399 Euagrio
763 1345 949 1399 quamvis
966 1343 1240 1399 Theophanes
1273 1344 1385 1383 circa
1408 1343 1685 1385 indictionem

196 1409 239 1442 et
266 1402 417 1442 Leonis
449 1417 604 1442 annum
636 1401 872 1441 consentiat
903 1401 1186 1456 (praecedenti
1214 1401 1374 1456 quippe
1405 1415 1515 1441 anno
1552 1401 1683 1442 Iulia..

196 1473 283 1507 no,
318 1473 404 1514 quo
442 1459 679 1499 Marcianus
718 1458 916 1509 decessit,
943 1460 1030 1498 Leo
1072 1457 1194 1499 simul
1221 1458 1408 1512 arripuit
1443 1458 1689 1512 imperium)

197 1521 381 1555 attamen
412 1530 508 1556 cum
541 1530 638 1557 aera
668 1515 930 1556 Antiochena
952 1515 1104 1556 Christi
1137 1515 1315 1556 natalem
1346 1513 1454 1555 diem
1483 1515 1599 1555 annis
1626 1510 1684 1555 48

193 1578 455 1626 praevertat,
486 1572 555 1613 hic
585 1580 725 1613 autem
756 1587 886 1613 annus
916 1573 967 1613 sit
1008 1588 1030 1612 a
1067 1572 1222 1613 Christi
1254 1572 1446 1612 natalitiis
1479 1572 1685 1628 quadrin-

192 1628 443 1683 gentesimus
474 1635 517 1670 et
554 1630 939 1685 quinquagesimus,
973 1630 1044 1685 qui
1068 1628 1119 1669 ad
1150 1629 1331 1669 invicem
1363 1629 1486 1681 uniti,
1520 1628 1685 1668 nonnisi

196 1683 280 1726 498
317 1685 524 1743 reddunt,
566 1687 717 1741 quibus
759 1686 896 1728 adhuc
934 1693 1094 1740 septem
1123 1687 1175 1726 ab
1205 1685 1380 1740 Euagrii
1410 1685 1577 1726 calculis
1608 1685 1686 1726 de-

201 1757 287 1784 esse
315 1743 657 1797 conspiciuntur:
701 1743 799 1798 quia
843 1743 1111 1784 nihilominus
1152 1743 1308 1783 Christi
1351 1743 1532 1782 natalem
1575 1741 1687 1783 diem

195 1799 311 1840 annis
347 1807 507 1854 septem
537 1814 806 1855 praeponere
841 1801 1043 1841 debuerat
1071 1799 1362 1854 Theophanes,
1393 1805 1436 1839 et
1461 1799 1688 1856 Dionysia-

194 1872 292 1897 nam
339 1871 480 1896 aeram
523 1872 607 1897 non
652 1856 951 1908 mund15500,
994 1856 1065 1897 sed
1098 1855 1208 1897 5493
1250 1855 1520 1907 consociare,
1552 1862 1688 1911 prout

195 1914 289 1954 luce
318 1912 405 1967 ipsa
437 1913 656 1954 dilucidius
688 1913 946 1955 demonstrat
961 1913 1154 1954 Petavius
1187 1914 1256 1954 lib.
1285 1916 1332 1956 11
1367 1927 1488 1968 capp.
1521 1913 1684 1968 primiS‚

196 1976 240 2011 et
268 1984 344 2010 uos
374 1984 421 2010 ex
451 1984 502 2011 eo
533 1971 854 2011 annotationum
889 1971 1065 2011 istarum
1093 1977 1281 2024 septima,
1314 1985 1420 2025 quae
1438 1969 1491 2010 ad
1521 1985 1617 2025 pag.
1643 1972 1683 2013 1.

197 2026 296 2067 inde
327 2027 376 2066 fit
421 2032 470 2066 ut
511 2041 660 2067 errore
689 2028 859 2081 dempto
902 2028 1013 2068 idem
1043 2027 1095 2066 sit
1123 2026 1375 2081 Theophani
1422 2041 1516 2067 eum
1544 2033 1686 2067 terrae

197 2090 360 2124 motum
392 2097 503 2123 anno
535 2083 819 2124 Antiochensis
851 2099 974 2126 aerae
1000 2082 1084 2124 498
1121 2084 1188 2124 vel
1216 2083 1313 2135 499,
1343 2097 1392 2124 ac
1419 2084 1534 2124 iuxta
1561 2084 1678 2125 Eua-

205 2141 348 2196 grium
380 2139 463 2181 506
492 2141 737 2195 ascripsisse.

318 2215 416 2266 171,
445 2218 485 2259 8.
559 2209 883 2267 ἆχειροτόνητος
928 2204 1004 2268 ὧν]
1049 2213 1165 2269 quod
1194 2214 1246 2254 ab
1278 2213 1484 2269 episcopis
1515 2229 1588 2254 sua
1619 2212 1690 2252 di-

201 2273 361 2327 gnitate
381 2287 404 2311 a
423 2272 622 2311 Proterio
654 2270 849 2325 depositis
870 2270 989 2311 fuisse
1010 2270 1251 2325 patriarcha
1279 2271 1515 2315 ordinatus:
1532 2271 1679 2311 Theo-

203 2332 333 2370 dorus
365 2330 500 2369 lector
539 2327 702 2368 collect.
744 2328 814 2368 lib.
852 2330 889 2378 1,
918 2329 1123 2383 Euagrius
1166 2329 1239 2369 lib.
1273 2328 1298 2368 2
1334 2342 1426 2382 cap.
1457 2327 1501 2381 8,
1528 2333 1570 2369 et
1600 2327 1683 2367 iam

202 2387 320 2442 prius
351 2384 600 2426 sacerdotali
617 2384 755 2425 officio
786 2383 1023 2425 abdicatus:
1056 2386 1262 2440 Euagrius
1293 2383 1416 2426 idem.

323 2464 415 2516 172,
451 2467 486 2509 1.
553 2463 728 2518 ’ἠνέχθη
772 2461 815 2504 τὸ
866 2464 1067 2517 λείψανον
1111 2463 1187 2518 τῆς
1229 2459 1353 2517 ἇγιάς
1388 2461 1691 2518 ἈναστασίαςῙ

205 2521 426 2563 Gennadio
457 2521 781 2577 patriarchalem
812 2520 1055 2574 dignitatem
1079 2521 1233 2575 adepto
1266 2520 1414 2561 scribit
1437 2519 1691 2560 Theodorus

206 2579 343 2619 lector
384 2579 539 2620 ultimis
582 2578 746 2619 collect.
789 2578 939 2618 verbis.
977 2589 981 2594 ·
1022 2578 1229 2619 Gennadii
1269 2592 1406 2631 porro
1447 2589 1694 2632 praecessor

207 2635 424 2676 Anatolius
454 2636 536 2676 hoc
567 2649 675 2675 anno
718 2650 813 2675 cum
845 2635 1011 2685 obierit,
1055 2637 1130 2675 sub
1160 2635 1307 2689 primis
1336 2633 1584 2675 successoris
1616 2648 1693 2673 au·-

208 2691 344 2746 spiciis
377 2693 524 2734 debuit
556 2693 789 2733 Anastasiae
820 2706 975 2745 corpus
1009 2692 1090 2732 CP.
1125 2692 1358 2732 transferri.

323 2770 430 2812 Ibid.
465 2773 503 2812 2.
573 2771 618 2812 ἐν
658 2771 715 2827 τῷ
743 2770 830 2828 ναῷ
858 2769 1004 2826 αὐτῆς]
1040 2771 1135 2811 loco
1170 2766 1446 2818 ἀναστάσεως
1477 2770 1558 2810 iam
1591 2768 1693 2810 olim

211 2826 343 2880 dicto,
375 2829 490 2883 quod
524 2829 564 2869 in
596 2843 645 2869 eo
679 2843 795 2869 sacra
829 2827 923 2870 fidei
967 2829 1162 2883 dogmata
1190 2829 1230 2868 in
1262 2828 1438 2868 Arianos
1467 2841 1692 2882 exponens,
