1728 3184
664 198 862 243 NOTAE.
1231 166 1235 172 ’
1380 199 1475 248 563

128 312 226 360 756.
254 313 314 357 6.Υ
358 315 567 366 καπνικά]
605 318 800 360 tributum
820 320 1075 374 stamar-ium,
1103 325 1225 379 quale
1251 323 1306 364 ob
1333 325 1476 380 singu.

18 371 77 411 los
108 386 299 429 quosque
325 374 511 414 caminos
539 374 730 429 exigitur.
789 378 975 430 exempla
1001 381 1182 434 suggerit
1212 382 1430 422 Meursius.

123 445 235 487 nid.
249 446 290 488 7.
346 442 598 500 κτημάτων]
642 448 783 488 variae
809 448 1006 490 lectiones
1046 450 1311 503 κτισμάτων·
1370 455 1475 495 adeo

15 507 63 542 nt
93 516 177 543 non
207 501 479 557 praediorum
505 502 646 556 modo,
674 502 744 543 sed
773 508 815 545 et
840 504 1124 548 aedificiorum
1155 510 1327 550 meliora
1355 526 1378 551 a
1406 516 1474 566 ty-

16 571 149 597 ranno
181 559 339 600 fuerint
367 566 590 614 occupata.

111 637 235 678 «Ibid.
268 636 310 678 8.
366 636 696 692 κουρατωρειάν]
737 652 820 677 non
852 638 964 678 aliud
991 654 1013 679 a
1042 641 1153 680 fisco.

125 708 237 752 Ibid.
270 709 333 750 18.
388 706 469 760 ἔξω
496 711 572 762 τῆς
608 707 794 760 Ἀβύδου
825 711 1005 760 σώματα
1033 711 1245 768 vinnand]
1275 714 1332 754 ob
1365 728 1477 769 quo-

12 763 187 806 tidianas
217 767 258 805 in
287 766 595 806 Saracenorum
639 772 771 806 terras
800 768 1061 809 excursiones
1093 770 1259 808 facilior
1291 771 1371 811 fuit
1401 771 1478 810 illis

12 821 55 860 in
87 822 278 875 partibus
306 835 525 863 servorum
557 829 745 877 captura.
818 824 846 862 ii
879 822 1054 875 σώματα
1084 822 1285 867 clarend..

123 892 221 944 757,
249 893 289 934 3.
364 893 576 948 μηδέποτε
618 895 849 948 γηπονικῶς
891 891 1114 947 ζήσαντας]
1153 897 1207 936 01)
1236 897 1333 937 belli
1365 911 1477 952 quo..

11 949 116 990 tidie
144 950 386 1004 ingruentis,
414 958 457 991 et
483 951 713 1005 praedandi
755 952 1110 992 consuetudinem.
1170 953 1269 1007 quid
1299 968 1321 992 a
1348 966 1477 1007 prae-

11 1005 123 1047 done
151 1005 311 1060 praedo
350 1006 458 1047 lucri
494 1008 711 1061 reportet?
784 1008 921 1047 aiebat
961 1023 1097 1061 nuper
1137 1010 1371 1048 nominatus
1409 1009 1478 1049 ine

11 1069 163 1118 pyrata
181 1063 316 1103 Vasco
346 1062 529 1104 nomine.
589 1063 641 1104 de
671 1064 822 1118 iniquis
843 1064 925 1102 istis
953 1063 1123 1118 legibm,
1153 1073 1196 1105 et
1224 1080 1369 1105 earum
1402 1066 1478 1104 ab-

10 1119 232 1173 rogatione
274 1119 494 1175 legendum
529 1120 589 1159 ius
622 1122 1060 1171 Graeco-romanum,
1089 1123 1286 1174 Zonaras,
1319 1121 1480 1162 Cedre-

14 1189 102 1226 nus,
132 1181 175 1216 et
204 1175 287 1218 aiii.

119 1247 223 1298 759,
250 1247 291 1289 8.
342 1247 638 1302 Ἆθιγγάνων]
676 1249 727 1288 de
755 1248 996 1302 Athinganis
1037 1249 1234 1288 nonnulla
1275 1248 1476 1289 Balsamo.

7 1318 156 1344 eorum
185 1305 388 1360 reliquiae
434 1321 482 1345 ac
509 1319 760 1346 successores
799 1304 904 1344 Italis
938 1306 1146 1358 Tzffiguri,
1181 1305 1300 1345 nobis
1330 1305 1477 1345 Boemi

7 1361 71 1400 ve!
87 1361 295 1416 Aegyptii,
330 1362 446 1417 quod
469 1377 514 1401 ex
531 1362 706 1401 Oriente
727 1361 908 1414 profecti
940 1361 979 1399 in
1010 1361 1097 1400 illas
1125 1367 1277 1414 partes,
1310 1366 1353 1401 et
1381 1362 1479 1402 inde

8 1431 151 1458 versus
180 1431 255 1457 nos
283 1419 563 1472 penetrarint.
638 1418 688 1457 de
729 1418 947 1456 hominum
975 1418 1151 1457 istorum
1180 1418 1294 1458 faece
1323 1422 1480 1456 tractat

8 1473 176 1514 abunde
204 1474 352 1514 Delrio
385 1475 456 1514 lib.
486 1474 514 1514 4
546 1474 713 1528 disquis,
745 1474 892 1528 Magio.
922 1488 1012 1527 cap.
1044 1472 1073 1512 4
1100 1480 1257 1528 quaest.
1289 1474 1328 1513 5.

118 1546 230 1587 Ibid.
255 1545 332 1590 19.
402 1543 677 1600 Ἐξακιονίῳ]
725 1545 1026 1595 Exocionium,
1072 1545 1125 1585 de
1165 1560 1249 1600 quo
1278 1559 1404 1599 supra
1434 1545 1475 1585 in

10 1601 120 1642 notis
169 1602 220 1642 ad
249 1616 348 1658 pag.
384 1602 475 1644 150.
543 1602 753 1642 haeretica
792 1602 858 1642 lue
904 1602 1127 1642 infaustum
1149 1615 1314 1655 semper
1346 1608 1387 1642 et
1414 1602 1479 1640 in-

5 1667 132 1706 fame.

58 1779 72 1792 ¹
112 1722 220 1790 JfiO,
257 1723 323 1766 13.
381 1721 435 1765 τὰ
472 1721 616 1777 αὐτά]
650 1723 884 1766 correctius
919 1724 960 1764 in
989 1724 1115 1764 variis
1144 1723 1391 1764 lectionibus
1422 1718 1474 1763 wi

11 1795 169 1821 αυτων.
1250 1798 1258 1804 2

117 1852 215 1904 761,
245 1852 289 1894 3.
346 1851 533 1893 τάλαντα
572 1852 619 1893 δὲ
664 1846 717 1906 ἦν
744 1851 826 1905 ιγ’]
873 1854 1010 1893 miror
1039 1853 1150 1893 unde
1178 1852 1409 1893 Anastasius
1437 1858 1479 1892 et

6 1910 186 1950 miseelia
223 1909 432 1950 sexdecim
452 1940 463 1959 ,
504 1910 664 1949 cunctis
716 1909 1017 1964 exemplaribus
1061 1909 1230 1950 Graecis
1274 1909 1477 1949 tredecim

6 1966 284 2020 prodentibus
299 1990 302 1992 -
313 1966 617 2019 exscripserint.

119 2037 213 2088 762,
245 2038 282 2078 2.
338 2035 515 2091 ἀκήκοα]
564 2038 616 2078 de
657 2052 699 2078 se
741 2038 933 2093 loquitur
976 2043 1156 2078 auctor:
1199 2036 1308 2077 unde
1337 2036 1476 2077 variae

6 2095 205 2136 lectiones
235 2094 396 2134 addunt
423 2090 447 2134 ὅ
479 2091 841 2148 συγγραψάμενος.

118 2168 229 2208 Ibid.
248 2166 287 2207 7.
345 2165 391 2207 ἐν
408 2166 701 2220 Mammam]
731 2167 830 2208 alibi
857 2166 1142 2220 Μαρκέλλους
1170 2171 1305 2205 vocat.

117 2231 214 2284 764,
250 2234 316 2274 15.
371 2234 423 2288 τῇ
447 2230 503 2272 κε’
533 2234 612 2272 τοῦ
637 2233 829 2288 Ἰουλίου]
861 2234 1016 2274 caeteri
1046 2233 1207 2273 codices
1239 2246 1315 2271 mss
1340 2229 1392 2285 τῇ
1412 2229 1473 2276 κς’

6 2291 83 2331 τοῦ
99 2289 289 2331 Ἰουλίου.
347 2290 609 2330 Anastasius:
639 2291 807 2346 septimo
835 2288 1027 2330 kalendas
1062 2290 1251 2343 Augusti.

115 2361 217 2416 765,
235 2361 274 2404 6.
328 2362 387 2419 τῷ
416 2363 490 2415 τῆς
517 2359 677 2410 umidas*
703 2362 837 2413 πυρί]
865 2364 956 2416 igne
993 2363 1113 2413 valli,
1144 2361 1329 2414 reposuit
1359 2354 1472 2398 Ana-

7 2419 163 2460 stasius.
219 2434 316 2459 saue
345 2420 529 2468 ξυλίνοις
561 2418 636 2458 illis
665 2414 931 2471 ὀχυρώμασι,
962 2418 1112 2473 quibus
1142 2415 1365 2470 Nicephori
1397 2429 1471 2469 ca-

5 2482 90 2516 stra
121 2476 471 2530 circumsepivisse
515 2476 722 2515 Crumnus
769 2475 1013 2530 nuperrime
1054 2473 1204 2513 relatus
1243 2477 1315 2521 est,
1344 2471 1468 2525 ipsius

8 2532 119 2572 iussu
148 2533 285 2587 ignem
318 2532 607 2586 suppositum,
647 2538 689 2571 et
718 2530 920 2572 evadendi
963 2531 1071 2570 viam
1099 2527 1365 2569 interdictam
1396 2541 1468 2565 su..

6 2589 164 2642 spicor.

118 2657 215 2712 769,
244 2658 283 2700 3.
339 2657 531 2713 ἔστέφθη
572 2657 828 2712 Προκοπία]
875 2656 1100 2711 Nicephori
1132 2655 1227 2706 filia,
1256 2668 1366 2696 anno
1395 2669 1466 2695 su-

5 2717 179 2771 periore
207 2721 453 2756 memorata.
485 2714 581 2754 vide
610 2721 754 2755 notam
784 2721 1038 2769 sequentem.

119 2787 216 2840 770,
246 2785 285 2829 4.
355 2785 601 2828 ἀπέστειλεν
642 2786 687 2826 δὲ
716 2783 789 2827 καὶ
828 2783 934 2841 πρὸς
957 2782 1031 2825 τὸν
1055 2782 1322 2839 Κάρονλλον]
1354 2784 1465 2836 lega..
