1768 3268
248 218 311 268 46
458 222 740 267 ANASTASII
783 223 1045 266 HISTORIA
1087 218 1506 263 ECCLESIASTICA

250 348 314 381 tus
345 339 489 381 adiuto
509 340 782 381 Constantino
802 342 1035 380 Romanum
1057 337 1291 393 imperium.
1349 332 1588 375 constitutis
1615 345 1718 387 ergo

249 398 388 451 pueris
426 397 506 437 suis
536 397 779 438 Caesaribus
817 403 961 451 optata
993 410 1096 450 pace
1124 395 1282 449 potitus
1323 399 1395 432 est.
1463 395 1556 430 erat.
1582 395 1720 429 autem

252 454 317 492 vir
345 468 424 507 per
455 455 594 494 omnia
625 455 758 494 clarus
786 454 828 493 in
863 455 1022 494 virtute
1050 451 1229 501 animae,
1272 450 1313 489 in
1346 447 1540 489 acumine
1568 460 1721 510 sensus,

250 510 292 549 in
324 510 564 551 eruditione
595 512 838 562 verborum,
869 511 909 550 in
944 510 1154 564 aequitate
1184 507 1363 547 iustitiae
1383 535 1395 556 ‚
1431 505 1474 544 in
1505 502 1723 544 alacritate

251 566 575 617 beneficientiae,
605 568 644 606 in
676 566 828 608 decore
856 567 1008 617 vultus,
1042 565 1082 604 in
1114 564 1321 604 bellorum
1348 561 1551 602 virilitate
1580 575 1629 600 ac
1652 561 1720 620 fe-

140 623 428 674 p.29licitate‚
459 624 502 663 in
531 624 759 665 barbaricis
789 638 988 679 magnus,
1028 624 1068 662 in
1114 619 1422 660 contribulibus
1452 616 1721 670 insuperabi-

250 680 321 730 lis;
353 679 463 721 unde
494 687 536 721 et
565 686 713 721 contra
754 695 894 722 omnes
924 680 1058 720 hostes
1090 678 1311 726 victoriam
1343 674 1605 717 orationibus
1641 674 1721 714 ob-

249 736 425 777 tinebat.

358 804 504 844 Mundi
548 818 658 850 anno
687 801 824 854 5816,
853 803 1016 843 divinae
1057 801 1356 842 incarnationis
1386 812 1496 839 anno
1528 797 1627 850 316,
1655 799 1724 839 vi-

246 861 431 900 cennalia
461 860 627 914 imperii
647 861 854 900 celebrata
875 866 970 899 sunt
987 859 1245 900 Constantini
1262 857 1446 912 Augusti,
1477 862 1519 896 et
1537 857 1645 896 saeta
1661 863 1724 897 est

245 922 385 956 sancta
403 922 444 956 et
464 918 700 957 universalis
718 918 852 971 prima
873 916 1052 971 synodus
1073 915 1155 956 318
1172 923 1357 970 patrum,
1388 928 1572 969 quorum
1605 913 1725 954 multi

247 973 547 1013 miraculorum
565 980 684 1014 erant
713 979 950 1027 patratores
968 978 1009 1014 et
1024 973 1252 1027 coangelici
1270 971 1363 1023 viri,
1379 972 1571 1024 stigmata
1591 969 1718 1010 Chri..

92 1039 186 1086 p.3O
212 1029 300 1073 4sti
334 1031 374 1070 in
416 1045 598 1084 corpore
640 1045 715 1070 suo
755 1031 950 1070 ferentes.
1015 1044 1097 1084 pro
1131 1031 1322 1069 Romano
1357 1033 1496 1068 autem
1528 1027 1652 1067 Vitus
1683 1034 1726 1068 et

249 1087 491 1127 Vincentius
523 1087 707 1127 aderant.
785 1086 888 1126 haec
914 1092 1055 1126 sancta
1083 1085 1263 1141 synodus
1294 1085 1442 1124 Arium
1473 1090 1515 1124 et
1545 1098 1723 1124 consen-

247 1148 389 1183 taneos
420 1144 504 1183 cius
525 1143 730 1198 deposuit,
762 1149 934 1196 excepto
953 1143 1134 1183 Eusebio
1162 1142 1383 1196 Pamphili,
1417 1141 1488 1197 qui
1521 1141 1573 1181 ad
1599 1155 1722 1196 prae-

89 1208 184 1257 p.31
209 1209 333 1244 4sens
361 1199 569 1240 homousii
596 1215 638 1240 se
667 1206 812 1240 tenere
840 1200 965 1240 fidem
983 1213 1087 1239 voce
1108 1199 1406 1253 profitebatur.
1464 1198 1614 1251 impius
1638 1198 1726 1238 ita-

245 1271 327 1311 que
358 1257 479 1295 Arius
516 1271 610 1296 cum
647 1256 690 1295 in
727 1255 887 1311 synodo
928 1270 1121 1310 praesens
1158 1254 1474 1306 adduceretur,
1518 1254 1722 1295 Eusebius

243 1312 559 1353 Nieomediensis
592 1319 633 1352 et
648 1313 854 1366 Theognis
885 1317 926 1352 et
940 1312 1067 1352 Maris
1097 1318 1140 1352 et
1159 1313 1368 1352 Narcissus
1400 1318 1442 1352 et
1458 1310 1721 1366 Theophan-

240 1375 305 1408 tus
334 1374 375 1409 et
402 1369 672 1423 Patrophilus
698 1369 809 1409 hunc
843 1368 1067 1409 defendere
1100 1369 1406 1417 moliebantur3
1437 1369 1509 1424 qui
1541 1382 1720 1423 compo-

241 1432 380 1466 nentes
412 1425 507 1466 fidei
548 1427 721 1466 verbum
768 1425 1057 1480 blasphemum
1095 1426 1256 1481 synodo
1290 1439 1536 1480 porrexere.
1600 1426 1718 1481 quod

241 1496 335 1522 cum
369 1481 584 1536 diruptum
615 1489 728 1533 esset,
759 1482 802 1521 hi
834 1483 907 1537 qui
938 1483 1130 1522 fecerunt
1160 1481 1262 1521 illud
1294 1482 1454 1522 reversi
1490 1482 1717 1522 damnave-

240 1545 342 1579 runt
366 1539 526 1585 Arium,
555 1540 732 1594 exceptis
763 1539 958 1580 Secundo
989 1539 1263 1579 Ptolomaidis
1293 1538 1472 1595 Aegypti
1503 1545 1545 1579 et
1575 1538 1719 1579 Theo..

240 1610 291 1634 na
320 1596 605 1635 Marmaricae.
673 1597 821 1651 quibus
857 1611 952 1636 cum
976 1597 1077 1636 Ario
1111 1596 1285 1650 repulsis
1316 1602 1358 1636 et
1389 1596 1719 1636 anathematiza..

239 1651 292 1692 tis
326 1653 358 1703 *)
388 1652 427 1691 S.
457 1652 689 1707 symbolum
714 1652 810 1694 fidei
841 1652 1076 1704 dictavere,
1108 1653 1415 1694 subscribentes
1443 1667 1588 1694 omnes
1619 1667 1716 1692 cum

239 1708 522 1762 augustissimo
541 1709 818 1764 imperatore;
844 1717 884 1750 et
905 1709 1024 1750 laude
1041 1709 1152 1751 dicta
1169 1711 1328 1750 solutus
1345 1716 1406 1750 est
1424 1715 1582 1761 coetus,
1602 1724 1715 1750 anno

241 1778 325 1819 quo
365 1765 609 1820 Byzantium
651 1767 792 1820 coepit
832 1767 1062 1807 aedificari.
1143 1766 1356 1807 celebrata
1395 1773 1457 1808 est
1495 1767 1628 1823 igitur
1669 1767 1714 1806 S.

239 1820 417 1876 synodus
460 1821 688 1863 indictione
721 1823 801 1874 12,
843 1838 982 1864 mense
1012 1824 1151 1875 Maio,
1184 1824 1250 1864 die
1282 1823 1350 1864 20.
1414 1839 1521 1879 quac
1553 1824 1720 1878 scripsit

242 1878 457 1930 epistolam
499 1879 540 1918 in
573 1879 860 1919 Alexandriam
890 1881 1062 1935 Libyam
1098 1888 1139 1922 et
1165 1881 1431 1935 Pentapolim
1452 1912 1464 1934 ,
1493 1896 1572 1936 pcr
1591 1896 1719 1936 quam

243 1933 425 1974 innotuit
450 1937 505 1987 **)
544 1935 788 1976 eiectionem
826 1937 913 1977 Arii
953 1938 1132 1978 Secundi
1163 1945 1204 1978 ct
1234 1938 1448 1978 Tlieonae.
1508 1938 1717 1993 significa-

137 1991 302 2044 p.32vit
331 1997 466 2031 autem
512 1997 552 2030 et
595 1991 644 2033 de
671 1994 869 2044 Meletio,
914 2008 1000 2049 quo
1042 2009 1230 2035 seorsum
1261 1995 1303 2034 in
1335 1995 1506 2036 civitate
1533 1995 1716 2049 propria

242 2047 392 2087 tacitus
420 2048 633 2089 resideret.
691 2064 759 2089 eos
789 2065 891 2090 vero
923 2052 996 2106 qui
1019 2053 1072 2092 ab
1104 2052 1193 2105 ipso
1225 2066 1369 2092 manus
1400 2052 1717 2107 impositionem

242 2110 507 2157 acceperant,
527 2105 651 2160 magis
671 2106 839 2161 mystica
866 2108 1100 2148 sacratione
1121 2109 1364 2149 firmandos.
1395 2109 1561 2163 scripsit
1591 2109 1717 2149 etiam

241 2159 293 2200 de
325 2159 495 2214 pascha,
538 2161 579 2201 id
618 2162 790 2202 ulterius
830 2178 923 2204 cum
965 2166 1124 2205 Iudaeis
1173 2166 1407 2206 nullatenus
1438 2165 1715 2216 efficiendum,

239 2216 310 2256 sed
340 2216 565 2257 secundum
603 2219 779 2258 formam
820 2235 927 2275 quae
972 2237 1050 2275 per
1078 2223 1238 2262 Italiam
1270 2223 1524 2274 custoditur,
1558 2223 1600 2263 in
1634 2222 1715 2262 do-

239 2273 392 2313 minica
420 2272 486 2312 die
517 2275 655 2327 potius
686 2276 994 2318 celebrandum.
1058 2279 1251 2320 similiter
1278 2286 1320 2321 et
1346 2280 1550 2334 piissimus
1582 2279 1716 2334 impe-

240 2334 360 2369 rator
386 2332 578 2385 epistolas
617 2332 782 2387 scripsit
822 2334 977 2389 ubique
1019 2335 1207 2378 iubentes
1252 2332 1397 2378 eadem
1436 2352 1545 2393 quae
1572 2343 1715 2376 saneta

240 2384 419 2441 synodus
458 2389 826 2442 promulgaverat,
855 2396 896 2431 et
923 2392 1147 2433 firmantes.
1203 2401 1425 2448 praeterea
1455 2409 1552 2434 cum
1583 2394 1716 2448 impe-

292 2540 323 2587 '')
349 2539 487 2587 anath]
513 2540 602 2574 Hist.
629 2542 729 2588 Trip.
751 2543 794 2576 12
819 2546 857 2580 6:
889 2545 1294 2584 anathematizaverunt.
1317 2551 1370 2583 sic
1397 2549 1492 2582 enim
1517 2560 1583 2582 nos
1608 2548 1713 2582 Chri-

336 2589 447 2668 {ziani
472 2594 604 2623 contra
629 2588 860 2637 blasphemos
895 2595 1078 2639 prolatum
1107 2596 1267 2632 solemus
1292 2598 1480 2645 appellare
1515 2596 1711 2632 decretum.

366 2648 441 2669 ABR.

276 2704 522 2760 **)·innotuit]
552 2706 763 2741 Anastasius
805 2709 843 2742 in
878 2711 988 2745 exilio
1024 2712 1058 2746 S.
1095 2713 1262 2748 Martini:
1287 2715 1391 2760 potui
1423 2716 1455 2748 ei
1485 2715 1643 2749 scribere
1672 2727 1713 2750 ac

336 2758 562 2788 innotescere
587 2755 708 2788 omnia
743 2767 836 2802 quae
874 2758 918 2791 de
945 2760 1020 2805 ipso
1050 2760 1337 2796 diffamabantur.
1390 2763 1596 2797 Ludovicus
1622 2766 1711 2810 Imp.

336 2801 516 2894 {idalii-aec.
533 2814 601 2884 1⁴ap.
629 2803 733 2838 Flod.
765 2807 782 2837 1
816 2803 879 2840 192
906 2809 993 2853 quia
1020 2808 1094 2843 Ebo
1134 2811 1349 2846 clementiae
1377 2817 1523 2847 nostrae
1550 2812 1712 2847 innotuit

405 2871 414 2882 .
448 2869 505 2882 ——.
562 2862 636 2884 ann.
