1768 3268
549 213 618 254 Ex
654 210 1000 254 'rm-:omma
1454 205 1516 251 53

47 330 154 371 sium
169 333 211 370 et
226 329 430 370 rationem
445 342 525 382 pro
541 342 584 368 so
598 326 804 378 reddenti,
835 325 951 382 quod
969 341 1052 366 non
1074 326 1351 366 intellexerint
1365 326 1520 379 scripta

49 402 123 427 sua
144 387 186 426 hi
214 386 287 442 qui
313 400 355 426 se
386 384 716 426 accusationibus
745 384 1017 438 impetebant.
1074 384 1233 424 interea
1257 383 1520 423 Constantius
1534 397 1571 432 p.
1587 384 1634 420 67
1660 384 1685 419 4

51 443 247 498 vigesimo
276 442 418 497 primo
450 455 560 482 anno
589 442 764 482 Romam
797 446 949 481 contra
978 440 1262 494 Magnentium
1301 438 1523 480 dimicatu-

50 513 123 540 rus
152 499 290 554 venit,
336 498 419 539 ubi*
439 498 492 538 a'b
518 497 694 538 Eusebia
734 497 914 552 propria
947 510 1077 537 uxore
1107 501 1277 550 rogatus
1319 493 1632 541 lulianump·68
1658 493 1702 528 18

54 570 103 597 ex
132 569 302 597 carcere
331 555 505 596 ductum
522 553 739 595 Caesarem
767 554 869 594 facit
897 559 940 594 et
969 552 1011 593 in
1034 552 1185 594 Gallias
1214 552 1357 603 mittit,
1388 567 1527 607 copu-

53 614 138 653 lans
166 611 206 653 ei
230 611 286 652 ad
310 611 475 668 nuptias
492 624 685 652 sororem
711 625 826 652 suam
843 610 1056 661 Helenam,
1085 623 1193 665 quae
1221 614 1264 650 et
1282 609 1525 649 Constantia

54 668 165 709 dicta
197 675 270 709 est.

161 745 311 787 Mundi
338 758 447 786 anno
467 743 594 795 5850,
627 743 792 786 divinae
819 745 1120 786 incarnationis
1146 759 1257 785 anno
1285 741 1381 794 350,
1413 743 1524 783 sacto
1539 745 1635 793 p.69
1662 745 1704 781 10

53 817 206 858 magno
236 809 376 844 terrae
406 807 526 842 motu
544 801 929 856 Constantinopolis
960 802 1102 843 diruta
1132 807 1205 842 est.
1236 800 1386 842 deinde
1406 813 1528 840 mor-
1540 817 1574 852 p.
1591 805 1635 840 70
1664 806 1708 839 12

52 866 128 901 tuo
173 859 418 900 Constantio
460 858 657 914 vigesimo
701 865 855 914 quarto
894 859 1058 914 imperii
1094 858 1157 898 sui
1202 873 1313 897 anno
1346 856 1527 897 Iulianus

55 921 333 957 monocrator
357 915 524 956 effectus
546 913 814 969 impudenter
830 915 997 956 vivebat
1025 922 1152 970 atque
1182 913 1408 969 gentiliter,
1431 928 1527 953 san..

54 972 181 1027 guine
207 972 508 1013 sacrificiorum
555 977 744 1011 sanctum
781 972 1037 1026 baptismum
1080 971 1265 1021 diluens,
1309 977 1351 1012 et
1378 975 1528 1011 cuncta

55 1029 207 1071 faciens
227 1029 379 1085 quibus
402 1028 620 1069 daemones
641 1028 802 1083 placari
830 1033 1036 1069 suescunt.

161 1107 308 1149 Mundi
326 1122 437 1148 anno
453 1105 577 1161 5856,
594 1105 759 1148 divinae
778 1106 1077 1149 incarnationis
1093 1120 1204 1147 anno
1219 1104 1316 1158 356,
1336 1105 1528 1146 Iovianus
1541 1121 1576 1157 p.
1591 1108 1638 1144 83

56 1164 319 1214 chiliarchus,
350 1165 416 1203 vir
444 1164 677 1204 mitissimus
709 1170 752 1204 et
787 1164 1048 1204 orthodoxus
1080 1163 1352 1214 Christianus,
1395 1163 1531 1217 impe-

56 1227 179 1261 rator
204 1221 491 1261 Romanorum
519 1220 572 1260 ab
604 1219 719 1259 omni
747 1222 931 1261 exercitu
959 1235 1009 1261 ae
1052 1219 1360 1274 magistratibus
1404 1225 1532 1275 atque

57 1277 294 1318 consulibus
325 1276 368 1316 in
399 1276 547 1317 eodem
578 1277 673 1316 loco
714 1282 856 1317 terrae
885 1277 1130 1327 Persarum,
1161 1276 1203 1315 in
1237 1290 1322 1331 quo
1351 1290 1532 1330 praeva-

57 1334 222 1374 ricator
250 1332 426 1384 interiit,
459 1338 750 1387 nuncupatur;
789 1334 863 1389 qui
891 1334 1110 1374 recusabat
1143 1332 1365 1387 imperium
1381 1363 1394 1384 ,
1423 1346 1533 1373 asse-

57 1403 205 1431 verans
232 1403 317 1428 non
347 1402 391 1429 se
418 1402 538 1444 posse
564 1388 802 1443 principari
819 1390 1020 1431 exercitui
1051 1389 1122 1444 qui
1147 1403 1327 1444 paganus
1354 1389 1430 1429 sub
1461 1390 1534 1429 Iu-

57 1446 167 1486 liano
196 1444 251 1486 sit
276 1444 437 1494 finctus3
477 1444 529 1484 ad
573 1458 701 1499 quem
739 1460 880 1485 omnes
928 1446 1182 1485 unanimiter
1218 1447 1451 1486 clamavere
1488 1459 1531 1485 se

58 1501 314 1543 Christianos
341 1515 438 1543 csse.
466 1500 634 1554 scripsit
653 1507 873 1555 praeterea
893 1502 1085 1542 Iovianus
1117 1502 1390 1542 sacratissimo
1405 1501 1534 1542 Atha-

58 1559 175 1599 nasio
206 1557 493 1599 immaculatae
535 1557 631 1597 fidei
657 1557 734 1598 sibi
765 1558 988 1612 significari
1017 1558 1058 1598 in
1090 1558 1255 1613 scriptis
1283 1557 1533 1606 acriheiam;

60 1613 177 1671 quod
204 1620 248 1656 et
277 1615 389 1666 fecit,
418 1613 546 1655 totius
577 1612 858 1655 orthodoxiae
886 1614 1057 1655 loviano
1081 1614 1297 1669 epistolam
1331 1614 1532 1655 scribens.

59 1670 170 1712 unde
203 1670 394 1711 Iovianus
423 1670 641 1711 robustior
670 1670 710 1710 in
746 1671 1000 1711 orthodoxia
1029 1671 1197 1712 effectus
1218 1670 1280 1710 his
1307 1672 1381 1726 qui
1407 1685 1533 1726 prae-

58 1727 254 1768 dicabant
295 1726 562 1769 homousium
591 1726 721 1768 multa
750 1727 952 1780 donavit,
987 1734 1030 1769 et
1055 1728 1143 1769 sine
1169 1728 1333 1769 tributo
1363 1741 1534 1769 manere

61 1783 296 1825 constituit.

172 1853 271 1903 Quo
303 1852 502 1893 defuncto
543 1852 791 1892 acclamatus
833 1857 893 1892 est
920 1851 1235 1894 Valentinianus
1274 1854 1478 1908 Augustus
1508 1855 1638 1905 apsi
1667 1858 1712 1892 1⁵

59 1908 282 1957 militibus-3
321 1908 394 1964 qui
425 1908 629 1949 continuo
660 1908 908 1963 perveniens
938 1908 992 1948 ad
1021 1911 1180 1964 regiam
1208 1909 1355 1950 urbem
1372 1908 1533 1950 Valen-

59 1971 145 2006 tem
177 1966 353 2006 fratrem
377 1978 497 2005 suum
520 1965 922 2005 communicatorem
947 1965 1008 2004 sui
1028 1966 1126 2006 fecit
1148 1966 1329 2020 imperii,
1357 1965 1531 2019 largitus

60 2021 98 2061 ei
129 2027 270 2075 partes
301 2020 562 2070 Orientaloe,
603 2021 682 2062 sibi
731 2021 904 2061 retentis
950 2022 1301 2063 Occidentalibus.
1370 2022 1531 2062 interea
1544 2024 1638 2072 p.85
1662 2024 1686 2059 6

59 2077 373 2118 Valentinianus
404 2079 608 2132 Augustus
656 2077 906 2118 Gratianum
954 2078 1085 2118 fllium
1137 2094 1256 2119 suum
1302 2081 1533 2133 Augustum

60 2133 313 2188 appellavit,
367 2133 771 2175 communicatorem
814 2133 981 2188 imperii
1026 2135 1186 2189 patris,
1227 2141 1270 2176 et
1320 2135 1535 2175 consulem

62 2198 159 2231 ante
184 2189 532 2244 pronuntiatum,
568 2196 612 2230 et
646 2191 866 2231 Valentem
916 2191 1092 2232 fratrem
1135 2207 1257 2232 suum
1299 2191 1536 2245 imperato-

62 2260 165 2286 rem.
210 2245 438 2286 orthodoxi
477 2253 614 2286 autem
656 2251 922 2287 accesserunt:⁴
967 2247 1021 2287 ad
1062 2247 1405 2290 Valentinianum
1454 2261 1534 2302 per

60 2302 289 2358 Hypatium
329 2302 570 2356 episcopum
610 2303 850 2354 Heracliae,
879 2303 1152 2357 deprecantes
1191 2319 1278 2360 quo
1306 2303 1397 2345 fieri
1426 2317 1535 2342 con-

60 2366 235 2400 ventum
288 2358 555 2413 praeciperet
600 2373 728 2412 super
778 2361 1046 2401 correctione
1091 2360 1295 2416 dogmatis
1350 2360 1534 2399 homou-

60 2415 121 2455 sii.
185 2413 239 2454 ad
284 2429 392 2470 quos
426 2414 739 2455 Valentinianus
770 2415 943 2456 “mihi’'
986 2416 1123 2472 inquit
1159 2421 1293 2458 “cum
1341 2415 1533 2457 subiecto

60 2471 223 2525 populo
249 2471 302 2511 de
325 2470 564 2511 huiusmodi
595 2472 773 2525 negotiis
801 2471 966 2512 curiose
1004 2487 1128 2528 agere
1148 2474 1206 2514 fas
1236 2488 1321 2514 non
1352 2478 1428 2512 est.
1486 2478 1536 2512 ut

61 2541 164 2583 ergo
198 2526 364 2568 videtur
391 2526 510 2566 vobis
534 2527 834 2581 sacerdotibus,
861 2529 1030 2569 facite.'’
1061 2537 1164 2570 tunc
1182 2530 1391 2571 venientes
1421 2528 1536 2583 apud

60 2583 334 2637 Lampsacum
351 2613 364 2635 ,
409 2589 451 2624 et
478 2581 643 2623 duobus
669 2583 755 2624 illic
783 2585 991 2625 mensibus
1019 2586 1283 2636 commorati,
1314 2584 1535 2625 novissime

61 2639 185 2679 irrita
214 2641 352 2680 fecere
382 2653 490 2694 quae
516 2639 569 2679 ab
590 2640 786 2681 Eudoxio
813 2646 855 2681 et
871 2641 1025 2681 Acacio
1046 2640 1411 2694 Constantinopoli
1438 2647 1536 2682 sunt:

61 2702 259 2750 patrata,
290 2695 593 2749 tenendamque
631 2696 756 2738 fidem
784 2698 896 2751 apud
935 2697 1163 2738 Seleuciam
1194 2698 1424 2750 expositam
1456 2697 1535 2738 de-

64 2758 301 2792 creverunt.
369 2751 439 2792 sed
465 2752 611 2805 impius
642 2753 806 2804 Valens,
838 2768 947 2808 quae
976 2754 1088 2808 apud
1119 2755 1390 2808 Lampsacum
1419 2761 1533 2808 gesta

64 2813 171 2860 sunt,
201 2808 418 2860 destruxit,
447 2814 489 2849 et
511 2808 761 2864 episcopos,
790 2809 863 2865 qui
898 2810 1053 2850 ibidem
1077 2818 1374 2861 convenerant,
1407 2812 1530 2852 exilio
