1768 3268
270 221 365 272 204
469 230 748 272 ANASTASn
790 228 1050 270 lusToluA
1090 224 1499 268 Ecetsssms'rim

266 345 436 399 sumptis
475 343 673 399 indigenis
702 342 804 384 adiit
833 343 1051 397 Apsiliam,
1085 348 1126 382 et
1162 355 1254 380 cum
1285 339 1535 379 transivisset
1560 338 1723 379 Cauca..

134 409 350 456 p.6015eos
381 407 540 441 montes
570 400 683 441 venit
713 401 753 440 in
789 400 984 440 Alaniam.
1017 397 1258 438 lastinianus
1290 402 1429 436 autem
1458 396 1599 436 volens
1629 410 1723 436 eum

261 456 453 511 perdere,
487 456 619 507 misit,
649 461 691 497 et
731 456 827 497 tulit
862 455 1055 510 pecunias
1098 467 1144 493 ex
1173 451 1360 505 Phaside.
1438 451 1554 492 Alani
1586 457 1725 492 autem

261 511 518 566 spatharium
537 527 631 552 cum
659 512 774 552 omni
802 511 965 552 honore
989 509 1265 563 suscipientes,
1294 513 1420 562 atque
1442 508 1572 549 verba
1600 507 1723 562 ipsius

262 568 496 619 audientes,
538 568 796 609 introierunt
839 573 880 607 et
908 566 1098 621 praedati
1130 570 1228 605 sunt
1258 563 1487 618 Abasgiam.
1547 569 1590 604 at
1621 578 1723 604 vero

262 626 452 665 dominus
471 625 732 679 Abasgorum
764 625 926 663 intimat
958 621 1091 662 Alanis
1124 620 1263 660 dicens
1292 623 1370 660 “ut
1389 620 1572 671 invenio,
1601 619 1726 660 alium

260 681 388 721 talem
417 680 739 721 mentionarium
782 679 1025 719 lustinianus
1064 691 1148 716 non
1182 675 1351 727 habuit,
1391 690 1516 731 quem
1559 676 1727 717 mittere

262 736 465 777 debuisset
496 743 538 778 et
568 741 851 776 commoveret
878 749 949 775 vos
980 740 1128 773 contra
1158 747 1231 772 nos
1265 732 1421 773 vicinos
1451 737 1621 782 vestros,
1651 733 1727 772 nisi

262 792 471 834 hominem
503 793 654 832 istum:
695 792 839 832 fefellit
875 790 983 831 enim
1026 804 1098 829 vos
1130 794 1171 829 et
1216 789 1327 828 circa
1358 788 1728 843 repromissionem

265 864 435 904 quoque
464 848 759 903 pecuniarum:
806 848 967 887 mittens
1007 846 1116 886 enim
1151 844 1402 886 lastinianus
1448 844 1516 884 has
1546 844 1728 885 abstulit.

263 905 334 946 sed
366 906 460 945 date
489 904 606 944 nobis
634 919 754 954 cum,
798 910 840 943 et
879 902 1124 958 praebemus
1162 901 1279 941 vobis
1325 901 1618 942 numismatum
1646 901 1728 941 tria

263 961 375 1000 milia
394 992 405 1011 ,
435 967 476 1001 et
517 960 652 1014 prisca
685 960 832 1000 caritas
863 955 1005 999 nostra
1039 972 1122 998 non
1149 957 1372 1001 solvetur.”
1431 971 1579 998 verum
1610 958 1729 997 Alani

265 1017 457 1058 dixerunt
487 1019 587 1056 “nos
610 1031 693 1056 non
721 1021 900 1069 propter
923 1014 1143 1069 pecuniam
1163 1014 1422 1055 obedivimus
1444 1014 1495 1065 ei,
1526 1014 1597 1054 sed
1626 1027 1729 1067 pro-

262 1079 359 1128 pter
402 1073 663 1127 imperatoris
712 1071 1013 1113 dilectionem.'⁷
1083 1070 1322 1125 iterumque
1357 1069 1507 1124 Abasgi
1554 1070 1727 1110 mittunt

263 1130 316 1170 ad
345 1144 437 1178 eos,
467 1128 646 1169 dicentes
684 1127 807 1168 “date
849 1127 967 1169 nobis
1006 1142 1117 1178 eum,
1150 1133 1193 1167 et
1223 1127 1456 1168 tribuemus
1484 1126 1729 1166 numismata

261 1199 327 1226 sex
356 1186 509 1225 milia.''
564 1199 697 1239 porro
726 1184 843 1224 Alani
886 1184 1069 1225 volentes
1100 1182 1260 1224 discere
1298 1182 1515 1237 regionem
1541 1183 1729 1237 Abasgo-

263 1256 382 1292 rum,
423 1241 756 1295 repromiserunt
796 1255 838 1281 se
884 1240 1076 1294 accipere
1103 1240 1171 1279 illa
1203 1239 1495 1280 numismatum
1523 1253 1589 1280 sex
1617 1239 1730 1278 milia

262 1303 304 1338 et
332 1297 432 1338 dare
460 1296 731 1351 spatharium.
787 1297 906 1337 Alani
933 1311 1035 1337 vero
1061 1297 1352 1337 confessisunt
1378 1295 1594 1350 spathario
1624 1309 1741 1335 cun-

264 1358 345 1404 cta,
375 1359 418 1394 et
445 1353 589 1394 dicunt
619 1354 656 1393 ei
685 1353 1066 1408 “quemadmodum
1096 1351 1224 1404 vides,
1270 1352 1336 1392 via
1366 1367 1473 1407 quae
1502 1351 1543 1391 in
1574 1353 1731 1392 Roma-

264 1410 375 1449 niam
405 1409 521 1450 ducit
550 1410 684 1450 clausa
717 1416 789 1461 est,
820 1416 862 1451 et
888 1409 1104 1465 quomodo
1135 1416 1319 1449 transeas
1347 1422 1432 1448 non
1467 1407 1604 1448 habes.
1661 1407 1733 1448 sed

137 1466 403 1527 p‚602potius
433 1466 578 1507 callide
607 1480 796 1521 agamus,
824 1471 865 1506 et
903 1466 1179 1521 polliceamur
1208 1465 1262 1506 eis
1294 1464 1409 1520 quod
1435 1464 1646 1505 tradamus
1678 1470 1733 1513 te,

269 1529 310 1562 et
339 1522 536 1563 mittimus
565 1522 751 1563 homines
781 1527 946 1563 nostros
995 1537 1090 1562 cum
1120 1521 1201 1572 eis,
1233 1527 1274 1562 et
1305 1522 1497 1561 discimus
1527 1521 1735 1561 clausuras

270 1594 430 1632 eorum,
463 1586 505 1619 et
535 1579 752 1629 irruemus,
783 1578 1220 1620 et¹exterminabimus
1261 1577 1477 1632 regionem
1507 1577 1733 1631 ipsorum.⁷’

269 1634 528 1688 apocrisiarii
559 1650 658 1676 vero
690 1635 918 1675 Alanorum
951 1636 1148 1676 abeuntes
1178 1635 1218 1674 in
1251 1634 1480 1688 Abasgiam,
1514 1639 1556 1674 et
1579 1647 1736 1688 repro-

269 1690 476 1732 mittentes
504 1691 759 1746 spatharium
788 1692 984 1746 prodere,
1017 1691 1199 1746 plurima
1225 1691 1343 1731 xenia
1371 1695 1655 1744 perceperunt
1683 1690 1734 1729 ab

271 1747 339 1787 eis.
398 1754 440 1788 et
470 1749 608 1802 plures
630 1748 770 1789 missos
797 1747 935 1789 denuo
966 1748 1153 1798 mittunt,
1181 1746 1302 1788 simul
1330 1747 1455 1787 etiam
1476 1761 1571 1786 cum
1604 1761 1736 1801 quan-

273 1804 392 1844 titate
424 1805 515 1844 auri
545 1804 598 1844 ad
627 1804 914 1858 recipiendum
943 1803 1213 1859 spatharium.
1285 1802 1402 1843 Alani
1432 1818 1535 1844 vero
1566 1802 1736 1857 spatha..

273 1859 338 1900 rio
368 1859 484 1899 aiunt
513 1859 725 1901 “homines
758 1860 846 1914 isti,
888 1867 929 1902 et
969 1859 1322 1917 quemadmodum
1360 1858 1650 1914 praediximus,
1684 1858 1736 1899 ad

273 1921 314 1956 te
346 1915 627 1970 recipiendum
669 1923 899 1968 venerunt,
938 1924 980 1958 et
1032 1917 1210 1971 Abasgia
1249 1921 1292 1957 te
1333 1917 1633 1970 praestolatur.
1694 1921 1737 1955 et

272 1972 469 2026 quoniam
500 1973 677 2027 proximi
709 1988 848 2014 sumus
880 1974 947 2028 eis,
978 1973 1259 2028 negotiatores
1285 1978 1427 2013 euntes
1450 1973 1502 2013 ad
1532 1971 1621 2012 illos
1650 1985 1735 2010 non

272 2027 483 2068 deficiunt.
544 2044 642 2084 ergo
675 2045 725 2070 ne
745 2029 898 2084 prodas
926 2031 981 2070 eis
1014 2030 1232 2071 consilium
1263 2035 1468 2069 nostrum.
1525 2028 1736 2068 trademus

273 2091 315 2124 te
340 2084 569 2134 manifeste,
604 2092 645 2126 et
674 2101 768 2126 cum
785 2101 858 2127 nos
885 2086 990 2126 moti
1009 2086 1309 2136 recesserimus,
1332 2085 1542 2125 mittemus
1573 2083 1737 2124 occulte

273 2147 369 2193 post
397 2146 573 2196 tergum,
603 2149 643 2183 et
674 2142 761 2183 illos
793 2142 960 2197 quidem
986 2143 1235 2194 occidemus,
1264 2147 1305 2182 te
1331 2148 1470 2182 autem
1503 2139 1737 2182 occultabi-

273 2210 362 2236 mus
391 2196 524 2237 donec
557 2205 828 2239 coacervetur
854 2199 1033 2254 populus
1052 2205 1194 2239 noster
1224 2205 1266 2239 ct
1295 2196 1568 2239 concorditer
1598 2197 1738 2250 ingre-

274 2250 438 2292 diamur
473 2260 629 2294 terram
669 2255 898 2309 ipsorum.⁹'
967 2257 1082 2311 quod
1127 2261 1169 2296 ct
1212 2256 1369 2296 factum
1398 2261 1470 2295 est.
1538 2266 1737 2306 compre-

274 2307 400 2348 henso
443 2308 620 2365 denique
667 2311 773 2352 missi
819 2312 1078 2365 Abasgomm
1123 2311 1337 2366 spathario
1371 2325 1468 2351 cum
1498 2309 1738 2350 hominibus

145 2374 262 2422 p.603
275 2364 358 2405 eius
388 2365 608 2407 vincientes
641 2382 733 2407 eum
763 2368 946 2408 abibant.
1007 2368 1104 2408 dein
1134 2368 1463 2409 retrovenientes
1492 2366 1611 2407 Alani
1643 2379 1739 2404 cum

273 2420 432 2461 Hictaxi
464 2422 634 2463 domino
664 2438 737 2463 suo
771 2424 970 2465 occidunt
1001 2425 1196 2480 Abasgos,
1225 2422 1483 2479 spatharium
1519 2422 1739 2463 occultan-

273 2483 360 2524 tes;
387 2485 428 2518 et
458 2478 595 2519 clectis
625 2480 820 2520 militibus
854 2488 991 2521 motus
1026 2487 1086 2521 est
1124 2481 1165 2521 in
1196 2480 1426 2536 Abasgiam‚
1457 2484 1500 2520 et
1531 2479 1740 2532 insperate

274 2532 479 2573 clausuras
521 2549 668 2575 eorum
707 2536 908 2590 ingressus
951 2538 1125 2577 multam
1163 2537 1205 2577 in
1237 2537 1416 2592 Abasgos
1462 2535 1663 2589 praedam
1696 2532 1740 2573 ct

275 2590 561 2629 exterminium
607 2598 802 2646 operatus
843 2601 919 2634 est.
994 2594 1142 2648 quibus
1188 2593 1337 2634 auditis
1383 2591 1654 2640 Iustinianus,
1697 2595 1739 2629 et

274 2653 490 2696 comperto
522 2648 635 2701 quod
665 2650 788 2688 etiam
818 2650 904 2690 siue
937 2651 1123 2703 pecuniis
1145 2655 1369 2704 praccepta
1399 2663 1469 2688 sua
1500 2653 1594 2687 sunt
1627 2651 1736 2695 acta,

273 2700 399 2762 mittit
432 2702 587 2742 litteras
618 2704 667 2744 ad
698 2705 890 2759 Abasgos,
921 2701 1017 2760 quia
1048 2707 1079 2747 si
1109 2708 1278 2756 salvum,
1310 2704 1526 2760 inquiens,
1572 2701 1738 2756 spatha..

275 2770 382 2818 rium
402 2765 601 2819 anstrum
633 2760 915 2801 custodieritis
939 2768 980 2801 et
1007 2777 1084 2815 per
1114 2777 1184 2802 vos
1216 2763 1397 2802 illaesum
1428 2761 1606 2801 transire
1636 2771 1737 2810 per·

275 2813 495 2864 nnscritis,
537 2828 674 2857 omnes
717 2830 895 2858 excessus
927 2825 1084 2859 vestros
1130 2819 1247 2860 vobis
1281 2817 1542 2873 ignoscimus.
1603 2820 1644 2853 at
1675 2812 1733 2853 illi
