1794 3250
725 195 925 236 NOTAE.
1461 194 1558 241 309

96 321 191 349 mae
212 304 468 364 pmetoria'm'
500 307 766 348 Maxeneiaema
795 308 984 349 Herculii
1006 311 1149 364 filium
1163 341 1176 361 ,
1211 313 1429 366 Augustum
1457 326 1562 352 nun·
1616 355 1619 358 Α

92 372 368 419 &apeme-unt.-
427 378 479 403 uo
505 365 650 404 nuncio
679 365 976 405 Maximianus
1002 366 1223 406 Herculius
1251 369 1310 407 ad
1336 383 1448 424 spem
1473 382 1561 408 em-

90 429 178 460 erus
204 433 385 471 reeumen
419 422 438 459 ι’
450 420 653 473 ‚fa-'ligat
669 421 839 461 Romam
877 422 1100 461 advolavit
1108 441 1121 460 .·
1154 432 1192 462 ec
1203 424 1346 477 filium
1378 425 1563 464 Maxen-

91 478 189 517 tium
217 475 430 516 denudare
458 485 622 516 conatus
638 491 651 512 :
679 476 778 517 inde
801 478 866 517 ad
880 478 1052 518 Gallias
1073 480 1294 531 profic-tm,
1326 481 1422 520 dolo
1451 495 1562 520 com-

86 533 235 588 posito,
267 533 438 572 moliens
465 541 607 572 tamen
634 532 910 574 Constantium
952 543 1109 588 reperta
1136 537 1339 575 occasione
1365 536 1566 592 interfice..

93 603 155 639 re,
186 588 260 645 qui
287 589 333 629 in
366 588 521 628 Galliis
549 597 591 635 etv
610 590 786 629 militum
814 598 854 629 et
876 591 1193 644 provincialium
1218 593 1475 643 iamfizvore
1499 608 1566 632 re-

89 645 253 698 gnabat.
282 644 453 686 detectis
478 646 604 698 igaur
615 646 774 686 insidiis
797 660 878 701 pet·
899 647 1101 686 Faustam
1120 646 1279 700 filiam,
1302 663 1462 703 poenas
1488 650 1566 688 de-

90 701 155 742 dic
185 702 401 742 iustissimo
431 703 546 742 exitu
584 703 653 742 vir
685 702 745 742 ad
778 715 935 743 omnem
980 704 1243 760 asperitatem
1279 706 1569 760 saevitiamque

93 758 319 813 pmclivus.

209 829 275 880 15,
303 829 347 870 8.
408 827 619 883 Εὕσέβιος
648 829 695 871 δὲ
729 825 751 870 ὅ
782 827 1055 888 Καισαρεύς]
1097 830 1159 873 his
1189 833 1289 874 eccl.
1318 833 1390 874 lib.
1421 831 1451 875 8
1478 846 1568 888 cap.

93 886 172 927 ult.
202 901 330 940 penes
359 888 530 928 exitum.

202 959 316 1002 Ibid.
354 959 422 1000 12.
481 956 690 1007 Γελάσιος
718 958 766 1000 δὲ
796 954 817 999 ὃ
842 959 1113 1013 Καισαρείας
1141 960 1218 1015 τῆς
1245 959 1397 1017 αὕτῆς]
1426 961 1572 1003 Palae-

91 1015 224 1056 stinae
270 1015 470 1056 nimirum
503 1015 554 1056 de
596 1017 711 1056 cuius
753 1017 918 1071 scr1ptis
947 1017 1123 1058 Photius
1157 1017 1325 1060 cod.88
1358 1025 1399 1059 et
1424 1018 1571 1060 Posse-

92 1075 213 1112 vinus
247 1072 289 1112 in
321 1079 543 1128 apparatu.
572 1087 611 1112 v.
640 1073 835 1113 Gelasius.

209 1142 274 1195 16,
309 1144 346 1185 1.
413 1142 851 1200 Χριστιανικώτατος]
897 1160 982 1186 non
1024 1146 1118 1186 solis
1162 1146 1400 1187 Christiano
1440 1147 1572 1203 dignis

93 1201 296 1252 moribus,
325 1202 398 1256 qui
426 1202 467 1241 in
489 1201 673 1242 Ethnico
705 1202 853 1256 quovis
875 1203 1008 1243 altero
1025 1210 1206 1257 possunt
1235 1204 1472 1244 observari:
1500 1205 1573 1244 sed

94 1271 172 1298 nec
199 1258 456 1312 baptismatis
485 1258 617 1312 signo,
650 1273 734 1314 quo
767 1260 955 1299 nondum
985 1267 1076 1299 erat
1105 1260 1282 1300 tinctus:
1310 1259 1400 1300 solo
1429 1260 1573 1315 itaque

94 1313 265 1354 interno
294 1313 391 1354 fidei
434 1314 650 1370 symbolo,
680 1322 925 1370 secretaque
961 1315 1013 1354 ad
1042 1315 1166 1356 fldem
1201 1316 1337 1370 palam
1366 1317 1575 1370 profiteu·

98 1371 195 1411 dam
224 1370 513 1426 propensione
533 1366 748 1417 θειότατος
776 1368 850 1410 καί
880 1369 1299 1424 Χριστιανικαὶτατος
1328 1373 1572 1413 Constanti-

92 1441 182 1468 nus.
240 1441 338 1468 sane
366 1432 533 1482 patrem
560 1427 646 1468 eius
678 1428 966 1467 Constantium
997 1425 1376 1482 Χριστιανόφρονα
1406 1429 1458 1468 ab
1490 1443 1569 1468 au-

91 1490 214 1525 ctore
243 1490 341 1524 ante
368 1484 469 1524 duas
498 1483 623 1524 lineas
653 1498 736 1523 non
768 1484 978 1524 immerito
1010 1490 1205 1524 vocatum
1233 1484 1457 1524 confirmat
1482 1485 1570 1525 Eu-

90 1541 226 1581 sebius
262 1540 314 1581 de
346 1540 608 1581 Constantini
635 1540 721 1580 vita
752 1539 822 1580 lib.
860 1541 877 1580 1
913 1554 1002 1594 cap.
1036 1541 1101 1591 11,
1141 1555 1267 1596 quem
1289 1539 1341 1580 16
1369 1540 1566 1595 θεοφιλῆ,

87 1595 418 1651 τρισμακάριον,
449 1596 630 1648 εὐσεβῆ,
659 1596 733 1636 καί
760 1594 963 1650 φιλόθεον
991 1596 1194 1638 celebrat.
1253 1612 1278 1638 a
1307 1595 1418 1638 fideli
1448 1603 1570 1651 patre

91 1653 386 1693 Constantinus
417 1652 470 1692 ad
515 1652 731 1693 idolorum
779 1654 939 1692 cultum
973 1653 1175 1694 divertit?
1231 1654 1358 1693 matri
1387 1654 1569 1694 Helenae

93 1723 179 1749 non
210 1710 316 1750 adeo
346 1709 494 1759 fidem,
526 1724 650 1764 quam
677 1709 879 1764 pietatem
909 1709 1123 1764 antiquam
1154 1709 1275 1750 fuisse
1306 1711 1447 1750 asserit
1477 1710 1567 1750 Eu..

88 1765 223 1807 sebius
255 1767 309 1807 de
336 1767 422 1806 vita
455 1766 595 1808 Const.
628 1766 701 1805 nb.
727 1763 754 1806 3
781 1780 871 1819 cap.
888 1764 956 1806 46.
991 1773 1034 1806 at
1060 1772 1224 1806 sanctus
1250 1766 1464 1817 Paulinus,
1495 1767 1569 1821 qui

90 1821 238 1864 eodem
265 1824 431 1864 saeculo
475 1822 650 1863 celebris
692 1822 732 1861 in
774 1829 918 1862 senatu
962 1823 1070 1862 fama
1109 1823 1310 1870 cim-ebat,
1343 1830 1432 1862 tum
1458 1837 1567 1876 pro-

89 1879 204 1932 priis,
237 1886 330 1920 tum
357 1886 571 1920 maternae
592 1878 688 1919 fidei
711 1879 870 1920 meritis
892 1894 987 1919 eum
1010 1879 1312 1932 imperatorem
1341 1880 1566 1919 salutatum

89 1941 240 1975 auctor
270 1942 343 1976 est.
385 1936 508 1990 epist.
539 1934 592 1975 ad
631 1935 835 1976 Severum
883 1935 931 1975 ll
961 1935 1023 1976 his
1053 1936 1204 1976 verbis.
1263 1937 1457 1991 princeps
1484 1950 1570 1975 esse

81 1993 341 2046 principibus
372 1993 614 2032 Christianis
652 2006 733 2032 non
780 1994 906 2046 magis
943 2007 1017 2031 sua
1045 2007 1167 2055 quam
1200 1994 1345 2032 matris
1378 1992 1566 2031 Helenae

75 2049 168 2105 fide
194 2050 347 2088 met-itit.
404 2047 533 2089 fidelis
561 2048 691 2103 igitur
722 2055 859 2089 mater
898 2047 1023 2088 fidem
1051 2048 1218 2102 imperii
1248 2046 1447 2099 πρόξενον
1478 2047 1565 2087 filio

88 2104 231 2159 coepit
259 2103 475 2155 instillare,
501 2105 584 2145 imo
621 2120 642 2144 a
673 2119 809 2160 puero
840 2104 894 2145 ad
918 2104 1118 2159 pietatem
1140 2105 1361 2145 instituisse
1388 2108 1567 2144 testatur

86 2161 292 2202 Baronius
324 2161 377 2201 ad
418 2176 572 2201 annum
599 2159 682 2202 315
714 2176 830 2201 num.
868 2161 933 2212 12,
971 2161 1157 2217 quamvis
1188 2175 1265 2202 nec
1294 2162 1335 2201 iu
1365 2174 1411 2200 ea
1441 2160 1565 2214 piene

90 2219 331 2269 instructus,
358 2232 434 2258 nec
463 2218 505 2257 in
548 2232 594 2257 ea
625 2218 778 2258 tuenda
818 2218 961 2257 firmus
994 2218 1191 2267 extiterit,
1222 2224 1319 2256 ante
1347 2216 1566 2257 consilium

89 2274 141 2315 de
173 2275 319 2315 eadem
355 2274 496 2314 verbis
541 2281 584 2314 et
613 2275 728 2314 sactis
768 2275 1068 2314 manifestanda
1107 2273 1299 2327 deinceps
1331 2279 1565 2326 acceptum,

87 2331 205 2385 quod
231 2330 430 2371 Eusebius
449 2337 596 2370 narrat
623 2330 694 2370 lib.
716 2330 736 2370 1
769 2345 858 2385 cap.
875 2331 942 2383 21,
973 2345 1082 2386 quae
1111 2345 1233 2371 causa
1265 2329 1345 2369 fuit
1374 2335 1421 2368 ut
1449 2341 1563 2382 pon-

86 2387 208 2428 tificis
239 2387 406 2426 Maximi
436 2386 605 2426 titulum
635 2386 870 2440 imperator
900 2387 1168 2427 renunciatus
1193 2385 1423 2434 admiserit,
1455 2383 1568 2439 quod

83 2459 111 2484 a
138 2453 249 2484 meta
276 2445 405 2484 sacris
433 2444 476 2482 in
504 2443 618 2482 rebus
643 2444 729 2483 via'
746 2442 994 2499 deflexisset,
1024 2453 1063 2483 et
1071 2443 1212 2498 fidem
1242 2441 1562 2481 Christianorum

83 2501 296 2556 amplexus
325 2508 445 2539 esset:
476 2499 641 2553 scripsit
670 2499 798 2554 impie
826 2499 1017 2540 Zozimus
1050 2500 1120 2539 lib.
1149 2499 1190 2538 4.

196 2572 314 2612 Ibidv
338 2572 401 2614 12.
461 2569 541 2611 δύο
572 2572 712 2611 κακῶν
739 2569 949 2624 μεγίστων
964 2568 1178 2622 α’νατολὴν
1206 2566 1280 2609 καί
1308 2565 1432 2608 δυ’σιν
1461 2569 1564 2620 κλη-

82 2627 357 2681 ρωσαμένων]
390 2627 629 2681 exprimunt
645 2628 720 2668 ista
738 2629 965 2668 Eusebium
988 2628 1098 2669 iib.8
1130 2627 1220 2666 hist.
1252 2625 1351 2666 eccl.
1383 2639 1474 2678 cap.
1495 2623 1563 2664 27.

81 2681 271 2738 τοσαύτη
300 2684 409 2737 δῆτα
437 2682 588 2731 κακίας
607 2681 721 2738 φορὰ
754 2681 830 2738 ὑφ’
859 2682 934 2724 ἕνα
965 2680 1127 2724 καὶτὸν
1158 2678 1288 2721 av'uiv
1319 2681 1563 2734 συνηνέχθη

83 2737 242 2793 καιρόν,
273 2739 377 2792 πρὸς
412 2740 497 2780 τῶν
528 2738 607 2779 δύο
645 2739 865 2792 τυράννων
901 2736 1111 2790 α’νατολὴν
1142 2737 1215 2777 καί
1246 2733 1370 2777 δύσιν
1402 2736 1563 2789 διειλη-

83 2793 230 2851 φότων
263 2797 629 2850 κατεργασθεῖσα·
699 2794 761 2844 τίς
789 2795 831 2837 δ’
859 2790 913 2837 ἄν
939 2794 1013 2850 τήν
1042 2794 1127 2835 τῶν
1156 2791 1367 2835 τοσούτων
1395 2792 1561 2844 διερευ-
