1768 3268
260 202 350 247 132
455 203 734 246 ANASTASH
778 201 1037 244 HISTORIA
1079 196 1492 255 ECCLESIASTICA

255 320 430 369 nacium,
464 318 578 373 quod
607 324 667 358 est
697 318 823 358 insula
854 332 998 372 magna
1041 317 1145 357 lstri.
1203 314 1349 369 quibus
1380 311 1529 352 auditis
1559 309 1711 364 chaga-

255 391 349 424 nus,
379 375 559 415 collectis
601 374 887 429 poteutatibus
930 374 1035 423 suis,
1070 373 1120 412 ad
1158 373 1342 411 Romana
1374 382 1473 408 rura
1506 367 1712 423 procedit,

254 437 455 487 quattuor
494 437 633 471 autem
670 431 773 470 filios
804 445 921 480 suos,
963 427 1123 470 traditis
1162 427 1248 467 aliis
1280 425 1518 475 virtutibus,
1550 423 1602 464 ad
1635 437 1715 463 cu-

252 487 468 528 stodienda
509 487 602 528 lstri
648 488 750 526 vada
790 487 1020 527 constituit.
1092 491 1134 524 at
1183 496 1283 524 vero
1327 481 1504 522 Romani
1551 479 1713 520 ratibus

254 544 371 584 factis
403 544 577 584 fluvium
604 548 922 594 transmearunt,
961 547 1001 582 et
1029 541 1182 582 bellum
1214 545 1414 593 praetore
1443 537 1587 577 Prisco
1619 550 1716 577 cum

255 600 428 655 chagani
470 600 562 640 filiis
604 600 812 639 inierunt:
848 598 1129 639 Comentiolus
1169 596 1276 636 enim
1308 595 1540 634 infirmatus
1572 594 1612 633 in
1640 592 1716 632 Bi·-

255 656 431 696 minacio
477 656 607 696 insula
645 656 827 696 sedebat.
893 669 1070 708 cumque
1115 667 1194 707 per
1222 651 1370 691 multas
1398 650 1522 691 horas
1555 649 1715 690 bellum

123 733 157 768 p.
172 718 240 755 435
258 712 450 753 tenuisset
480 718 522 752 et
549 712 610 752 sol
642 711 835 753 trecentis
873 713 1158 752 Romanorum
1198 706 1458 761 interemptis
1490 706 1717 747 occubuis-

254 776 326 818 set,
359 775 561 823 quattuor
589 769 868 808 barbarorum
894 767 1004 806 milia
1038 766 1271 820 perierunt.
1334 763 1581 804 intrinsecus
1609 776 1714 804 vero

253 826 423 865 militiae
463 824 680 864 ordinatae
721 824 872 864 iterum
912 823 1065 863 bellum
1107 820 1326 875 incipiunt,
1358 820 1582 860 etiterum
1614 826 1715 859 octo

252 881 368 921 milia
394 881 672 921 barbarorum
717 880 970 932 interimunt.
1036 877 1226 918 similiter
1260 882 1302 917 et
1330 876 1458 917 tertia
1491 876 1559 917 die
1586 889 1716 930 prae-

253 938 397 978 liantes
428 937 478 977 ab
514 936 800 978 excelsioribus
816 935 991 976 Romani
1021 935 1072 975 ad
1093 935 1296 974 barbaros
1317 938 1591 983 accesserunt,
1617 933 1715 972 hos·-

256 1008 336 1049 que
365 999 569 1034 vertentes
597 993 648 1032 ad
677 997 864 1047 stagnum
893 998 1019 1047 atque
1050 992 1262 1045 pellentes,
1287 991 1441 1030 Avares
1456 990 1609 1030 multos
1640 1003 1718 1029 ne·-

255 1057 457 1091 caverunt
485 1064 532 1089 ex
561 1049 648 1100 illis,
680 1049 791 1089 inter
820 1063 923 1103 quos
954 1053 995 1088 et
1023 1047 1195 1102 chagani
1227 1047 1363 1086 necati
1393 1053 1491 1087 sunt
1520 1046 1608 1097 filii,
1624 1046 1715 1086 Ro..

254 1106 449 1160 inanique
476 1105 673 1146 illustrem
690 1104 912 1144 victoriam
943 1103 1182 1144 induerunt.
1242 1102 1449 1159 chaganus
1479 1116 1582 1143 vero
1614 1116 1716 1142 coa-

255 1162 427 1203 cervatis
458 1162 612 1202 viribus
642 1160 819 1215 copiosis
848 1166 999 1200 contra
1028 1161 1239 1200 Romanos
1263 1159 1573 1215 progreditur:
1603 1158 1734 1211 bello!

253 1226 390 1259 autem
426 1223 614 1258 manente
652 1222 823 1257 vertunt
851 1216 1029 1257 Romani
1071 1217 1291 1268 barbaros,
1320 1222 1363 1257 et
1391 1216 1582 1256 omnibus
1615 1214 1718 1255 insi-

252 1275 438 1329 gniorem
467 1274 570 1313 hanc
599 1274 835 1314 retulerunt
854 1273 1088 1314 victoriam.
1122 1274 1284 1314 interea
1310 1273 1476 1314 Priscus
1511 1277 1719 1328 quattuor

252 1331 413 1370 milibus
443 1330 669 1384 praemissis
700 1330 845 1370 Tisson
875 1333 908 1380 *)
938 1344 1100 1370 amnem
1140 1336 1395 1370 transmeare
1424 1335 1466 1370 et
1496 1329 1718 1383 explorare

250 1387 530 1426 harbarorum
545 1388 761 1441 praecepit
782 1391 932 1426 motus.
948 1392 991 1426 at
1009 1401 1110 1427 vero
1129 1387 1301 1426 barbari
1320 1386 1422 1426 nihil
1442 1399 1590 1426 eorum
1609 1399 1718 1441 quae

251 1444 359 1482 facta
389 1443 556 1483 fuerant
601 1448 916 1498 cognoscentes,
948 1443 1097 1483 festum
1133 1443 1243 1483 diem
1271 1443 1540 1483 celebrabant
1569 1447 1611 1483 et
1638 1456 1717 1496 pa-

253 1500 356 1540 riter
385 1500 724 1540 convivabantur.
783 1499 824 1539 in
854 1498 930 1539 hos
942 1499 1121 1540 Romani
1150 1500 1339 1540 clanculo
1370 1498 1597 1540 incidentes
1626 1513 1717 1538 ma-

251 1557 406 1595 ximum
437 1556 598 1610 operati
631 1561 734 1595 *sunt
764 1562 946 1596 metum:
986 1556 1161 1610 triginta
1199 1557 1356 1611 qnippe
1382 1556 1495 1596 milia
1525 1555 1717 1610 Gipedo-

255 1627 349 1651 rum
375 1612 738 1667 barbarorumque
769 1613 949 1652 aliorum
993 1613 1257 1663 occiderunt,
1288 1620 1329 1653 et
1361 1613 1532 1667 copiosa
1560 1610 1719 1666 praeda

256 1668 552 1721 comprehensa
587 1675 859 1709 revertuntur
887 1668 939 1708 ad
968 1668 1172 1709 Priscum.
1207 1669 1414 1724 chaganus
1446 1675 1586 1709 autem
1617 1683 1719 1708 rur-

255 1739 318 1764 sus
352 1725 632 1778 potentatibus
678 1725 893 1766 cumulatis
937 1726 1054 1766 venit
1098 1725 1150 1765 ad
1181 1727 1356 1776 Istrum,
1387 1732 1430 1766 et
1469 1726 1575 1766 inito
1604 1725 1718 1765 bello

123 1792 245 1839 p,4.35
258 1780 425 1820 barbari
453 1787 704 1834 superantur
742 1787 783 1822 et
824 1782 865 1822 in
913 1782 1040 1822 amnis
1071 1781 1236 1823 fluentis
1269 1788 1485 1833 necantur,
1514 1787 1720 1837 pereunt-

131 2312 164 2347 p.
178 2300 244 2334 437

258 1851 338 1891 que
366 1836 484 1876 simul
517 1851 608 1877 cum
649 1838 706 1877 bis
746 1838 916 1892 plurimi
964 1852 1134 1895 quoque
1177 1839 1385 1880 Sclavini:
1428 1839 1544 1879 vivos
1576 1844 1718 1879 autem

261 1893 535 1932 obtinuerunt
574 1896 753 1933 Avarum
793 1894 960 1949 quidem
990 1896 1072 1934 tria
1103 1896 1240 1947 milia,
1279 1895 1574 1936 sclavinorum
1616 1908 1719 1935 vero

260 1949 517 2003 octingentos
561 1955 602 1989 et
642 1950 849 2004 Gipedum
879 1951 961 1991 tria
987 1952 1124 2002 milia,
1157 1966 1234 1993 nec
1265 1966 1349 1992 non
1379 1958 1421 1992 et
1451 1952 1534 1992 duo
1562 1952 1720 1992 barba-

259 2019 418 2044 rorum.
475 2020 606 2059 porro
640 2007 843 2060 chaganus
878 2007 930 2047 ad
957 2008 1208 2049 Mauricium
1229 2009 1529 2063 imperatorem
1565 2009 1722 2063 legatos

261 2061 389 2112 misit,
418 2069 559 2115 captos
591 2063 777 2117 recipere
814 2064 934 2104 nisus.
990 2072 1032 2105 at
1074 2064 1140 2105 ille
1171 2065 1359 2106 nondum
1401 2070 1616 2120 comperta
1653 2066 1722 2104 in·-

259 2118 366 2172 clyta
401 2118 684 2158 Rornanorum
713 2119 890 2161 victoria
923 2120 1072 2162 scribit
1102 2122 1248 2163 Prisco
1288 2122 1406 2179 quod
1434 2124 1588 2163 Avares
1618 2120 1721 2162 cha-

259 2187 365 2228 gano
396 2172 588 2214 redderet
619 2180 792 2216 tantum.

370 2230 531 2270 Eodem
559 2245 727 2286 quoque
747 2247 855 2272 anno
884 2233 950 2274 vir
980 2233 1151 2290 quidam
1170 2233 1422 2276 monachico
1452 2233 1721 2275 circumami-

260 2291 348 2325 ctus
380 2285 523 2326 habitu
566 2294 607 2326 et
647 2288 686 2327 in
713 2290 911 2343 religione
938 2291 1100 2343 clarus,
1141 2292 1288 2345 spatha
1329 2291 1541 2333 denudata
1569 2306 1592 2331 a
1622 2292 1720 2331 foro

262 2357 388 2398 usque
408 2341 457 2381 ad
488 2357 655 2383 aeneam
684 2344 920 2399 gladiatoris
948 2353 1125 2388 statuam
1147 2347 1395 2403 discurrens,
1418 2347 1723 2402 imperatorem

261 2398 449 2438 omnibus
480 2399 521 2438 in
552 2400 755 2442 occisione
787 2403 912 2456 gladii
955 2405 1211 2445 moriturum
1242 2404 1547 2460 pronuntiavit.
1604 2403 1722 2443 simi-

260 2454 355 2494 liter
382 2461 424 2495 et
454 2454 714 2497 Herodianus
757 2459 958 2500 Mauricio
1001 2461 1238 2512 manifeste,
1285 2477 1393 2517 quae
1432 2460 1509 2501 sibi
1557 2461 1725 2501 fuerant

260 2517 445 2574 ventura,
472 2511 691 2565 praedixit.
751 2514 1008 2570 imperatore
1040 2532 1142 2558 vcro
1179 2525 1309 2558 noctu
1338 2517 1587 2559 discalceato
1617 2517 1724 2558 leta-

263 2582 368 2606 niam
397 2582 490 2607 cum
520 2574 609 2608 tota
639 2570 743 2610 urbe
771 2579 930 2626 agente,
958 2580 1000 2613 et
1022 2579 1263 2615 transeunte
1291 2574 1343 2614 ad
1375 2574 1581 2629 Carpiana
1612 2574 1722 2624 loca,

261 2623 565 2685 tumultuantur
593 2639 639 2665 ex
659 2627 928 2669 multitudine
950 2629 1132 2684 quidam,
1168 2637 1210 2671 et
1241 2637 1391 2672 contra
1423 2631 1723 2685 imperatorem

263 2678 413 2731 lapides
444 2680 610 2731 iaciunt,
643 2681 698 2722 ita
734 2689 779 2723 ut
806 2685 871 2724 vix
892 2685 1126 2739 imperator
1146 2702 1239 2727 cum
1258 2687 1497 2728 Theodosio
1527 2687 1613 2728 filio
1644 2699 1720 2727 suo

260 2733 488 2775 salvaretur
516 2742 557 2776 et
587 2740 822 2781 orationem
849 2742 1083 2796 compleret
1121 2743 1233 2798 apud
1259 2744 1523 2788 BlachernaS.

308 2817 339 2863 ')
367 2817 505 2852 llissum
532 2818 612 2853 vat.
