1728 3184
250 166 346 214 510
756 174 811 215 ΙΝ
840 172 1214 217 THEOPHANEM

359 285 466 338 563,
495 286 534 327 5.
593 282 753 342 φιάλην
801 287 874 330 καί
901 286 1050 341 βάθρα
1080 289 1222 329 κτίσαι
1251 288 1327 329 τοῦ
1352 285 1490 343 δήμου
1522 287 1606 330 τῶν
1633 289 1715 331 Βε-

239 344 383 397 νὲτων]
417 343 641 398 populares
671 345 806 386 tribus
835 352 878 387 et
905 347 1106 387 factiones
1127 345 1380 386 solemnibus
1413 345 1511 399 imp.
1540 360 1715 399 proces-

240 402 349 442 sibus
380 416 475 441 cum
512 401 593 443 suis
633 401 856 457 insignibus
902 410 943 443 et
980 402 1209 442 demarchis
1250 403 1425 443 adfuisse
1453 402 1637 443 eodinus
1665 402 1716 443 de

240 472 389 499 coron.
418 458 518 514 imp.
550 459 701 499 innuit.
769 458 909 525 locum
948 460 1088 514 itaque
1117 460 1386 500 commodum
1416 459 1600 499 Venetae
1630 459 1716 499 dis-

240 514 453 568 positurus
497 515 764 570 imperator,
807 513 993 570 φιάλην,
1029 517 1217 568 sontem,
1247 515 1481 556 machinam
1515 515 1715 556 nimirum

241 572 363 612 labro
394 570 559 626 sculpto
601 573 831 628 statuisque
859 573 1153 626 conspicuam,
1185 578 1227 612 et
1254 567 1427 644 βάθρα,
1459 573 1570 614 sedes
1599 573 1716 628 Ζαρί-

237 629 337 668 deas
368 629 432 669 vel
471 643 752 683 marmoreas,
793 630 905 669 bases
946 636 1072 669 vocat
1109 628 1314 676 miscella,
1347 629 1418 683 ἐφ’
1444 643 1528 680 ων,
1577 630 1713 682 inquit

239 685 402 736 Suidas,
434 683 643 739 κάθηνται
673 685 717 725 ἐν
745 689 832 732 τοῖς
860 684 1098 739 συλλόγοις,
1126 686 1267 742 quibus
1297 685 1341 725 in
1367 686 1542 726 comitizs
1567 686 1713 725 seden-

236 741 288 782 di
309 741 432 782 datur
466 743 765 806 opportunum,
801 741 916 782 exc1t
910 757 971 782 1r1
1011 747 1145 782 curat.
1205 741 1256 782 de
1279 741 1419 796 phiala
1447 749 1490 783 et
1517 741 1714 797 precibus

239 798 547 839 consecrandae
575 798 770 839 ecclesiae
800 798 954 838 affectis
986 798 1298 853 euchologium.

348 871 460 912 Ibid.
492 865 556 911 14.
612 886 687 922 την
711 868 1022 936 μητροπολίτου
1049 870 1110 918 εἰς
1139 868 1185 911 τὸ
1210 870 1400 940 Πετρίν]
1433 870 1620 938 origines
1628 871 1711 912 CP.

238 921 302 970 ότι
328 927 408 968 τοῦ
439 926 748 994 μητροπολίτου
779 924 858 995 τὴν
882 923 1014 983 μονήν
1048 925 1071 966 ὁ
1114 921 1246 975 αὐτὸς
1272 903 1568 974 Ἰουστινιανὸς
1602 924 1714 968 ἔκτι-

238 998 330 1025 σενι
388 982 546 1039 ἐκλήθη
577 983 623 1023 δὲ
655 978 804 1034 οὕτως,
837 978 899 1023 ὅτι
929 984 1040 1031 οἰκος
1068 976 1121 1037 ἦν
1152 983 1287 1024 ἐκεῖσε
1315 984 1623 1038 μητροπολίτου
1650 1000 1712 1024 τι·

236 1036 323 1094 νός,
379 1041 652 1096 metropolitae
690 1041 983 1081 monasterium
1021 1041 1271 1081 Ιαειίηιαηιιε
1307 1042 1533 1091 exstruxit,
1565 1042 1714 1094 prime

240 1097 439 1138 nimirum
486 1097 537 1137 nd
580 1096 782 1151 palatium
822 1096 907 1137 eius
937 1097 1114 1137 nominis
1151 1111 1312 1137 everso.
1367 1111 1424 1136 szc
1450 1106 1579 1138 autem
1607 1097 1714 1138 dici-

238 1163 326 1206 mr,
362 1153 490 1223 qaod
497 1153 559 1195 abi
576 1154 715 1204 suerit
756 1154 1032 1224 metropolitae
1069 1154 1276 1195 canadam
1308 1153 1523 1193 hahitacio.
1582 1150 1628 1193 τὸ
1667 1153 1714 1194 δὲ

238 1209 432 1275 flffss'sv’„
446 1208 493 1251 τὸ
524 1206 709 1250 παλαιὸν
740 1204 849 1257 οἶκος
875 1203 926 1264 ἦν
957 1212 1130 1262 Πέτρου
1167 1211 1388 1262 πατρικίου
1420 1209 1465 1249 έν
1493 1212 1580 1256 τοῖς
1609 1208 1714 1260 χρό-

236 1281 325 1315 νοις
353 1266 432 1308 τοῦ
461 1263 648 1319 μεγάλου
678 1265 992 1307 Ἰουστινιανοῦ.
1060 1267 1170 1307 locus
1198 1267 1358 1306 Petrim
1386 1276 1565 1317 υοεαιιιε,
1597 1267 1716 1307 Petri

232 1325 408 1380 patricii
432 1324 503 1365 sub
547 1323 769 1365 lastiniam
815 1326 961 1377 magni
986 1333 1155 1389 tempuS,
1182 1323 1323 1362 domus
1349 1324 1498 1363 extitit.
1560 1337 1714 1377 eapro-

237 1387 335 1436 pter
365 1381 489 1421 lectio
522 1381 693 1436 Peyrez.
724 1379 878 1420 codicis
910 1380 971 1428 εἰς
1002 1377 1046 1421 τὸ
1079 1374 1335 1434 πραιτώριον
1361 1393 1539 1420 eironea
1573 1385 1645 1420 est.

366 1453 589 1495 Ihzd.18.
672 1452 731 1508 τῶ
774 1452 945 1509 ἐπίκλην
977 1450 1189 1510 Ῥουσίῳ]
1231 1452 1411 1493 miscella
1461 1461 1715 1507 cognomento

237 1510 377 1568 R‘fffo·

348 1584 460 1626 Ihid
493 1583 556 1626 19.
617 1583 860 1624 α’ποκτεῖναι
887 1579 961 1624 τὸν
993 1582 1142 1636 ὃημον]
1171 1581 1284 1623 haud
1313 1582 1595 1650 promiscuam
1620 1583 1713 1639 ple-

238 1643 335 1683 bem
363 1642 566 1696 mbitror,
600 1641 672 1682 sed
704 1640 897 1681 factionis
930 1640 1126 1680 Plasin‘ie
1155 1637 1376 1694 συρφετόν.

347 1719 512 1773 364,1.
572 1715 780 1768 Λεόντιος
823 1718 890 1759 δὲ
911 1714 933 1757 ὅ
963 1719 1196 1784 πατρίκιος]
1225 1717 1270 1758 ἑκ
1299 1718 1372 1771 τῆς
1400 1716 1601 1783 Ἰσαύρων
1631 1733 1715 1770 ωρ-

233 1791 430 1831 μωμενον
453 1791 621 1832 χωρας,
665 1774 739 1817 καί
775 1772 1014 1829 στρατηγὸν
1049 1772 1272 1828 γενόμενον
1314 1774 1393 1814 τοῦ
1432 1769 1715 1816 Ἀνατολικοῦ

235 1832 497 1887 καλουμένου
525 1829 867 1887 στρατεύματος·
929 1832 1103 1886 exponit
1143 1831 1403 1886 Neepliorus
1433 1846 1527 1887 pag.
1563 1832 1630 1877 25.

348 1908 463 1950 Ibi-d
492 1907 530 1949 6.
607 1907 652 1948 ἐν
684 1906 743 1963 τῷ
769 1905 1048 1962 Ἰουλιανισιίο
1095 1899 1234 1957 λιμένι
1279 1905 1352 1958 τῆς
1393 1905 1569 1973 Σοφίας]
1602 1905 1709 1960 orig.

232 1966 318 2008 CP.
350 1963 508 2018 ἐκλήθη
531 1948 763 2007 ’[ουλιανοῦ
802 1960 942 2016 λιμήν,
972 1957 1039 2003 ὅτι
1070 1960 1091 2001 ὁ
1122 1963 1265 2010 κτίσας
1295 1959 1428 2002 αϋτὸν
1454 1956 1586 2010 οὕτως
1615 1963 1712 2003 ἑκα»

236 2025 363 2063 mazzo.
424 2021 590 2064 Iuliani
623 2030 791 2077 portus,
837 2020 889 2060 ab
928 2034 973 2059 eo
1001 2021 1073 2075 qui
1108 2020 1333 2060 construxit
1358 2034 1500 2060 nomen
1531 2021 1711 2076 accepit:

238 2086 287 2120 ut
327 2094 350 2119 a
389 2079 549 2134 Sophia
591 2078 785 2132 deinceps
831 2076 1155 2132 appellationem
1207 2076 1401 2130 mutarit,
1439 2075 1599 2117 dictum
1642 2091 1713 2116 sn..

236 2135 392 2192 perius-

349 2209 457 2251 Ihid.
485 2208 526 2250 8.
587 2203 881 2263 συνετάσσετο]
915 2206 1108 2249 dictionis
1136 2206 1530 2262 interpretationem
1556 2205 1715 2247 habent

239 2273 365 2310 notae
395 2265 647 2322 superiores.

349 2345 538 2389 Ibzd.12.
596 2338 827 2410 ἡγούμενος
853 2343 936 2384 τῶν
966 2339 1168 2411 Φλωρου]
1202 2343 1307 2398 orig.
1330 2343 1409 2384 CP.
1441 2338 1494 2383 τὰ
1524 2341 1571 2383 δὲ
1587 2339 1714 2382 Φλώ-

237 2419 314 2459 ρου
347 2418 419 2444 και
448 2397 779 2468 Καλλιστράτου
808 2397 978 2441 ἔκτισαν
1006 2394 1139 2447 οὕτως
1170 2374 1419 2451 καλούμενοι
1445 2413 1544 2447 τους
1573 2396 1714 2446 οὶκους

238 2460 393 2502 αὐτῶν.
450 2455 558 2510 μετὰ
605 2456 652 2497 δὲ
660 2451 753 2523 τὴν
779 2454 978 2510 τελευτὴν
1007 2454 1147 2497 αὐτῶν
1178 2457 1245 2508 §ys
1224 2456 1365 2497 ’νοντο
1396 2469 1522 2508 μοναι
1553 2455 1597 2496 ἐν
1625 2458 1714 2502 τοῖς

235 2515 410 2583 χρόνοις
448 2516 525 2557 τοῦ
560 2508 747 2566 μεγάλου
772 2512 1131 2579 Κωνσταντίνου,
1163 2514 1208 2562 ἐξ
1237 2527 1287 2552 ου
1320 2527 1391 2552 και
1418 2512 1603 2580 Παῦλος
1630 2526 1713 2550 πα-

236 2570 443 2639 τριάρχης
473 2567 583 2624 μετά
613 2567 671 2625 ’ξῆ
697 2565 880 2623 χρόνους
909 2584 1036 2622 γνους
1067 2546 1142 2610 τὸν
1173 2566 1359 2609 θάνατον
1375 2563 1525 2636 αυτοῦ,
1555 2567 1599 2608 ἑν
1627 2570 1714 2615 τοῖς

235 2627 409 2683 χρόνοις
440 2627 622 2695 Εἰρήνης
652 2624 924 2693 παρῃτήσατο
966 2623 1011 2666 τὸ
1044 2629 1370 2691 πατριαρχεῖον,
1399 2639 1467 2665 και
1495 2602 1714 2665 κατελθών

237 2687 371 2726 ἐκεῖσε
412 2683 628 2739 ἡσύχασε,
667 2698 737 2724 και
783 2683 983 2735 τέθνηκεν
1022 2682 1157 2724 ἐκεῖσε
1183 2678 1291 2734 μετά
1322 2681 1462 2735 μῆνας
1487 2679 1536 2722 δ’.
1595 2680 1713 2722 Flort'

238 2742 550 2799 Callistralzque
577 2742 694 2794 loca,
731 2740 847 2781 istius
890 2741 1063 2780 nominis
1097 2740 1199 2780 duos
1226 2739 1345 2779 aedes
1374 2738 1455 2778 sibi
1478 2747 1712 2779 construxe-

235 2808 354 2841 runt:
383 2800 434 2840 iis
467 2813 564 2841 vero
596 2797 807 2850 dtfimctis,
838 2797 1088 2839 Constantini
1116 2797 1256 2851 magni
1280 2795 1521 2851 temporibus
1550 2809 1594 2835 m
1626 2807 1712 2835 mo-
