1728 3184
702 181 904 224 NOTAE.
1423 182 1521 227 3523

166 306 332 359 31,13.
391 304 731 360 ὖπογράψαντες]
760 307 911 348 idem
901 323 941 348 in
970 323 1060 362 cap.
1087 308 1112 350 9
1140 309 1325 351 Gelasius
1357 325 1528 366 quoque

57 365 284 421 Cyzicenus
314 370 431 404 tomo
466 365 490 404 ‘2
521 364 832 405 conc.Pa1isiis
875 379 985 404 anno
1023 363 1129 405 1636
1164 366 1471 420 impressolum.

167 443 276 484 Ibid.
310 442 374 486 15.
455 443 648 494 Κρισπος
691 437 712 481 ὅ
744 437 837 489 υἱὸς
876 442 953 482 τοῦ
981 443 1209 498 βασιλέως]
1244 445 1528 486 vicennalibus

55 499 318 540 Constantini
350 500 480 553 patris
525 499 720 553 Crispum
761 499 909 539 obiisse
942 500 1165 540 confirmat
1209 515 1256 540 ex
1286 502 1419 541 idatio
1449 503 1527 542 Pe-

57 557 190 595 rivius
219 556 291 595 lib
314 556 359 595 11
395 556 447 596 de
475 556 588 596 doct.
620 560 748 610 temp.
781 569 871 609 cap
894 551 962 595 41.
1020 570 1174 595 anuum
1204 557 1380 596 eundem
1409 559 1526 612 prius

55 627 159 677 apen
164 617 203 652 te
231 613 454 666 sciipserat
481 612 736 652 Sozomenus
764 612 835 655 lib.
870 613 889 651 1
924 626 1017 666 cap.
1046 611 1087 651 5.
1150 627 1224 652 vox
1256 628 1389 666 pomo
1419 613 1527 653 ἐκοι-

54 663 209 723 μήθη,
209 668 330 717 nulla
364 668 402 707 vi
425 668 641 715 recensita,
676 674 857 708 mortem
878 668 1106 722 opperiisse
1131 669 1289 733 arguit.
1349 669 1526 710 alienum

56 718 262 779 siqnidem
285 741 307 764 a
334 725 509 764 mimine
532 724 851 765 Constantinum
874 724 1101 776 declarare,
1130 725 1212 764 imo
1235 725 1382 779 pietati
1402 741 1531 779 quam

57 780 352 821 studiosissime
379 781 591 821 addictum
611 781 824 821 celebiare
851 795 934 835 pro
967 782 1122 821 viribus
1151 780 1369 822 contendit
1384 781 1529 822 Theo-

54 837 237 890 phanes,
275 852 324 877 ac
366 852 418 877 ne
459 838 550 893 quis
594 838 727 891 Crispi
781 839 978 891 sanguine
1010 845 1105 877 cont
1113 843 1340 878 inimatum
1367 837 1528 889 credat,

55 893 249 947 Crispum
280 893 464 947 legitimo
494 894 691 949 coniugio
739 900 1014 948 procreatum
1052 894 1212 934 inducit
1241 894 1529 948 Theophanes,

56 955 99 988 et
129 950 214 989 eius
243 950 425 991 mulieris
454 951 598 1001 filium,
629 965 753 1006 quam
787 950 940 990 caeteri
981 951 1168 991 historici
1198 951 1460 990 libidinosam
1488 956 1530 990 et

54 1006 264 1046 furentem
294 1008 334 1045 in
365 1007 605 1062 privignum
640 1021 862 1047 novercam
895 1007 1068 1062 lingunt.
1102 1015 1148 1047 ut
1177 1014 1224 1047 ut
1248 1022 1290 1047 se
1318 1007 1527 1058 habuerit,

0 1075 2 1077 ’
55 1069 232 1102 matrem
260 1061 326 1102 vel
359 1078 440 1102 nov
445 1078 614 1115 ercam,
656 1079 678 1102 a
707 1078 807 1104 nece
836 1064 984 1117 Crispo
1023 1064 1135 1103 illata
1163 1078 1237 1102 suo
1268 1064 1431 1104 silentio
1462 1063 1529 1103 in-

58 1119 223 1165 noxiam
255 1119 558 1159 demonstravit
600 1125 750 1159 auctor
788 1120 896 1159 vitae
933 1120 1208 1169 Constantini,
1242 1127 1283 1160 et
1312 1121 1529 1161 Socrates·

57 1174 254 1215 invidiam
297 1176 461 1230 pariter
507 1190 676 1216 omnem
714 1191 736 1215 a
766 1178 1040 1216 Constantino
1087 1176 1246 1230 depulit
1276 1177 1529 1217 Sozomenus

55 1231 129 1273 lib
157 1232 176 1271 1
210 1246 302 1286 cap.
320 1232 359 1283 5,
393 1239 538 1286 aperte
567 1232 753 1273 defendit
769 1233 975 1286 Euagrius
1005 1233 1076 1273 lib.
1094 1231 1120 1272 3
1149 1247 1240 1286 cap.
1254 1228 1321 1282 41,
1345 1247 1531 1287 quorum

55 1288 353 1328 auctoritatem
383 1288 491 1328 haud
520 1294 679 1329 temere
696 1288 972 1342 Theophanes
1002 1289 1186 1343 excepit,
1215 1295 1257 1328 et
1286 1289 1430 1329 exinde
1450 1289 1534 1330 Ce-

53 1344 205 1384 (lienus
236 1352 278 1386 et
306 1345 570 1399 Nicephorus
603 1350 802 1400 sequutus
831 1351 891 1385 est
924 1346 994 1386 lib.
1028 1346 1051 1386 7
1082 1360 1173 1400 cap.
1205 1344 1273 1384 35.

160 1426 268 1467 Ibid.
302 1425 365 1467 16.
397 1442 465 1467 και
499 1422 656 1480 ἤρξατο
678 1426 900 1478 κτίζεσθαι
929 1426 976 1469 τὸ
1010 1425 1262 1478 Βυζάντιοι]
1301 1428 1415 1483 quod
1446 1443 1530 1468 non

52 1481 293 1524 advertitur
324 1484 469 1535 facile,
514 1485 735 1525 discrimen
767 1485 878 1525 intel
918 1486 1101 1540 Byzantii
1132 1485 1347 1525 conditum
1379 1492 1420 1525 et
1451 1500 1529 1525 en-

51 1539 195 1579 caenia
234 1540 489 1594 ponendum.
559 1541 629 1581 hic
679 1541 729 1581 de
771 1541 945 1581 conditu
983 1541 1072 1581 solo
1108 1541 1359 1595 Theophani
1389 1555 1525 1581 sermo

51 1602 134 1638 est:
162 1610 286 1651 quem
317 1597 579 1638 Constantini
621 1598 900 1638 vicennalibus
949 1598 1088 1662 primo
1139 1603 1342 1637 tentatum
1369 1598 1526 1636 soora-

49 1659 108 1691 tes
139 1653 284 1693 asserit
312 1653 386 1694 hh.
420 1653 438 1692 1
473 1669 568 1708 cap.
603 1654 666 1695 12.
738 1651 759 1692 ὅ
803 1651 1007 1705 βασιλεύς
1045 1654 1287 1702 ἐπιτελέσας
1318 1653 1528 1705 δημοτεὶῆ

51 1707 126 1760 τῆς
152 1707 491 1775 εἰκοσαετηρίδος
521 1708 654 1750 αυτοῦ
668 1704 828 1763 ἑορτήν,
857 1708 1019 1756 εὕθέως
1046 1707 1091 1749 τὸ
1112 1709 1211 1762 περί
1235 1707 1279 1749 τὸ
1312 1709 1528 1774 a¹vo93017v

51 1761 128 1811 τὰς
154 1763 376 1818 ἐκκλησίας
417 1761 693 1815 ἐσπούδαζεν.
769 1766 903 1805 ἐποιει
948 1765 994 1805 δὲ
1024 1766 1145 1804 τοῦτο
1166 1780 1261 1818 περι
1294 1762 1368 1811 τὰς
1397 1759 1529 1813 ἄλλας

51 1816 208 1886 πόλεις-ζ
235 1822 311 1861 καί
333 1823 379 1862 ἑν
415 1823 468 1887 τῇ
498 1816 636 1862 αὐτοῦ
667 1819 888 1878 ἑπωνύμω,
920 1818 971 1875 ἢν
998 1802 1236 1872 Βυζάντιον
1264 1820 1527 1873 καλουμένην

51 1871 97 1915 τὸ
127 1873 344 1941 πρότερον,
378 1872 573 1932 ηυξησαι.
631 1880 854 1944 zsnperator·
879 1879 1003 1918 simul
1026 1887 1068 1918 ut
1083 1877 1235 1932 festum
1262 1878 1436 1917 solemne
1467 1878 1531 1916 ad

49 1931 280 1973 vicesimum
309 1949 462 1974 annam
491 1936 660 1990 imperii
701 1935 767 1974 sui
806 1936 1094 1985 celebraverat,
1133 1935 1249 1974 nulla
1289 1935 1526 1988 interpostta

48 2001 181 2038 mora,
208 1990 272 2029 ad
296 1991 483 2029 ecclesias
522 1991 773 2032 extruendas
813 2005 930 2030 omne
965 2005 1081 2031 suum
1124 1990 1303 2030 studturn
1332 1990 1524 2028 conculsa

46 2044 233 2100 istudqice
256 2047 493 2100 praestilit,
521 2061 612 2087 cum
656 2049 698 2087 in
732 2049 831 2087 aliis
865 2048 1050 2096 urbibus,
1092 2055 1176 2086 tum
1215 2062 1263 2086 ea
1289 2048 1360 2085 cui
1382 2060 1526 2085 nomen

48 2114 161 2139 suam
179 2101 464 2166 imposuerat,
506 2118 630 2157 quam
652 2104 821 2159 quidem
856 2103 1102 2155 Byzantium
1130 2104 1231 2142 olzm
1272 2102 1523 2158 appellatam

47 2170 205 2210 magnis
252 2158 439 2198 adauxit
480 2157 889 2224 aedfici1s.quam
920 2160 1218 2200 encaeniorum
1259 2167 1301 2199 et
1331 2156 1522 2198 conditus

48 2213 294 2254 *alietatem
324 2213 448 2254 titulo
478 2216 646 2270 capitis
655 2213 710 2257 42
750 2216 861 2257 libro
896 2217 941 2256 11
980 2217 1031 2256 de
1061 2217 1256 2257 doctrina
1284 2222 1525 2278 temporum

44 2268 236 2309 Petavius
275 2277 481 2311 statuerat
521 2286 601 2326 per
642 2278 782 2313 totum
819 2280 948 2327 capnt
993 2287 1077 2312 non
1109 2273 1348 2317 observans,
1398 2270 1522 2308 istum

46 2338 142 2364 cum
172 2326 249 2366 illis
282 2327 518 2370 confundit.
589 2329 766 2380 Graeci,
794 2328 943 2382 inquit,
973 2329 1115 2369 mnndi
1143 2343 1270 2368 annos
1301 2326 1523 2380 Christique

45 2383 170 2422 varie
207 2393 461 2439 computant,
490 2385 586 2424 dum
615 2387 812 2425 encaenia
840 2385 1096 2426 Constantini
1129 2385 1328 2450 ‘asti-unt.
1390 2381 1524 2420 Theo-

36 2439 190 2491 phanes
215 2454 366 2480 annum
382 2441 531 2480 mundi
548 2439 674 2492 5816,
694 2441 847 2481 Christi
860 2441 955 2494 316,
981 2456 1099 2495 quem
1121 2442 1247 2495 ipsum
1270 2454 1349 2478 esse
1371 2438 1524 2487 scribit,

41 2509 120 2548 quo
145 2494 333 2536 Nicaena
359 2497 532 2548 synodus
562 2506 619 2536 est
643 2498 844 2538 absoluta.
902 2513 1050 2538 verum
1083 2496 1193 2535 haud
1225 2496 1276 2535 de
1305 2492 1522 2544 encaeniis,

44 2549 115 2590 sed
143 2551 194 2591 de
216 2554 296 2592 CP.
325 2553 500 2592 conditu
530 2560 747 2617 praesente
779 2554 932 2595 Christi
953 2569 1062 2594 anno
1090 2551 1172 2593 316
1211 2551 1422 2591 institutus
1462 2555 1525 2590 est

45 2621 199 2648 sermo.
276 2604 323 2648 τό
354 2608 592 2658 Βυζάντιον
622 2602 774 2661 ἤρξατο
805 2610 1041 2661 κτίζεσθαι,
1074 2608 1226 2664 pergit.
1262 2607 1524 2671 Theophanes

48 2662 305 2704 Constantini
326 2664 380 2705 32
409 2680 556 2705 annum
577 2666 688 2705 illum
701 2668 830 2717 saci&
861 2682 1086 2731 nusquam:
1108 2665 1178 2704 sed
1196 2662 1435 2703 vicesimum
1455 2661 1522 2700 in-

43 2719 178 2761 culcat
189 2720 480 2775 Theophanes,
498 2736 622 2776 quem
638 2723 816 2763 eundem
834 2724 1056 2764 canonium
1071 2721 1156 2762 eius
1175 2719 1522 2774 chronologicum

45 2777 230 2830 supelius
260 2778 458 2819 exhibuit.
494 2778 555 2818 his
587 2777 732 2820 addit:
772 2780 1038 2836 Theophanes
1061 2779 1234 2818 alteram
1261 2752 1525 2830 computandi
