1728 3242
559 193 628 237 EX
665 193 1013 238 THEOPHANE.
1415 192 1515 238 223

50 311 381 367 principaretur.
453 323 590 365 porro
620 309 913 350 Constantinus
943 310 1210 364 septembrio
1237 324 1376 352 mense
1403 310 1518 352 duo·
1529 327 1564 363 p.
1583 313 1654 351 645

50 368 236 408 decimae
264 365 504 407 indictionis
535 366 781 407 descendens
814 367 867 406 ad
893 372 1034 420 partes
1052 367 1323 408 Chalcedonis
1354 381 1518 408 remea..

49 425 110 465 vit
138 425 191 465 ad
221 424 433 464 Thracoas
459 428 613 478 partes,
644 437 740 462 cum
769 423 970 465 Sisinnius
998 429 1176 477 praetor
1193 424 1519 464 Thraccsiorum

53 486 175 522 antea
197 493 277 535 per
304 479 496 535 Abydum
529 486 749 520 remeasset
768 486 1071 533 terrenumque
1098 494 1266 519 murum
1294 480 1406 520 urbis
1436 480 1519 520 ob-

47 537 217 578 sidet-et.
246 541 291 576 at
318 550 421 576 vero
447 535 612 576 veniens
643 536 878 590 imperator
898 534 950 575 ad
967 535 1126 575 Cbarsii
1154 541 1324 589 portam
1354 536 1518 576 discur-

51 592 109 632 rit
138 607 270 648 usquc
296 591 349 631 ad
378 606 547 632 auream
574 599 772 645 portam,
802 598 932 632 semet
961 591 1100 645 ipsum
1129 592 1262 631 turbis
1293 597 1516 641 ostentans,

47 656 93 689 ct
122 649 276 689 iterum
295 662 494 697 ‚reversus
523 654 658 687 castra
687 653 864 688 metatus
894 652 956 688 est
985 647 1096 702 apud
1128 649 1170 686 S.
1190 649 1383 687 Mamam.
1411 648 1518 688 cives

49 711 190 746 autem
229 704 440 759 angustari
483 710 718 758 coeperunt
757 704 932 744 annonis
964 704 1261 744 deficientibus.
1319 703 1520 758 quocirca

44 761 169 802 misso
186 760 408 802 Athanasio
437 776 461 800 a
479 763 647 801 secretis
672 766 715 802 et
733 760 995 801 Artahuasdo
1021 760 1251 800 domestico
1273 774 1347 800 suo
1367 759 1419 799 ad
1442 760 1519 800 de-

45 817 242 858 ferendos
254 822 442 871 sumptus
459 817 501 856 in
521 816 697 870 scaphis,
717 817 876 857 invenit
896 817 970 857 hos
988 817 1122 857 classis
1135 815 1520 871 Cibyraeotensium

50 880 94 914 et
121 873 254 914 classis
273 873 423 928 Abydi,
457 878 500 913 et
534 874 607 913 bos
637 873 960 927 comprehensos
985 872 1036 912 ad
1058 874 1356 927 imperatorem
1385 871 1517 919 duxit,

46 930 120 985 qui
147 931 405 971 frumentum
433 929 603 984 quidem
620 929 787 983 populis
822 930 901 969 suis
934 929 1119 980 donavit,
1144 928 1414 969 Athanasium
1441 943 1520 968 au·-

44 993 132 1026 tem
169 992 213 1027 et
253 985 563 1026 Artahuasdum
601 986 731 1026 oculis
777 986 995 1026 confestim
1028 986 1220 1039 privavit.
1290 992 1388 1039 post
1418 985 1520 1024 baec

47 1056 153 1083 vero
181 1042 383 1097 probavit
411 1041 693 1082 Artahuasdus
735 1057 758 1082 a
797 1048 911 1082 terra
944 1048 1090 1096 portas
1127 1042 1295 1095 aperire
1323 1048 1366 1081 et
1390 1055 1519 1096 prae-

44 1098 148 1138 lium
174 1109 271 1139 cnm
301 1100 575 1139 Constantino
617 1098 736 1139 inire.
794 1113 943 1138 verum
979 1099 1086 1138 facta
1132 1098 1423 1152 congressione
1450 1099 1519 1136 su-

43 1155 130 1210 gati
157 1162 253 1196 sunt
281 1155 430 1195 milites
447 1154 712 1205 Artaliuasdi‚
742 1160 786 1194 et
814 1154 935 1194 multi
954 1155 1111 1194 mortui
1135 1160 1243 1205 sunt,
1275 1154 1387 1193 inter
1414 1167 1519 1209 quos

44 1218 88 1252 et
113 1213 324 1251 Monutes.
383 1212 635 1251 constructis
665 1217 805 1250 autem
836 1210 1118 1250 Artabuasdus
1146 1210 1333 1251 dieribus
1361 1210 1516 1251 cacabo

41 1267 271 1308 ferentibus
298 1266 448 1322 ignem,
478 1267 590 1308 misit
621 1267 674 1307 ad
703 1267 748 1306 S.
770 1268 953 1306 Mamam
980 1266 1202 1307 nonnullos
1233 1273 1384 1306 contra
1411 1267 1516 1307 clas-

42 1338 128 1364 sem
160 1323 560 1379 Cibyraeotensium.
636 1338 731 1364 cum
772 1328 912 1363 autem
938 1325 1115 1364 venisset
1157 1322 1210 1362 ad
1243 1322 1284 1362 S.
1321 1324 1516 1371 Mamam,

41 1385 235 1420 exeuntes
276 1380 619 1435 Cibyraeotenses
660 1379 917 1434 pepulerunt
955 1379 1058 1419 illos.
1136 1380 1244 1419 facta
1288 1385 1349 1419 est
1378 1386 1517 1419 antem

41 1437 83 1476 in
115 1436 221 1476 urbe
239 1434 372 1475 valida
402 1436 545 1486 fames,
575 1436 632 1475 ita
666 1442 714 1476 ut
743 1436 1058 1477 venundaretur
1073 1434 1237 1475 modius
1265 1434 1383 1475 ordei
1405 1434 1515 1474 duo-

40 1491 176 1535 decim
207 1491 531 1541 numismatibus,
563 1492 779 1546 leguminis
809 1506 915 1532 vero
946 1491 1203 1547 quindecim,
1236 1491 1340 1530 milii
1369 1505 1417 1531 ac
1447 1492 1515 1531 lu-

38 1547 129 1602 pini
159 1548 474 1589 numismatibus
517 1554 641 1598 octo‚
681 1548 762 1588 olei
804 1554 943 1588 autem
976 1548 1109 1589 librae
1145 1547 1333 1603 quinque
1377 1547 1514 1586 numi-

38 1611 171 1645 smate
197 1620 299 1656 uno,
327 1606 527 1646 sextarius
558 1605 643 1644 vini
673 1604 862 1645 dimidio.
919 1619 1099 1659 cumque
1127 1605 1307 1659 populus
1337 1618 1510 1644 necare·
1526 1606 1642 1655 pam

42 1667 130 1711 tur,
158 1668 328 1702 coactus
370 1667 430 1701 est
461 1660 741 1702 Artahuasdus
784 1660 996 1701 dimittere
1025 1661 1116 1701 illos
1148 1675 1171 1701 e
1199 1659 1367 1701 civitate
1402 1661 1513 1700 foras

43 1718 232 1759 exeundi.
289 1732 438 1758 verum
468 1718 697 1758 observatis
740 1717 921 1758 faciebus
952 1717 1154 1772 quosdam
1185 1731 1335 1757 eorum
1362 1715 1516 1771 prohi-

37 1774 181 1816 bebat.
237 1773 349 1814 unde
392 1773 562 1828 quidam
603 1789 753 1814 eorum
795 1774 1128 1814 emundaverunt
1167 1775 1304 1813 vultus
1334 1787 1445 1824 suos,
1475 1778 1518 1812 et

42 1829 239 1870 muliebri
259 1829 562 1871 circumamicti
584 1837 681 1871 sunt
700 1837 834 1871 veste:
859 1837 921 1870 ast
950 1830 1017 1870 alii
1036 1830 1282 1870 monachico
1312 1829 1519 1870 schemate

39 1893 166 1942 atque
185 1886 352 1927 cilicino
372 1887 617 1927 vestimento
646 1887 994 1941 contegebantur,
1025 1892 1067 1927 et
1095 1887 1152 1926 ita
1171 1886 1302 1926 latere
1318 1891 1519 1939 poterant

40 1949 83 1983 et
114 1942 240 1983 exire.
270 1943 431 1983 Nicetas
463 1950 604 1983 autem
621 1949 953 1997 monostrategus
986 1948 1237 1983 coacervato
1256 1943 1418 1996 populo
1441 1956 1516 1980 suo

38 2015 62 2039 a
81 1998 274 2038 Modrina
298 1998 482 2053 disperso
510 2000 624 2040 venit
647 2015 778 2055 usque
798 1999 1117 2055 Chrysopolim3
1146 2006 1188 2040 et
1214 2013 1309 2039 cum
1330 2004 1517 2039 reverte·

39 2062 188 2105 retur,
228 2060 483 2095 transmeans
511 2056 747 2110 imperator
771 2063 1014 2110 persecutus
1043 2063 1104 2096 est
1129 2062 1223 2110 post
1252 2061 1368 2109 terga
1399 2056 1515 2108 ipso-

39 2126 149 2152 rum.
177 2116 220 2150 et
248 2125 343 2151 cnm
371 2113 548 2152 venisset
576 2113 628 2152 ad
651 2127 746 2152 eum
776 2111 890 2167 apud
907 2111 1211 2161 Nicomediam,
1243 2126 1370 2151 manu
1403 2111 1515 2164 cepit

42 2182 138 2208 eum
169 2181 264 2207 cum
296 2176 510 2216 curatore,
541 2169 614 2222 qui
644 2169 785 2209 fuerat
822 2167 980 2208 dudum
1008 2168 1318 2209 Marcelliorum
1349 2167 1515 2221 episco-

40 2239 148 2278 pus3
177 2237 301 2278 quem
331 2230 375 2263 et
403 2223 602 2264 decollari
622 2226 826 2265 continuo
844 2224 986 2264 iussit:
1019 2232 1379 2278 monostrategum
1409 2236 1512 2262 vero

39 2280 227 2319 vinctum
254 2279 368 2333 patri
398 2294 477 2334 per
504 2295 671 2320 murum
702 2281 974 2321 monstrabat.
1033 2296 1169 2333 porro
1198 2286 1351 2335 quarto
1383 2293 1513 2318 nonas

37 2335 309 2376 Novembrias
354 2341 528 2390 repente
556 2337 781 2390 praeliatus
810 2343 907 2392 post
936 2338 1156 2378 meridiem
1186 2351 1266 2391 per
1294 2342 1512 2376 terrenum

36 2406 208 2432 murum
241 2392 393 2432 urbem
419 2394 615 2446 captavit.
672 2401 716 2434 at
746 2408 846 2434 vero
885 2393 1165 2434 Artahuasdus
1194 2407 1276 2432 una
1309 2406 1402 2430 cum
1429 2391 1514 2430 Ba-

37 2447 233 2503 gatangio
264 2448 447 2502 patricio
491 2448 695 2502 ingressus
741 2450 878 2489 navim
917 2449 968 2490 ad
1015 2464 1208 2504 praesens
1239 2448 1378 2488 exiisse
1406 2447 1512 2488 visus

37 2512 100 2545 est
127 2505 171 2545 in
198 2504 391 2554 obsiciis,
424 2510 466 2544 et
495 2505 634 2545 abiens
663 2504 714 2545 ad
744 2511 926 2547 castrum
953 2507 1143 2546 Puzanae
1172 2511 1300 2545 semet
1327 2503 1508 2543 inclusit.

38 2561 189 2615 quibus
235 2561 472 2615 imperator
513 2576 641 2602 manu
678 2562 810 2616 captis
852 2563 1162 2604 Artabuasdum
1206 2575 1300 2600 cum
1346 2559 1510 2600 duobus

38 2617 130 2656 filiis
167 2617 247 2656 suis
277 2617 462 2671 privavit
495 2617 650 2667 oculis,
689 2619 959 2673 Bagatangim
996 2625 1135 2659 autem
1165 2618 1206 2657 in
1238 2615 1402 2656 vivario
1433 2616 1507 2656 de-
1522 2621 1641 2670 p.648

38 2672 225 2726 collavit,
255 2679 298 2713 et
325 2672 446 2712 buius
479 2680 608 2727 caput
636 2673 677 2713 in
691 2675 807 2715 Milio
829 2675 1044 2729 suspendit
1065 2674 1209 2715 diebus
1238 2672 1384 2712 tribus.
1413 2680 1510 2726 post

38 2729 212 2782 triginta
238 2743 340 2769 vero
369 2744 498 2769 annos
536 2730 633 2770 mali
669 2745 833 2771 memor
870 2737 913 2771 et
941 2730 1235 2771 immisericors
1277 2728 1511 2782 imperator

37 2785 254 2839 praecepit.
281 2785 403 2826 huius
430 2800 602 2826 uxorem
631 2787 672 2826 in
699 2788 997 2829 monasterium
1018 2787 1177 2826 Choras
1206 2799 1383 2839 pergere
1413 2785 1512 2839 (illic
