1794 3250
290 201 388 254 244
492 210 774 253 ANASTAsn
817 207 1077 253 nis‘romA
1115 206 1527 251 ucetsssmsrica

288 339 338 366 eo
377 325 492 380 quod
520 321 640 367 nemo
669 325 748 367 sibi
775 326 990 378 restiterit,
1021 340 1099 365 nec
1128 324 1326 365 mactatio
1359 323 1399 363 in
1428 322 1511 363 hoc
1544 328 1618 364 aut
1645 322 1750 362 ellu-

287 382 347 421 sio
380 381 605 423 Christiani
634 384 740 423 facta
767 383 895 423 fuerit
926 381 1147 437 sanguinis.

400 456 518 495 Anno
550 455 713 510 imperii
743 457 805 496 sui
833 451 888 496 34
916 454 1207 495 Constantinus
1236 451 1393 493 solvens
1416 451 1646 505 Vulgarum
1673 464 1752 505 pa-

289 525 378 550 cem
409 513 639 552 construxit
673 512 822 552 iterum
840 513 991 552 stolum
1011 511 1199 561 multum,
1232 516 1274 550 et
1311 508 1552 549 intromissis
1585 507 1626 547 in
1656 522 1752 547 eum

288 568 475 622 equitum
509 569 558 608 12
590 568 753 609 milibus
781 568 931 609 direxit
961 574 1177 622 praetores
1206 566 1390 606 classium
1421 578 1562 604 omnes
1592 564 1634 604 in
1667 563 1751 615 illo,

158 625 374 678 p.693ipse
406 639 506 664 vero
551 625 696 664 timens
735 624 882 664 mansit
920 639 1015 664 cum
1061 623 1240 678 equestri
1273 621 1428 661 militia.
1488 635 1583 660 cum
1614 627 1752 660 autem

288 696 414 735 usque
443 682 729 721 mesembriam
759 682 960 721 venissent
989 686 1030 721 et
1060 680 1167 720 hanc
1196 679 1363 719 fuissent
1394 677 1583 732 ingressi,
1605 677 1749 717 valen-

283 743 349 776 ter
384 738 579 791 aquilone
615 744 742 777 vento
786 737 973 791 spirante
1014 737 1153 775 omnia
1196 750 1302 789 pene
1343 734 1527 774 contrita
1567 740 1663 773 sunt
1705 739 1748 773 et

283 794 402 832 multi
430 793 660 847 perierunt,
686 799 726 833 et
755 793 890 845 rediit,
924 807 1016 832 cum
1034 793 1135 831 nihil
1154 791 1340 832 utilitatis
1361 790 1578 830 attulisset.
1608 803 1745 843 porro

280 849 493 903 Telerigus
524 849 712 889 dominus
746 848 969 904 Vulgariae
1010 855 1229 904 comperto
1276 846 1391 904 quod
1416 861 1495 901 per
1526 846 1749 886 familiares

280 919 373 944 suos
403 906 632 960 imperator
674 905 841 946 consilia
887 920 959 945 sua
1005 912 1302 959 cognosceret,
1344 903 1490 944 scribit
1529 903 1566 943 ei
1608 902 1746 942 dicens

281 963 454 1002 “vellem
486 962 666 1014 effugere
696 967 737 1002 et
768 961 910 1002 venire
942 961 993 1000 ad
1028 968 1084 1001 te.
1118 961 1354 1001 transmitte
1382 974 1481 1014 ergo
1511 958 1612 999 mihi
1643 973 1745 998 ver-

278 1018 379 1058 bum
408 1018 636 1058 securitatis
666 1033 780 1058 meae
798 1049 808 1068 ‚
837 1023 879 1057 et
913 1032 1016 1071 quos
1062 1017 1185 1057 habes
1214 1017 1281 1057 bic
1310 1016 1476 1068 amicos,
1506 1022 1554 1058 ut
1582 1015 1663 1055 hoc
1691 1015 1747 1055 eis

279 1074 446 1114 credam
476 1081 518 1114 et
558 1089 720 1114 mecum
750 1076 1015 1114 occurrant.'’
1090 1081 1132 1114 at
1162 1075 1231 1114 ille
1258 1074 1427 1114 levitate
1455 1085 1548 1113 usus
1581 1070 1748 1125 scripsit

278 1131 330 1171 ei.
393 1131 464 1185 qui
501 1145 594 1170 cum
642 1130 741 1171 haec
769 1129 1007 1181 didicisset,
1053 1144 1132 1183 per
1178 1129 1362 1170 medium
1409 1141 1550 1169 omnes
1581 1127 1746 1168 recidit.

277 1187 393 1242 quod
425 1185 592 1226 audiens
623 1187 913 1227 Constantinus
944 1186 1188 1241 aliquandiu
1216 1201 1339 1227 canos
1374 1199 1469 1226 suos
1501 1183 1663 1225 evulsit.

389 1272 508 1310 Anno
543 1270 707 1324 imperii
751 1270 812 1310 sui
845 1269 899 1309 35
931 1271 1188 1325 imperator,
1235 1285 1372 1311 mense
1403 1270 1589 1324 Augusto
1634 1267 1747 1308 deci-

273 1340 365 1366 mae
393 1328 543 1367 tertiae
575 1326 830 1374 indictionis,
867 1326 993 1368 exivit
1023 1335 1174 1368 contra
1203 1327 1416 1381 vulgares.
1476 1325 1548 1381 qui
1583 1323 1745 1365 atroci-

273 1388 340 1422 ter
369 1383 410 1422 in
451 1383 645 1423 cruribus
691 1383 888 1423 divinitus
933 1391 994 1424 est
1032 1398 1246 1438 percussus
1286 1384 1408 1438 plaga
1456 1396 1563 1437 quae
1594 1395 1744 1436 graece

275 1439 447 1478 anthrax
477 1440 724 1493 appellatur,
753 1447 794 1479 et
822 1439 920 1479 hinc
948 1441 1067 1481 febre
1093 1439 1336 1480 validissima
1366 1447 1407 1480 et
1435 1437 1602 1478 medicis
1636 1450 1745 1492 pro-

273 1502 371 1549 pter
403 1495 573 1534 nimium
604 1495 840 1535 incendium
873 1496 1015 1550 ignota
1046 1497 1234 1537 detentus
1259 1495 1573 1551 Arcadiopolim
1605 1493 1744 1544 rediit,

275 1567 297 1590 a
328 1552 519 1591 subiectis
558 1566 683 1605 super
725 1551 920 1592 humeros
965 1553 1006 1592 in
1037 1555 1144 1594 lecto
1190 1553 1370 1603 delatus,
1400 1559 1441 1593 et
1471 1551 1638 1591 veniens
1666 1550 1745 1590 Se-

275 1607 495 1662 lymbriam
528 1608 664 1647 navim
715 1608 916 1661 ingressus
945 1616 1017 1648 est.
1091 1624 1271 1664 cumque
1303 1609 1354 1648 ad
1384 1608 1614 1648 rotundum
1641 1620 1744 1661 per-

277 1664 451 1703 venisset
481 1665 706 1714 castellum,
734 1663 1025 1704 miserabiliter
1046 1666 1087 1704 in
1107 1665 1325 1705 chelandio
1349 1666 1544 1715 moritur,
1563 1664 1743 1703 clamans

146 1726 318 1775 p.694et
355 1719 492 1760 dicens
539 1721 705 1760 “vivens
756 1720 891 1759 adhuc
931 1721 1014 1774 igni
1054 1736 1142 1761 sum
1184 1721 1487 1774 inextinguibili
1527 1720 1743 1768 traditus,'’

141 2637 147 2668 «T

275 1782 543 1830 sanctamque
572 1776 776 1829 virginem
806 1783 847 1815 et
888 1777 952 1816 dei
985 1778 1229 1832 genitricem
1275 1778 1434 1817 laudari
1468 1775 1744 1830 expostulans,

276 1844 372 1872 cum
398 1832 485 1872 sine
515 1831 684 1872 foedere
716 1831 840 1885 ipsius
859 1833 984 1873 fuerit
1015 1834 1217 1873 inimicus.
1276 1833 1467 1887 regnavit.
1495 1839 1634 1872 antem
1662 1832 1743 1870 im-

275 1893 452 1942 perator
482 1894 577 1942 post
605 1888 735 1942 patris
778 1888 839 1928 sui
867 1897 1047 1928 mortem
1090 1891 1204 1929 annis
1233 1889 1313 1940 34,
1343 1889 1548 1929 mensibus
1580 1889 1618 1938 2,
1651 1887 1743 1928 die-

274 1944 349 1984 bus
385 1943 454 1990 26,
488 1950 530 1984 ct
561 1944 618 1983 ita
648 1946 774 1983 vitam
804 1943 987 1985 dissolvit
1029 1945 1295 2000 sanguinibus
1325 1945 1463 1985 multis
1494 1945 1668 1985 infectus
1699 1950 1742 1984 et.

276 1999 526 2040 daemonum
556 2000 889 2041 invocationibus
907 2016 954 2040 ac
982 2002 1205 2053 sacrificiis,
1235 2001 1595 2055 persecutionibus
1630 2015 1742 2054 quo-

277 2071 359 2111 que
389 2062 626 2096 sanctarum
670 2056 934 2096 ecclesiarum
975 2064 1196 2112 rectaeque
1234 2072 1282 2097 ac
1319 2057 1606 2097 immaculatae
1632 2055 1742 2108 fidei,

274 2126 353 2153 nec
396 2126 479 2151 non
521 2117 562 2152 et
605 2111 910 2153 monachorum
952 2114 1314 2168 peremptionibus
1360 2121 1402 2154 et
1447 2113 1742 2154 violationibus

273 2167 656 2217 monasteriorum,
700 2168 901 2223 malisque
941 2170 1065 2209 variis
1102 2185 1442 2224 supercrescens,
1484 2183 1568 2209 non
1608 2169 1742 2209 minus

276 2239 402 2279 quam
422 2224 704 2264 Diocletianus
733 2231 775 2265 et
804 2225 962 2280 antiqui
994 2228 1178 2281 tyranni.
1201 2233 1421 2280 praeterea
1453 2226 1602 2266 eodem
1630 2239 1740 2264 anno

274 2287 317 2321 et
347 2281 494 2321 eodem
523 2295 661 2321 mense
686 2281 868 2320 moritur
898 2287 938 2321 et
957 2282 1130 2322 Abdelas
1150 2283 1332 2322 Arabum
1356 2283 1449 2323 dux.
1507 2296 1602 2321 cum
1635 2280 1744 2321 enim

272 2336 316 2376 hi
347 2337 469 2376 ambo
500 2337 613 2377 velut
642 2337 869 2377 acerrimae
895 2338 1049 2378 bestiae
1080 2338 1285 2378 diuturnis
1317 2338 1576 2393 temporibus
1610 2352 1658 2377 ac
1686 2336 1743 2376 si-

272 2392 429 2433 militer
461 2393 688 2433 humanum
719 2407 844 2447 genus
875 2393 1030 2448 depasti
1060 2402 1170 2444 sunt,
1197 2395 1356 2435 mortui
1383 2401 1480 2434 sunt
1507 2393 1740 2447 providen-

272 2449 331 2489 tia
366 2449 445 2490 dei.
517 2456 559 2489 et
589 2449 781 2489 obtinent
823 2449 1106 2503 principatum
1139 2453 1224 2491 Leo
1257 2459 1297 2492 et
1328 2452 1442 2492 Madi
1471 2450 1545 2490 filii
1573 2464 1737 2491 eorum.

270 2519 406 2559 porro
447 2505 595 2546 eodem
639 2520 747 2544 anno
786 2506 1165 2558 Longobardorum
1205 2523 1275 2548 rex
1306 2508 1359 2548 ad
1388 2507 1545 2563 regiam
1574 2506 1740 2547 veniens

270 2560 422 2603 urbem
451 2561 699 2615 imperatori
729 2575 770 2601 se
799 2562 999 2616 profugus
1030 2564 1218 2603 contulit.

381 2634 526 2674 Mundi
558 2632 680 2685 6668,
703 2634 865 2675 divinae
895 2635 1192 2676 incarnationis
1229 2651 1338 2676 anno
1367 2635 1467 2686 768,
1493 2649 1601 2675 anno
1634 2649 1735 2674 vero

271 2687 437 2742 imperii
477 2691 626 2730 Leonis
666 2690 830 2744 primo,
874 2690 983 2730 Maeli
1029 2692 1109 2731 dux
1151 2692 1334 2737 habetur
1373 2693 1582 2742 Arabum,
1607 2691 1679 2746 qui
1707 2689 1738 2731 9

141 2750 259 2799 p.695
272 2744 333 2784 his
359 2747 543 2798 praefuit
571 2747 700 2788 annis.
773 2747 858 2787 Leo
905 2761 1005 2787 vero
1048 2748 1282 2802 imperator
1319 2749 1461 2802 coepit
1491 2747 1664 2802 expandi
1693 2747 1736 2786 in

271 2801 479 2855 pecunias,
510 2817 616 2857 quae
644 2802 722 2844 sibi
753 2803 921 2843 fuerant
950 2819 972 2843 a
993 2810 1116 2858 patre
1146 2805 1344 2860 dimissae,
1375 2805 1619 2859 placuitque
1649 2810 1734 2844 tam
