<?xml version="1.0" encoding="UTF-8"?>
<!DOCTYPE html PUBLIC "-//W3C//DTD XHTML 1.0 Transitional//EN"
    "http://www.w3.org/TR/xhtml1/DTD/xhtml1-transitional.dtd">
<html xmlns="http://www.w3.org/1999/xhtml" xml:lang="en" lang="en">
 <head>
  <title>
</title>
<meta http-equiv="Content-Type" content="text/html;charset=utf-8" />
  <meta name='ocr-system' content='tesseract 3.04.00' />
  <meta name='ocr-capabilities' content='ocr_page ocr_carea ocr_par ocr_line ocrx_word'/>
</head>
<body>
  <div class='ocr_page' id='page_1' title='image "./corpusscriptorum47niebuoft_0244.png"; bbox 0 0 1728 3242; ppageno 0'>
   <div class='ocr_carea' id='block_1_1' title="bbox 205 185 1444 237">
    <p class='ocr_par' dir='ltr' id='par_1_1' title="bbox 205 185 1444 237">
     <span class='ocr_line' id='line_1_1' title="bbox 205 185 1444 237; baseline -0.002 -1"><span class='ocrx_word' id='word_1_1' title='bbox 205 185 302 236; x_wconf 72' lang='lat'>‘234</span> <span class='ocrx_word' id='word_1_2' title='bbox 344 220 348 223; x_wconf 56' lang='grc'><strong>»</strong></span> <span class='ocrx_word' id='word_1_3' title='bbox 407 195 688 237; x_wconf 73' lang='lat' dir='ltr'>ANAS&#39;rAsu</span> <span class='ocrx_word' id='word_1_4' title='bbox 730 194 992 236; x_wconf 73' lang='lat' dir='ltr'>HISTORIA</span> <span class='ocrx_word' id='word_1_5' title='bbox 1032 191 1444 235; x_wconf 67' lang='lat' dir='ltr'>Encmsms&#39;nm</span> 
     </span>
    </p>
   </div>
   <div class='ocr_carea' id='block_1_2' title="bbox 63 305 1668 2847">
    <p class='ocr_par' dir='ltr' id='par_1_2' title="bbox 195 305 1668 1150">
     <span class='ocr_line' id='line_1_2' title="bbox 206 305 1668 364; baseline 0.001 -17"><span class='ocrx_word' id='word_1_6' title='bbox 206 315 315 359; x_wconf 85' lang='lat' dir='ltr'>tum,</span> <span class='ocrx_word' id='word_1_7' title='bbox 348 322 478 363; x_wconf 87' lang='lat' dir='ltr'>super</span> <span class='ocrx_word' id='word_1_8' title='bbox 506 309 606 350; x_wconf 90' lang='lat' dir='ltr'>alios</span> <span class='ocrx_word' id='word_1_9' title='bbox 645 309 792 364; x_wconf 80' lang='lat' dir='ltr'>viginti</span> <span class='ocrx_word' id='word_1_10' title='bbox 832 308 994 349; x_wconf 88' lang='lat' dir='ltr'>cubitos</span> <span class='ocrx_word' id='word_1_11' title='bbox 1023 307 1185 358; x_wconf 82' lang='lat' dir='ltr'>crevit,</span> <span class='ocrx_word' id='word_1_12' title='bbox 1219 305 1276 345; x_wconf 83' lang='lat' dir='ltr'>ita</span> <span class='ocrx_word' id='word_1_13' title='bbox 1303 310 1351 344; x_wconf 87' lang='lat' dir='ltr'>ut</span> <span class='ocrx_word' id='word_1_14' title='bbox 1382 320 1496 348; x_wconf 84' lang='lat' dir='ltr'>mare</span> <span class='ocrx_word' id='word_1_15' title='bbox 1525 305 1668 348; x_wconf 84' lang='lat' dir='ltr'>aridae</span> 
     </span>
     <span class='ocr_line' id='line_1_3' title="bbox 204 361 1664 420; baseline -0.001 -16"><span class='ocrx_word' id='word_1_16' title='bbox 204 365 564 417; x_wconf 81' lang='lat' dir='ltr'><strong>conformaretur,</strong></span> <span class='ocrx_word' id='word_1_17' title='bbox 604 371 646 407; x_wconf 88' lang='lat' dir='ltr'>et</span> <span class='ocrx_word' id='word_1_18' title='bbox 675 365 850 420; x_wconf 87' lang='lat' dir='ltr'>pedibus</span> <span class='ocrx_word' id='word_1_19' title='bbox 882 365 1114 407; x_wconf 82' lang='lat' dir='ltr'>calcaretur</span> <span class='ocrx_word' id='word_1_20' title='bbox 1143 362 1184 402; x_wconf 90' lang='lat' dir='ltr'>in</span> <span class='ocrx_word' id='word_1_21' title='bbox 1218 361 1438 415; x_wconf 82' lang='lat' dir='ltr'>superficie</span> <span class='ocrx_word' id='word_1_22' title='bbox 1467 361 1610 417; x_wconf 80' lang='lat' dir='ltr'>glaciei</span> <span class='ocrx_word' id='word_1_23' title='bbox 1641 379 1664 402; x_wconf 86' lang='lat' dir='ltr'>a</span> 
     </span>
     <span class='ocr_line' id='line_1_4' title="bbox 203 417 1664 477; baseline 0 -18"><span class='ocrx_word' id='word_1_24' title='bbox 203 421 401 461; x_wconf 85' lang='lat' dir='ltr'>Chazaria</span> <span class='ocrx_word' id='word_1_25' title='bbox 441 427 484 462; x_wconf 90' lang='lat' dir='ltr'>et</span> <span class='ocrx_word' id='word_1_26' title='bbox 512 421 729 476; x_wconf 83' lang='lat' dir='ltr'>Vulgaria,</span> <span class='ocrx_word' id='word_1_27' title='bbox 778 422 878 477; x_wconf 89' lang='lat' dir='ltr'>quin</span> <span class='ocrx_word' id='word_1_28' title='bbox 909 428 950 462; x_wconf 87' lang='lat' dir='ltr'>et</span> <span class='ocrx_word' id='word_1_29' title='bbox 979 419 1145 474; x_wconf 86' lang='lat' dir='ltr'>reliquis</span> <span class='ocrx_word' id='word_1_30' title='bbox 1176 417 1464 458; x_wconf 79' lang='lat' dir='ltr'>adiacentibus·</span> <span class='ocrx_word' id='word_1_31' title='bbox 1485 419 1664 459; x_wconf 86' lang='lat' dir='ltr'>nationi-</span> 
     </span>
     <span class='ocr_line' id='line_1_5' title="bbox 202 474 1664 533; baseline 0 -17"><span class='ocrx_word' id='word_1_32' title='bbox 202 477 290 530; x_wconf 81' lang='lat' dir='ltr'>bus,</span> <span class='ocrx_word' id='word_1_33' title='bbox 322 482 408 517; x_wconf 88' lang='lat' dir='ltr'>tam</span> <span class='ocrx_word' id='word_1_34' title='bbox 437 478 488 519; x_wconf 88' lang='lat' dir='ltr'>ab</span> <span class='ocrx_word' id='word_1_35' title='bbox 517 477 752 518; x_wconf 90' lang='lat' dir='ltr'>hominibus</span> <span class='ocrx_word' id='word_1_36' title='bbox 794 492 919 533; x_wconf 88' lang='lat' dir='ltr'>quam</span> <span class='ocrx_word' id='word_1_37' title='bbox 951 477 1002 516; x_wconf 84' lang='lat' dir='ltr'>ab</span> <span class='ocrx_word' id='word_1_38' title='bbox 1051 474 1278 530; x_wconf 80' lang='lat' dir='ltr'><strong>agrestibus</strong></span> <span class='ocrx_word' id='word_1_39' title='bbox 1306 480 1348 515; x_wconf 91' lang='lat' dir='ltr'>et</span> <span class='ocrx_word' id='word_1_40' title='bbox 1376 476 1664 516; x_wconf 77' lang='lat' dir='ltr'>mansuefactis</span> 
     </span>
     <span class='ocr_line' id='line_1_6' title="bbox 202 531 1664 585; baseline 0.001 -14"><span class='ocrx_word' id='word_1_41' title='bbox 202 533 490 574; x_wconf 79' lang='lat' dir='ltr'>animantibus.</span> <span class='ocrx_word' id='word_1_42' title='bbox 518 533 750 575; x_wconf 83' lang='lat' dir='ltr'>Februario</span> <span class='ocrx_word' id='word_1_43' title='bbox 779 547 881 573; x_wconf 88' lang='lat' dir='ltr'>vero</span> <span class='ocrx_word' id='word_1_44' title='bbox 901 545 1036 574; x_wconf 87' lang='lat' dir='ltr'>mense</span> <span class='ocrx_word' id='word_1_45' title='bbox 1057 531 1181 585; x_wconf 87' lang='lat' dir='ltr'>ipsius</span> <span class='ocrx_word' id='word_1_46' title='bbox 1199 531 1405 571; x_wconf 82' lang='lat' dir='ltr'>secundae</span> <span class='ocrx_word' id='word_1_47' title='bbox 1424 531 1664 572; x_wconf 81' lang='lat' dir='ltr'>indictionis</span> 
     </span>
     <span class='ocr_line' id='line_1_7' title="bbox 201 586 1662 645; baseline 0 -17"><span class='ocrx_word' id='word_1_48' title='bbox 201 588 484 631; x_wconf 86' lang='lat' dir='ltr'>huiuscemodi</span> <span class='ocrx_word' id='word_1_49' title='bbox 512 590 606 644; x_wconf 82' lang='lat' dir='ltr'>gelu</span> <span class='ocrx_word' id='word_1_50' title='bbox 649 604 727 645; x_wconf 85' lang='lat' dir='ltr'>per</span> <span class='ocrx_word' id='word_1_51' title='bbox 755 589 952 630; x_wconf 87' lang='lat' dir='ltr'>visionem</span> <span class='ocrx_word' id='word_1_52' title='bbox 992 587 1057 627; x_wconf 89' lang='lat' dir='ltr'>dei</span> <span class='ocrx_word' id='word_1_53' title='bbox 1085 588 1126 626; x_wconf 89' lang='lat' dir='ltr'>in</span> <span class='ocrx_word' id='word_1_54' title='bbox 1156 587 1305 628; x_wconf 87' lang='lat' dir='ltr'>multas</span> <span class='ocrx_word' id='word_1_55' title='bbox 1335 601 1383 627; x_wconf 88' lang='lat' dir='ltr'>ac</span> <span class='ocrx_word' id='word_1_56' title='bbox 1412 586 1589 628; x_wconf 87' lang='lat' dir='ltr'>diversas</span> <span class='ocrx_word' id='word_1_57' title='bbox 1620 589 1662 628; x_wconf 89' lang='lat' dir='ltr'>in</span> 
     </span>
     <span class='ocr_line' id='line_1_8' title="bbox 198 641 1663 699; baseline -0.002 -15"><span class='ocrx_word' id='word_1_58' title='bbox 198 646 375 699; x_wconf 79' lang='lat' dir='ltr'>speciem</span> <span class='ocrx_word' id='word_1_59' title='bbox 408 647 611 686; x_wconf 87' lang='lat' dir='ltr'>montium</span> <span class='ocrx_word' id='word_1_60' title='bbox 655 647 779 686; x_wconf 85' lang='lat' dir='ltr'>factas</span> <span class='ocrx_word' id='word_1_61' title='bbox 817 643 1071 685; x_wconf 86' lang='lat' dir='ltr'>concisiones</span> <span class='ocrx_word' id='word_1_62' title='bbox 1108 641 1261 694; x_wconf 86' lang='lat' dir='ltr'>diviso,</span> <span class='ocrx_word' id='word_1_63' title='bbox 1292 658 1396 698; x_wconf 83' lang='lat' dir='ltr'>prae</span> <span class='ocrx_word' id='word_1_64' title='bbox 1427 644 1468 683; x_wconf 88' lang='lat' dir='ltr'>vi</span> <span class='ocrx_word' id='word_1_65' title='bbox 1508 651 1663 685; x_wconf 80' lang='lat' dir='ltr'>vento..</span> 
     </span>
     <span class='ocr_line' id='line_1_9' title="bbox 199 699 1662 757; baseline 0 -17"><span class='ocrx_word' id='word_1_66' title='bbox 199 717 293 741; x_wconf 89' lang='lat' dir='ltr'>rum</span> <span class='ocrx_word' id='word_1_67' title='bbox 324 703 365 741; x_wconf 92' lang='lat' dir='ltr'>in</span> <span class='ocrx_word' id='word_1_68' title='bbox 394 703 678 757; x_wconf 87' lang='lat' dir='ltr'>Daphnusiam</span> <span class='ocrx_word' id='word_1_69' title='bbox 719 709 760 742; x_wconf 88' lang='lat' dir='ltr'>et</span> <span class='ocrx_word' id='word_1_70' title='bbox 789 701 946 742; x_wconf 88' lang='lat' dir='ltr'>Hieron</span> <span class='ocrx_word' id='word_1_71' title='bbox 981 699 1287 747; x_wconf 81' lang='lat' dir='ltr'>descendentes,</span> <span class='ocrx_word' id='word_1_72' title='bbox 1315 699 1456 740; x_wconf 88' lang='lat' dir='ltr'>taliter</span> <span class='ocrx_word' id='word_1_73' title='bbox 1484 714 1564 754; x_wconf 90' lang='lat' dir='ltr'>per</span> <span class='ocrx_word' id='word_1_74' title='bbox 1584 715 1662 740; x_wconf 89' lang='lat' dir='ltr'>an-</span> 
     </span>
     <span class='ocr_line' id='line_1_10' title="bbox 197 755 1662 812; baseline -0.003 -15"><span class='ocrx_word' id='word_1_75' title='bbox 197 764 361 812; x_wconf 84' lang='lat' dir='ltr'>gustum</span> <span class='ocrx_word' id='word_1_76' title='bbox 391 765 595 799; x_wconf 87' lang='lat' dir='ltr'>venerunt</span> <span class='ocrx_word' id='word_1_77' title='bbox 625 759 676 798; x_wconf 86' lang='lat' dir='ltr'>ad</span> <span class='ocrx_word' id='word_1_78' title='bbox 708 758 854 798; x_wconf 91' lang='lat' dir='ltr'>urbem</span> <span class='ocrx_word' id='word_1_79' title='bbox 884 763 927 797; x_wconf 90' lang='lat' dir='ltr'>et</span> <span class='ocrx_word' id='word_1_80' title='bbox 948 771 1078 811; x_wconf 87' lang='lat' dir='ltr'>usque</span> <span class='ocrx_word' id='word_1_81' title='bbox 1108 755 1160 795; x_wconf 83' lang='lat' dir='ltr'>ad</span> <span class='ocrx_word' id='word_1_82' title='bbox 1189 755 1494 810; x_wconf 84' lang='lat' dir='ltr'>Propontidem</span> <span class='ocrx_word' id='word_1_83' title='bbox 1526 762 1568 797; x_wconf 92' lang='lat' dir='ltr'>et</span> <span class='ocrx_word' id='word_1_84' title='bbox 1598 758 1662 796; x_wconf 88' lang='lat' dir='ltr'>in-</span> 
     </span>
     <span class='ocr_line' id='line_1_11' title="bbox 195 812 1659 870; baseline 0 -16"><span class='ocrx_word' id='word_1_85' title='bbox 195 815 300 854; x_wconf 84' lang='lat' dir='ltr'>sulas</span> <span class='ocrx_word' id='word_1_86' title='bbox 331 821 373 854; x_wconf 89' lang='lat' dir='ltr'>et</span> <span class='ocrx_word' id='word_1_87' title='bbox 404 814 604 870; x_wconf 84' lang='lat' dir='ltr'>Abydum,</span> <span class='ocrx_word' id='word_1_88' title='bbox 634 828 774 855; x_wconf 89' lang='lat' dir='ltr'>omnes</span> <span class='ocrx_word' id='word_1_89' title='bbox 805 812 1035 853; x_wconf 85' lang='lat' dir='ltr'>maritimos</span> <span class='ocrx_word' id='word_1_90' title='bbox 1066 818 1185 853; x_wconf 88' lang='lat' dir='ltr'>toros</span> <span class='ocrx_word' id='word_1_91' title='bbox 1215 827 1263 853; x_wconf 86' lang='lat' dir='ltr'>ae</span> <span class='ocrx_word' id='word_1_92' title='bbox 1289 812 1398 866; x_wconf 86' lang='lat' dir='ltr'>ripas</span> <span class='ocrx_word' id='word_1_93' title='bbox 1428 814 1659 867; x_wconf 89' lang='lat' dir='ltr'>replentes;</span> 
     </span>
     <span class='ocr_line' id='line_1_12' title="bbox 197 868 1662 925; baseline 0.001 -16"><span class='ocrx_word' id='word_1_94' title='bbox 197 885 374 925; x_wconf 88' lang='lat' dir='ltr'>quarum</span> <span class='ocrx_word' id='word_1_95' title='bbox 400 870 590 912; x_wconf 90' lang='lat' dir='ltr'>videlicet</span> <span class='ocrx_word' id='word_1_96' title='bbox 630 870 914 911; x_wconf 88' lang='lat' dir='ltr'>concisionum</span> <span class='ocrx_word' id='word_1_97' title='bbox 954 868 1212 922; x_wconf 81' lang='lat' dir='ltr'>inspectores</span> <span class='ocrx_word' id='word_1_98' title='bbox 1241 875 1282 909; x_wconf 90' lang='lat' dir='ltr'>et</span> <span class='ocrx_word' id='word_1_99' title='bbox 1309 883 1384 909; x_wconf 90' lang='lat' dir='ltr'>nos</span> <span class='ocrx_word' id='word_1_100' title='bbox 1414 869 1488 925; x_wconf 86' lang='lat' dir='ltr'>ipsi</span> <span class='ocrx_word' id='word_1_101' title='bbox 1518 870 1662 910; x_wconf 86' lang='lat' dir='ltr'>extiti-</span> 
     </span>
     <span class='ocr_line' id='line_1_13' title="bbox 196 926 1661 980; baseline -0.001 -15"><span class='ocrx_word' id='word_1_102' title='bbox 196 940 299 975; x_wconf 88' lang='lat' dir='ltr'>mus,</span> <span class='ocrx_word' id='word_1_103' title='bbox 333 926 620 967; x_wconf 85' lang='lat' dir='ltr'>descendentes</span> <span class='ocrx_word' id='word_1_104' title='bbox 659 940 786 979; x_wconf 89' lang='lat' dir='ltr'>super</span> <span class='ocrx_word' id='word_1_105' title='bbox 821 940 946 965; x_wconf 88' lang='lat' dir='ltr'>unam</span> <span class='ocrx_word' id='word_1_106' title='bbox 983 939 1128 965; x_wconf 86' lang='lat' dir='ltr'>earum</span> <span class='ocrx_word' id='word_1_107' title='bbox 1167 939 1263 965; x_wconf 90' lang='lat' dir='ltr'>cum</span> <span class='ocrx_word' id='word_1_108' title='bbox 1301 926 1550 980; x_wconf 84' lang='lat' dir='ltr'>quibusdam</span> <span class='ocrx_word' id='word_1_109' title='bbox 1577 926 1661 966; x_wconf 89' lang='lat' dir='ltr'>tri..</span> 
     </span>
     <span class='ocr_line' id='line_1_14' title="bbox 196 981 1661 1035; baseline 0.001 -14"><span class='ocrx_word' id='word_1_110' title='bbox 196 983 309 1035; x_wconf 78' lang='lat' dir='ltr'>ginta</span> <span class='ocrx_word' id='word_1_111' title='bbox 352 983 583 1023; x_wconf 85' lang='lat' dir='ltr'>coaetaneis</span> <span class='ocrx_word' id='word_1_112' title='bbox 624 983 798 1031; x_wconf 89' lang='lat' dir='ltr'>nostris,</span> <span class='ocrx_word' id='word_1_113' title='bbox 837 987 879 1022; x_wconf 85' lang='lat' dir='ltr'>et</span> <span class='ocrx_word' id='word_1_114' title='bbox 920 995 1048 1035; x_wconf 87' lang='lat' dir='ltr'>super</span> <span class='ocrx_word' id='word_1_115' title='bbox 1094 981 1205 1021; x_wconf 87' lang='lat' dir='ltr'>illam</span> <span class='ocrx_word' id='word_1_116' title='bbox 1236 982 1432 1023; x_wconf 84' lang='lat' dir='ltr'>iocantes.</span> <span class='ocrx_word' id='word_1_117' title='bbox 1480 982 1661 1024; x_wconf 81' lang='lat' dir='ltr'>habebat</span> 
     </span>
     <span class='ocr_line' id='line_1_15' title="bbox 195 1038 1659 1092; baseline 0.002 -15"><span class='ocrx_word' id='word_1_118' title='bbox 195 1044 332 1079; x_wconf 85' lang='lat' dir='ltr'>autem</span> <span class='ocrx_word' id='word_1_119' title='bbox 372 1045 413 1079; x_wconf 88' lang='lat' dir='ltr'>et</span> <span class='ocrx_word' id='word_1_120' title='bbox 450 1038 640 1078; x_wconf 87' lang='lat' dir='ltr'>animalia</span> <span class='ocrx_word' id='word_1_121' title='bbox 682 1038 927 1092; x_wconf 81' lang='lat' dir='ltr'>campestria</span> <span class='ocrx_word' id='word_1_122' title='bbox 968 1044 1011 1078; x_wconf 91' lang='lat' dir='ltr'>et</span> <span class='ocrx_word' id='word_1_123' title='bbox 1052 1044 1266 1079; x_wconf 75' lang='lat' dir='ltr'>mansueta</span> <span class='ocrx_word' id='word_1_124' title='bbox 1304 1045 1497 1079; x_wconf 81' lang='lat' dir='ltr'>mortua:</span> <span class='ocrx_word' id='word_1_125' title='bbox 1528 1039 1659 1080; x_wconf 89' lang='lat' dir='ltr'>omnis</span> 
     </span>
     <span class='ocr_line' id='line_1_16' title="bbox 196 1093 1659 1150; baseline 0.001 -16"><span class='ocrx_word' id='word_1_126' title='bbox 196 1095 321 1144; x_wconf 79' lang='lat' dir='ltr'>enim,</span> <span class='ocrx_word' id='word_1_127' title='bbox 355 1095 593 1149; x_wconf 88' lang='lat' dir='ltr'>quicunque</span> <span class='ocrx_word' id='word_1_128' title='bbox 631 1094 776 1145; x_wconf 89' lang='lat' dir='ltr'>vellet,</span> <span class='ocrx_word' id='word_1_129' title='bbox 807 1108 831 1134; x_wconf 88' lang='lat' dir='ltr'>a</span> <span class='ocrx_word' id='word_1_130' title='bbox 876 1093 1099 1147; x_wconf 87' lang='lat' dir='ltr'>Sophianis</span> <span class='ocrx_word' id='word_1_131' title='bbox 1145 1108 1276 1150; x_wconf 88' lang='lat' dir='ltr'>usque</span> <span class='ocrx_word' id='word_1_132' title='bbox 1308 1095 1359 1135; x_wconf 87' lang='lat' dir='ltr'>ad</span> <span class='ocrx_word' id='word_1_133' title='bbox 1389 1095 1537 1135; x_wconf 89' lang='lat' dir='ltr'>urbem</span> <span class='ocrx_word' id='word_1_134' title='bbox 1567 1102 1609 1136; x_wconf 90' lang='lat' dir='ltr'>et</span> <span class='ocrx_word' id='word_1_135' title='bbox 1635 1110 1659 1136; x_wconf 89' lang='lat' dir='ltr'>a</span> 
     </span>
    </p>

    <p class='ocr_par' dir='ltr' id='par_1_3' title="bbox 66 1149 1661 2222">
     <span class='ocr_line' id='line_1_17' title="bbox 66 1149 1659 1206; baseline 0.001 -16"><span class='ocrx_word' id='word_1_136' title='bbox 66 1161 100 1196; x_wconf 76' lang='grc' dir='ltr'>Ρ·</span> <span class='ocrx_word' id='word_1_137' title='bbox 115 1149 181 1187; x_wconf 86' lang='grc'>671</span> <span class='ocrx_word' id='word_1_138' title='bbox 197 1150 443 1206; x_wconf 90' lang='lat' dir='ltr'>Chrysopoli</span> <span class='ocrx_word' id='word_1_139' title='bbox 472 1165 601 1205; x_wconf 88' lang='lat' dir='ltr'>usque</span> <span class='ocrx_word' id='word_1_140' title='bbox 633 1150 685 1190; x_wconf 89' lang='lat' dir='ltr'>ad</span> <span class='ocrx_word' id='word_1_141' title='bbox 714 1151 757 1190; x_wconf 87' lang='lat' dir='ltr'>S.</span> <span class='ocrx_word' id='word_1_142' title='bbox 777 1152 954 1190; x_wconf 86' lang='lat' dir='ltr'>Mamam</span> <span class='ocrx_word' id='word_1_143' title='bbox 985 1157 1026 1191; x_wconf 92' lang='lat' dir='ltr'>et</span> <span class='ocrx_word' id='word_1_144' title='bbox 1057 1150 1109 1191; x_wconf 88' lang='lat' dir='ltr'>ad</span> <span class='ocrx_word' id='word_1_145' title='bbox 1141 1165 1187 1190; x_wconf 86' lang='lat' dir='ltr'>ea</span> <span class='ocrx_word' id='word_1_146' title='bbox 1215 1165 1323 1206; x_wconf 87' lang='lat' dir='ltr'>quae</span> <span class='ocrx_word' id='word_1_147' title='bbox 1350 1149 1549 1192; x_wconf 90' lang='lat' dir='ltr'>dicuntur</span> <span class='ocrx_word' id='word_1_148' title='bbox 1575 1153 1659 1192; x_wconf 85' lang='lat' dir='ltr'>Ga-</span> 
     </span>
     <span class='ocr_line' id='line_1_18' title="bbox 195 1206 1659 1264; baseline 0.002 -18"><span class='ocrx_word' id='word_1_149' title='bbox 195 1206 267 1246; x_wconf 88' lang='lat' dir='ltr'>lati</span> <span class='ocrx_word' id='word_1_150' title='bbox 296 1221 372 1260; x_wconf 84' lang='lat' dir='ltr'>pcr</span> <span class='ocrx_word' id='word_1_151' title='bbox 403 1206 560 1247; x_wconf 88' lang='lat' dir='ltr'>aridam</span> <span class='ocrx_word' id='word_1_152' title='bbox 588 1207 674 1247; x_wconf 87' lang='lat' dir='ltr'>sine</span> <span class='ocrx_word' id='word_1_153' title='bbox 702 1207 991 1261; x_wconf 87' lang='lat' dir='ltr'>prohibitione</span> <span class='ocrx_word' id='word_1_154' title='bbox 1021 1208 1238 1262; x_wconf 78' lang='lat' dir='ltr'>pergebat.</span> <span class='ocrx_word' id='word_1_155' title='bbox 1306 1214 1349 1248; x_wconf 91' lang='lat' dir='ltr'>et</span> <span class='ocrx_word' id='word_1_156' title='bbox 1379 1223 1460 1248; x_wconf 91' lang='lat' dir='ltr'>una</span> <span class='ocrx_word' id='word_1_157' title='bbox 1491 1207 1659 1264; x_wconf 85' lang='lat' dir='ltr'>quidem</span> 
     </span>
     <span class='ocr_line' id='line_1_19' title="bbox 195 1263 1658 1318; baseline 0.001 -14"><span class='ocrx_word' id='word_1_158' title='bbox 195 1278 240 1304; x_wconf 88' lang='lat' dir='ltr'>cx</span> <span class='ocrx_word' id='word_1_159' title='bbox 275 1263 329 1303; x_wconf 87' lang='lat' dir='ltr'>eis</span> <span class='ocrx_word' id='word_1_160' title='bbox 371 1263 422 1303; x_wconf 85' lang='lat' dir='ltr'>ad</span> <span class='ocrx_word' id='word_1_161' title='bbox 450 1263 706 1318; x_wconf 91' lang='lat' dir='ltr'>Acropoleos</span> <span class='ocrx_word' id='word_1_162' title='bbox 746 1265 899 1304; x_wconf 88' lang='lat' dir='ltr'>scalam</span> <span class='ocrx_word' id='word_1_163' title='bbox 951 1263 1122 1318; x_wconf 87' lang='lat' dir='ltr'>dirupta</span> <span class='ocrx_word' id='word_1_164' title='bbox 1171 1264 1375 1304; x_wconf 86' lang='lat' dir='ltr'>contrivit</span> <span class='ocrx_word' id='word_1_165' title='bbox 1414 1279 1531 1305; x_wconf 85' lang='lat' dir='ltr'>eam:</span> <span class='ocrx_word' id='word_1_166' title='bbox 1579 1266 1658 1306; x_wconf 83' lang='lat' dir='ltr'>alia</span> 
     </span>
     <span class='ocr_line' id='line_1_20' title="bbox 193 1318 1658 1377; baseline 0.003 -19"><span class='ocrx_word' id='word_1_167' title='bbox 193 1333 294 1359; x_wconf 86' lang='lat' dir='ltr'>vero</span> <span class='ocrx_word' id='word_1_168' title='bbox 325 1319 498 1374; x_wconf 81' lang='lat' dir='ltr'>ingentis</span> <span class='ocrx_word' id='word_1_169' title='bbox 536 1320 655 1360; x_wconf 87' lang='lat' dir='ltr'>molis</span> <span class='ocrx_word' id='word_1_170' title='bbox 691 1318 742 1359; x_wconf 89' lang='lat' dir='ltr'>ad</span> <span class='ocrx_word' id='word_1_171' title='bbox 784 1336 951 1361; x_wconf 90' lang='lat' dir='ltr'>murum</span> <span class='ocrx_word' id='word_1_172' title='bbox 981 1321 1120 1360; x_wconf 88' lang='lat' dir='ltr'>collisa</span> <span class='ocrx_word' id='word_1_173' title='bbox 1148 1319 1263 1361; x_wconf 90' lang='lat' dir='ltr'>hunc</span> <span class='ocrx_word' id='word_1_174' title='bbox 1295 1335 1445 1377; x_wconf 81' lang='lat' dir='ltr'>magno</span> <span class='ocrx_word' id='word_1_175' title='bbox 1478 1322 1658 1376; x_wconf 86' lang='lat' dir='ltr'>impulsu</span> 
     </span>
     <span class='ocr_line' id='line_1_21' title="bbox 193 1373 1660 1434; baseline 0 -19"><span class='ocrx_word' id='word_1_176' title='bbox 193 1375 410 1426; x_wconf 85' lang='lat' dir='ltr'>concussit,</span> <span class='ocrx_word' id='word_1_177' title='bbox 440 1376 544 1417; x_wconf 90' lang='lat' dir='ltr'>adeo</span> <span class='ocrx_word' id='word_1_178' title='bbox 578 1383 625 1417; x_wconf 88' lang='lat' dir='ltr'>ut</span> <span class='ocrx_word' id='word_1_179' title='bbox 655 1377 876 1418; x_wconf 89' lang='lat' dir='ltr'>interiores</span> <span class='ocrx_word' id='word_1_180' title='bbox 907 1390 1079 1434; x_wconf 89' lang='lat' dir='ltr'>quoque</span> <span class='ocrx_word' id='word_1_181' title='bbox 1107 1377 1253 1418; x_wconf 90' lang='lat' dir='ltr'>domus</span> <span class='ocrx_word' id='word_1_182' title='bbox 1271 1377 1355 1418; x_wconf 89' lang='lat' dir='ltr'>salo</span> <span class='ocrx_word' id='word_1_183' title='bbox 1387 1373 1660 1432; x_wconf 84' lang='lat' dir='ltr'>compartici-</span> 
     </span>
     <span class='ocr_line' id='line_1_22' title="bbox 192 1433 1658 1490; baseline 0.003 -20"><span class='ocrx_word' id='word_1_184' title='bbox 192 1437 405 1486; x_wconf 87' lang='lat' dir='ltr'>parentur.</span> <span class='ocrx_word' id='word_1_185' title='bbox 475 1447 610 1487; x_wconf 88' lang='lat' dir='ltr'>porro</span> <span class='ocrx_word' id='word_1_186' title='bbox 638 1433 679 1474; x_wconf 90' lang='lat' dir='ltr'>in</span> <span class='ocrx_word' id='word_1_187' title='bbox 710 1434 790 1473; x_wconf 88' lang='lat' dir='ltr'>tria</span> <span class='ocrx_word' id='word_1_188' title='bbox 825 1433 997 1489; x_wconf 84' lang='lat' dir='ltr'>dirupta</span> <span class='ocrx_word' id='word_1_189' title='bbox 1039 1433 1168 1475; x_wconf 82' lang='lat' dir='ltr'>cinxit</span> <span class='ocrx_word' id='word_1_190' title='bbox 1197 1434 1368 1485; x_wconf 89' lang='lat' dir='ltr'>urbem,</span> <span class='ocrx_word' id='word_1_191' title='bbox 1398 1450 1422 1475; x_wconf 86' lang='lat' dir='ltr'>a</span> <span class='ocrx_word' id='word_1_192' title='bbox 1447 1436 1658 1490; x_wconf 79' lang='lat' dir='ltr'>Manganis</span> 
     </span>
     <span class='ocr_line' id='line_1_23' title="bbox 192 1488 1658 1545; baseline 0 -17"><span class='ocrx_word' id='word_1_193' title='bbox 192 1488 386 1529; x_wconf 83' lang='lat' dir='ltr'>videlicet</span> <span class='ocrx_word' id='word_1_194' title='bbox 414 1503 542 1544; x_wconf 88' lang='lat' dir='ltr'>usque</span> <span class='ocrx_word' id='word_1_195' title='bbox 587 1490 639 1529; x_wconf 89' lang='lat' dir='ltr'>ad</span> <span class='ocrx_word' id='word_1_196' title='bbox 680 1490 968 1545; x_wconf 88' lang='lat' dir='ltr'>Bosphorum;</span> <span class='ocrx_word' id='word_1_197' title='bbox 1000 1490 1115 1532; x_wconf 90' lang='lat' dir='ltr'>cuius</span> <span class='ocrx_word' id='word_1_198' title='bbox 1145 1490 1321 1531; x_wconf 87' lang='lat' dir='ltr'>altitudo</span> <span class='ocrx_word' id='word_1_199' title='bbox 1350 1505 1492 1532; x_wconf 89' lang='lat' dir='ltr'>muros</span> <span class='ocrx_word' id='word_1_200' title='bbox 1524 1506 1658 1533; x_wconf 76' lang='lat' dir='ltr'>exces-</span> 
     </span>
     <span class='ocr_line' id='line_1_24' title="bbox 193 1546 1661 1603; baseline 0.003 -19"><span class='ocrx_word' id='word_1_201' title='bbox 193 1546 258 1587; x_wconf 85' lang='lat' dir='ltr'>sit.</span> <span class='ocrx_word' id='word_1_202' title='bbox 315 1558 455 1586; x_wconf 90' lang='lat' dir='ltr'>omnes</span> <span class='ocrx_word' id='word_1_203' title='bbox 485 1552 624 1586; x_wconf 90' lang='lat' dir='ltr'>autem</span> <span class='ocrx_word' id='word_1_204' title='bbox 662 1546 775 1587; x_wconf 89' lang='lat' dir='ltr'>urbis</span> <span class='ocrx_word' id='word_1_205' title='bbox 809 1554 895 1588; x_wconf 88' lang='lat' dir='ltr'>tam</span> <span class='ocrx_word' id='word_1_206' title='bbox 924 1547 1005 1587; x_wconf 89' lang='lat' dir='ltr'>viri</span> <span class='ocrx_word' id='word_1_207' title='bbox 1048 1562 1175 1603; x_wconf 85' lang='lat' dir='ltr'>quam</span> <span class='ocrx_word' id='word_1_208' title='bbox 1218 1547 1418 1598; x_wconf 75' lang='lat' dir='ltr'>Feminae,</span> <span class='ocrx_word' id='word_1_209' title='bbox 1457 1548 1577 1588; x_wconf 85' lang='lat' dir='ltr'>simul</span> <span class='ocrx_word' id='word_1_210' title='bbox 1619 1556 1661 1589; x_wconf 85' lang='lat' dir='ltr'>et</span> 
     </span>
     <span class='ocr_line' id='line_1_25' title="bbox 195 1601 1656 1658; baseline 0.003 -18"><span class='ocrx_word' id='word_1_211' title='bbox 195 1601 330 1655; x_wconf 85' lang='lat' dir='ltr'>pueri,</span> <span class='ocrx_word' id='word_1_212' title='bbox 347 1601 656 1643; x_wconf 87' lang='lat' dir='ltr'>horumvisioni</span> <span class='ocrx_word' id='word_1_213' title='bbox 675 1604 818 1644; x_wconf 86' lang='lat' dir='ltr'>dantes</span> <span class='ocrx_word' id='word_1_214' title='bbox 836 1604 1118 1645; x_wconf 90' lang='lat' dir='ltr'>indesinenter</span> <span class='ocrx_word' id='word_1_215' title='bbox 1129 1618 1302 1658; x_wconf 86' lang='lat' dir='ltr'>operam</span> <span class='ocrx_word' id='word_1_216' title='bbox 1321 1605 1656 1658; x_wconf 85' lang='lat' dir='ltr'>perseverabant,</span> 
     </span>
     <span class='ocr_line' id='line_1_26' title="bbox 195 1658 1657 1716; baseline 0.004 -18"><span class='ocrx_word' id='word_1_217' title='bbox 195 1664 237 1698; x_wconf 86' lang='lat' dir='ltr'>et</span> <span class='ocrx_word' id='word_1_218' title='bbox 256 1672 349 1697; x_wconf 89' lang='lat' dir='ltr'>cum</span> <span class='ocrx_word' id='word_1_219' title='bbox 381 1658 564 1700; x_wconf 88' lang='lat' dir='ltr'>lamentis</span> <span class='ocrx_word' id='word_1_220' title='bbox 581 1674 629 1699; x_wconf 88' lang='lat' dir='ltr'>ac</span> <span class='ocrx_word' id='word_1_221' title='bbox 657 1659 834 1700; x_wconf 85' lang='lat' dir='ltr'>lacrimis</span> <span class='ocrx_word' id='word_1_222' title='bbox 854 1660 1027 1701; x_wconf 88' lang='lat' dir='ltr'>domum</span> <span class='ocrx_word' id='word_1_223' title='bbox 1050 1662 1388 1712; x_wconf 86' lang='lat' dir='ltr'>revertebantur,</span> <span class='ocrx_word' id='word_1_224' title='bbox 1420 1660 1657 1716; x_wconf 84' lang='lat' dir='ltr'>ignorantes</span> 
     </span>
     <span class='ocr_line' id='line_1_27' title="bbox 195 1713 1658 1771; baseline 0.003 -19"><span class='ocrx_word' id='word_1_225' title='bbox 195 1713 297 1768; x_wconf 89' lang='lat' dir='ltr'>quid</span> <span class='ocrx_word' id='word_1_226' title='bbox 325 1715 377 1754; x_wconf 87' lang='lat' dir='ltr'>ad</span> <span class='ocrx_word' id='word_1_227' title='bbox 409 1715 451 1755; x_wconf 91' lang='lat' dir='ltr'>id</span> <span class='ocrx_word' id='word_1_228' title='bbox 475 1715 555 1754; x_wconf 88' lang='lat' dir='ltr'>fari</span> <span class='ocrx_word' id='word_1_229' title='bbox 585 1716 822 1771; x_wconf 87' lang='lat' dir='ltr'>quivissent.</span> <span class='ocrx_word' id='word_1_230' title='bbox 867 1725 1057 1759; x_wconf 85' lang='lat' dir='ltr'>ceterum</span> <span class='ocrx_word' id='word_1_231' title='bbox 1084 1731 1192 1758; x_wconf 90' lang='lat' dir='ltr'>anno</span> <span class='ocrx_word' id='word_1_232' title='bbox 1212 1718 1373 1769; x_wconf 89' lang='lat' dir='ltr'>eodem,</span> <span class='ocrx_word' id='word_1_233' title='bbox 1391 1732 1529 1759; x_wconf 89' lang='lat' dir='ltr'>mense</span> <span class='ocrx_word' id='word_1_234' title='bbox 1544 1720 1658 1758; x_wconf 81' lang='lat' dir='ltr'>Mar-</span> 
     </span>
     <span class='ocr_line' id='line_1_28' title="bbox 191 1770 1660 1829; baseline 0.003 -19"><span class='ocrx_word' id='word_1_235' title='bbox 191 1770 284 1820; x_wconf 69' lang='lat' dir='ltr'>tio,</span> <span class='ocrx_word' id='word_1_236' title='bbox 310 1770 450 1811; x_wconf 86' lang='lat' dir='ltr'>stellae</span> <span class='ocrx_word' id='word_1_237' title='bbox 495 1771 546 1812; x_wconf 90' lang='lat' dir='ltr'>de</span> <span class='ocrx_word' id='word_1_238' title='bbox 592 1773 706 1812; x_wconf 89' lang='lat' dir='ltr'>caelo</span> <span class='ocrx_word' id='word_1_239' title='bbox 753 1781 927 1828; x_wconf 89' lang='lat' dir='ltr'>repente</span> <span class='ocrx_word' id='word_1_240' title='bbox 959 1774 1152 1816; x_wconf 88' lang='lat' dir='ltr'>cadentes</span> <span class='ocrx_word' id='word_1_241' title='bbox 1190 1780 1495 1829; x_wconf 86' lang='lat' dir='ltr'>apparuerunt,</span> <span class='ocrx_word' id='word_1_242' title='bbox 1525 1775 1582 1815; x_wconf 90' lang='lat' dir='ltr'>ita</span> <span class='ocrx_word' id='word_1_243' title='bbox 1612 1780 1660 1815; x_wconf 89' lang='lat' dir='ltr'>ut</span> 
     </span>
     <span class='ocr_line' id='line_1_29' title="bbox 192 1827 1658 1882; baseline 0.003 -17"><span class='ocrx_word' id='word_1_244' title='bbox 192 1840 332 1866; x_wconf 88' lang='lat' dir='ltr'>omnes</span> <span class='ocrx_word' id='word_1_245' title='bbox 368 1827 440 1882; x_wconf 90' lang='lat' dir='ltr'>qui</span> <span class='ocrx_word' id='word_1_246' title='bbox 478 1827 560 1868; x_wconf 90' lang='lat' dir='ltr'>hoc</span> <span class='ocrx_word' id='word_1_247' title='bbox 594 1828 791 1870; x_wconf 86' lang='lat' dir='ltr'>viderunt</span> <span class='ocrx_word' id='word_1_248' title='bbox 830 1831 1016 1872; x_wconf 87' lang='lat' dir='ltr'>instantis</span> <span class='ocrx_word' id='word_1_249' title='bbox 1063 1831 1215 1872; x_wconf 90' lang='lat' dir='ltr'>saeculi</span> <span class='ocrx_word' id='word_1_250' title='bbox 1256 1831 1658 1872; x_wconf 88' lang='lat' dir='ltr'>consummationem</span> 
     </span>
     <span class='ocr_line' id='line_1_30' title="bbox 191 1885 1661 1942; baseline 0.003 -19"><span class='ocrx_word' id='word_1_251' title='bbox 191 1896 275 1924; x_wconf 86' lang='lat' dir='ltr'>esse</span> <span class='ocrx_word' id='word_1_252' title='bbox 302 1890 517 1937; x_wconf 86' lang='lat' dir='ltr'>putarent.</span> <span class='ocrx_word' id='word_1_253' title='bbox 585 1885 744 1925; x_wconf 87' lang='lat' dir='ltr'>siccitas</span> <span class='ocrx_word' id='word_1_254' title='bbox 783 1902 954 1942; x_wconf 87' lang='lat' dir='ltr'>quoque</span> <span class='ocrx_word' id='word_1_255' title='bbox 993 1888 1123 1928; x_wconf 88' lang='lat' dir='ltr'>multa</span> <span class='ocrx_word' id='word_1_256' title='bbox 1172 1887 1316 1928; x_wconf 77' lang='lat' dir='ltr'>effecta</span> <span class='ocrx_word' id='word_1_257' title='bbox 1352 1893 1431 1939; x_wconf 88' lang='lat' dir='ltr'>est,</span> <span class='ocrx_word' id='word_1_258' title='bbox 1475 1887 1580 1928; x_wconf 87' lang='lat' dir='ltr'>adeo</span> <span class='ocrx_word' id='word_1_259' title='bbox 1612 1895 1661 1929; x_wconf 87' lang='lat' dir='ltr'>ut.</span> 
     </span>
     <span class='ocr_line' id='line_1_31' title="bbox 191 1939 1657 1999; baseline 0.004 -21"><span class='ocrx_word' id='word_1_260' title='bbox 191 1939 497 1981; x_wconf 84' lang='lat' dir='ltr'>exsiccarentur</span> <span class='ocrx_word' id='word_1_261' title='bbox 523 1941 646 1982; x_wconf 87' lang='lat' dir='ltr'>etiam</span> <span class='ocrx_word' id='word_1_262' title='bbox 675 1943 821 1984; x_wconf 85' lang='lat' dir='ltr'>fontes.</span> <span class='ocrx_word' id='word_1_263' title='bbox 879 1951 939 1985; x_wconf 88' lang='lat' dir='ltr'>ast</span> <span class='ocrx_word' id='word_1_264' title='bbox 968 1944 1204 1998; x_wconf 87' lang='lat' dir='ltr'>imperator</span> <span class='ocrx_word' id='word_1_265' title='bbox 1231 1944 1433 1985; x_wconf 88' lang='lat' dir='ltr'>accersito</span> <span class='ocrx_word' id='word_1_266' title='bbox 1469 1944 1657 1999; x_wconf 87' lang='lat' dir='ltr'>patriar-</span> 
     </span>
     <span class='ocr_line' id='line_1_32' title="bbox 190 1995 1658 2054; baseline 0.004 -20"><span class='ocrx_word' id='word_1_267' title='bbox 190 1995 266 2035; x_wconf 85' lang='lat' dir='ltr'>cha</span> <span class='ocrx_word' id='word_1_268' title='bbox 301 1995 401 2035; x_wconf 86' lang='lat' dir='ltr'>dicit</span> <span class='ocrx_word' id='word_1_269' title='bbox 430 1997 467 2037; x_wconf 91' lang='lat' dir='ltr'>ei</span> <span class='ocrx_word' id='word_1_270' title='bbox 495 1998 648 2038; x_wconf 85' lang='lat' dir='ltr'>“modo</span> <span class='ocrx_word' id='word_1_271' title='bbox 695 1999 785 2054; x_wconf 89' lang='lat' dir='ltr'>quis</span> <span class='ocrx_word' id='word_1_272' title='bbox 816 2015 891 2042; x_wconf 88' lang='lat' dir='ltr'>nos</span> <span class='ocrx_word' id='word_1_273' title='bbox 932 2000 1080 2052; x_wconf 86' lang='lat' dir='ltr'>laedet,</span> <span class='ocrx_word' id='word_1_274' title='bbox 1110 2001 1143 2041; x_wconf 91' lang='lat' dir='ltr'>si</span> <span class='ocrx_word' id='word_1_275' title='bbox 1173 2000 1396 2041; x_wconf 85' lang='lat' dir='ltr'>dixerimus</span> <span class='ocrx_word' id='word_1_276' title='bbox 1425 2000 1658 2042; x_wconf 88' lang='lat' dir='ltr'>theotocon</span> 
     </span>
     <span class='ocr_line' id='line_1_33' title="bbox 190 2051 1659 2112; baseline 0.002 -21"><span class='ocrx_word' id='word_1_277' title='bbox 190 2051 521 2093; x_wconf 87' lang='lat' dir='ltr'>christotocon.’&#39;</span> <span class='ocrx_word' id='word_1_278' title='bbox 579 2061 622 2094; x_wconf 89' lang='lat' dir='ltr'>at</span> <span class='ocrx_word' id='word_1_279' title='bbox 651 2054 717 2095; x_wconf 88' lang='lat' dir='ltr'>ille</span> <span class='ocrx_word' id='word_1_280' title='bbox 739 2055 851 2097; x_wconf 88' lang='lat' dir='ltr'>hunc</span> <span class='ocrx_word' id='word_1_281' title='bbox 882 2059 1134 2112; x_wconf 89' lang='lat' dir='ltr'>amplexatus</span> <span class='ocrx_word' id='word_1_282' title='bbox 1161 2057 1219 2098; x_wconf 88' lang='lat' dir='ltr'>ait</span> <span class='ocrx_word' id='word_1_283' title='bbox 1251 2058 1490 2108; x_wconf 87' lang='lat' dir='ltr'>“miserere,</span> <span class='ocrx_word' id='word_1_284' title='bbox 1519 2058 1659 2098; x_wconf 87' lang='lat' dir='ltr'>domi-</span> 
     </span>
     <span class='ocr_line' id='line_1_34' title="bbox 190 2110 1659 2165; baseline 0.003 -17"><span class='ocrx_word' id='word_1_285' title='bbox 190 2123 255 2160; x_wconf 91' lang='lat' dir='ltr'>ne,</span> <span class='ocrx_word' id='word_1_286' title='bbox 288 2123 340 2148; x_wconf 89' lang='lat' dir='ltr'>ne</span> <span class='ocrx_word' id='word_1_287' title='bbox 374 2110 424 2148; x_wconf 82' lang='lat' dir='ltr'>ad</span> <span class='ocrx_word' id='word_1_288' title='bbox 464 2110 760 2165; x_wconf 81' lang='lat' dir='ltr'>cogitationem</span> <span class='ocrx_word' id='word_1_289' title='bbox 791 2119 904 2154; x_wconf 88' lang='lat' dir='ltr'>tuam</span> <span class='ocrx_word' id='word_1_290' title='bbox 943 2115 1082 2155; x_wconf 85' lang='lat' dir='ltr'>veniat</span> <span class='ocrx_word' id='word_1_291' title='bbox 1112 2114 1187 2156; x_wconf 91' lang='lat' dir='ltr'>iste</span> <span class='ocrx_word' id='word_1_292' title='bbox 1213 2128 1363 2154; x_wconf 88' lang='lat' dir='ltr'>sermo.</span> <span class='ocrx_word' id='word_1_293' title='bbox 1426 2129 1564 2156; x_wconf 91' lang='lat' dir='ltr'>nonne</span> <span class='ocrx_word' id='word_1_294' title='bbox 1592 2114 1659 2153; x_wconf 90' lang='lat' dir='ltr'>vi—</span> 
     </span>
     <span class='ocr_line' id='line_1_35' title="bbox 192 2165 1659 2222; baseline 0.004 -18"><span class='ocrx_word' id='word_1_295' title='bbox 192 2165 260 2205; x_wconf 89' lang='lat' dir='ltr'>des</span> <span class='ocrx_word' id='word_1_296' title='bbox 303 2166 484 2219; x_wconf 80' lang='lat' dir='ltr'>qualiter</span> <span class='ocrx_word' id='word_1_297' title='bbox 528 2166 763 2222; x_wconf 84' lang='lat' dir='ltr'>divulgetur</span> <span class='ocrx_word' id='word_1_298' title='bbox 804 2176 845 2210; x_wconf 90' lang='lat' dir='ltr'>et</span> <span class='ocrx_word' id='word_1_299' title='bbox 873 2171 1248 2212; x_wconf 84' lang='lat' dir='ltr'>anathematizetur</span> <span class='ocrx_word' id='word_1_300' title='bbox 1278 2171 1489 2212; x_wconf 87' lang='lat' dir='ltr'>Nestorius</span> <span class='ocrx_word' id='word_1_301' title='bbox 1517 2187 1540 2210; x_wconf 90' lang='lat' dir='ltr'>a</span> <span class='ocrx_word' id='word_1_302' title='bbox 1568 2177 1659 2211; x_wconf 90' lang='lat' dir='ltr'>tota</span> 
     </span>
    </p>

    <p class='ocr_par' dir='ltr' id='par_1_4' title="bbox 63 2222 1660 2334">
     <span class='ocr_line' id='line_1_36' title="bbox 63 2222 1660 2283; baseline 0.001 -17"><span class='ocrx_word' id='word_1_303' title='bbox 63 2222 413 2266; x_wconf 79' lang='lat' dir='ltr'>P·672ecclesia?&#39;’</span> <span class='ocrx_word' id='word_1_304' title='bbox 455 2222 526 2278; x_wconf 88' lang='lat' dir='ltr'>qui</span> <span class='ocrx_word' id='word_1_305' title='bbox 577 2224 826 2278; x_wconf 87' lang='lat' dir='ltr'>respondens</span> <span class='ocrx_word' id='word_1_306' title='bbox 867 2227 925 2267; x_wconf 88' lang='lat' dir='ltr'>ait</span> <span class='ocrx_word' id='word_1_307' title='bbox 966 2231 1071 2283; x_wconf 84' lang='lat' dir='ltr'>“ego</span> <span class='ocrx_word' id='word_1_308' title='bbox 1107 2227 1264 2270; x_wconf 88' lang='lat' dir='ltr'>discere</span> <span class='ocrx_word' id='word_1_309' title='bbox 1293 2228 1433 2269; x_wconf 90' lang='lat' dir='ltr'>volens</span> <span class='ocrx_word' id='word_1_310' title='bbox 1468 2229 1660 2269; x_wconf 91' lang='lat' dir='ltr'>interro-</span> 
     </span>
     <span class='ocr_line' id='line_1_37' title="bbox 191 2278 1024 2334; baseline 0.01 -17"><span class='ocrx_word' id='word_1_311' title='bbox 191 2278 300 2333; x_wconf 84' lang='lat' dir='ltr'>gavi.</span> <span class='ocrx_word' id='word_1_312' title='bbox 361 2292 510 2319; x_wconf 84' lang='lat' dir='ltr'>verum</span> <span class='ocrx_word' id='word_1_313' title='bbox 542 2295 673 2334; x_wconf 86' lang='lat' dir='ltr'>usque</span> <span class='ocrx_word' id='word_1_314' title='bbox 703 2280 754 2320; x_wconf 91' lang='lat' dir='ltr'>ad</span> <span class='ocrx_word' id='word_1_315' title='bbox 777 2288 817 2323; x_wconf 88' lang='lat' dir='ltr'>te</span> <span class='ocrx_word' id='word_1_316' title='bbox 846 2286 1024 2325; x_wconf 87' lang='lat' dir='ltr'>sermo.’&#39;</span> 
     </span>
    </p>

    <p class='ocr_par' dir='ltr' id='par_1_5' title="bbox 186 2333 1657 2847">
     <span class='ocr_line' id='line_1_38' title="bbox 301 2333 1656 2389; baseline 0.001 -13"><span class='ocrx_word' id='word_1_317' title='bbox 301 2334 448 2376; x_wconf 89' lang='lat' dir='ltr'>Mundi</span> <span class='ocrx_word' id='word_1_318' title='bbox 481 2350 590 2375; x_wconf 87' lang='lat' dir='ltr'>anno</span> <span class='ocrx_word' id='word_1_319' title='bbox 613 2333 735 2385; x_wconf 75' lang='lat'>6246,</span> <span class='ocrx_word' id='word_1_320' title='bbox 770 2339 932 2381; x_wconf 88' lang='lat' dir='ltr'>divinae</span> <span class='ocrx_word' id='word_1_321' title='bbox 955 2340 1256 2381; x_wconf 87' lang='lat' dir='ltr'>incarnationis</span> <span class='ocrx_word' id='word_1_322' title='bbox 1286 2353 1395 2379; x_wconf 89' lang='lat' dir='ltr'>anno</span> <span class='ocrx_word' id='word_1_323' title='bbox 1415 2334 1512 2389; x_wconf 83' lang='grc'><strong>746,</strong></span> <span class='ocrx_word' id='word_1_324' title='bbox 1547 2353 1656 2378; x_wconf 90' lang='lat' dir='ltr'>anno</span> 
     </span>
     <span class='ocr_line' id='line_1_39' title="bbox 189 2390 1656 2446; baseline 0.003 -17"><span class='ocrx_word' id='word_1_325' title='bbox 189 2405 290 2430; x_wconf 89' lang='lat' dir='ltr'>vero</span> <span class='ocrx_word' id='word_1_326' title='bbox 323 2390 488 2446; x_wconf 88' lang='lat' dir='ltr'>imperii</span> <span class='ocrx_word' id='word_1_327' title='bbox 526 2392 789 2434; x_wconf 82' lang='lat' dir='ltr'>Constantini</span> <span class='ocrx_word' id='word_1_328' title='bbox 836 2392 889 2437; x_wconf 72' lang='lat'>24</span> <span class='ocrx_word' id='word_1_329' title='bbox 920 2397 1109 2438; x_wconf 85' lang='lat' dir='ltr'>exierunt</span> <span class='ocrx_word' id='word_1_330' title='bbox 1149 2397 1304 2438; x_wconf 86' lang='lat' dir='ltr'>iterum</span> <span class='ocrx_word' id='word_1_331' title='bbox 1332 2395 1463 2435; x_wconf 88' lang='lat' dir='ltr'>Turci</span> <span class='ocrx_word' id='word_1_332' title='bbox 1492 2395 1543 2434; x_wconf 86' lang='lat' dir='ltr'>ad</span> <span class='ocrx_word' id='word_1_333' title='bbox 1575 2395 1656 2434; x_wconf 86' lang='lat' dir='ltr'>Ca-</span> 
     </span>
     <span class='ocr_line' id='line_1_40' title="bbox 189 2447 1657 2507; baseline 0.003 -21"><span class='ocrx_word' id='word_1_334' title='bbox 189 2447 293 2501; x_wconf 80' lang='lat' dir='ltr'>spias</span> <span class='ocrx_word' id='word_1_335' title='bbox 325 2455 470 2501; x_wconf 88' lang='lat' dir='ltr'>portas</span> <span class='ocrx_word' id='word_1_336' title='bbox 500 2454 542 2489; x_wconf 90' lang='lat' dir='ltr'>et</span> <span class='ocrx_word' id='word_1_337' title='bbox 580 2449 794 2490; x_wconf 87' lang='lat' dir='ltr'>Hiberiam</span> <span class='ocrx_word' id='word_1_338' title='bbox 827 2470 836 2501; x_wconf 89' lang='lat'>;</span> <span class='ocrx_word' id='word_1_339' title='bbox 869 2454 1016 2507; x_wconf 87' lang='lat' dir='ltr'>quibus</span> <span class='ocrx_word' id='word_1_340' title='bbox 1065 2469 1160 2495; x_wconf 89' lang='lat' dir='ltr'>cum</span> <span class='ocrx_word' id='word_1_341' title='bbox 1190 2453 1393 2494; x_wconf 86' lang='lat' dir='ltr'>Avaribus</span> <span class='ocrx_word' id='word_1_342' title='bbox 1417 2451 1573 2493; x_wconf 86' lang='lat' dir='ltr'>bellum</span> <span class='ocrx_word' id='word_1_343' title='bbox 1595 2451 1657 2490; x_wconf 85' lang='lat' dir='ltr'>in..</span> 
     </span>
     <span class='ocr_line' id='line_1_41' title="bbox 190 2504 1656 2559; baseline 0.003 -16"><span class='ocrx_word' id='word_1_344' title='bbox 190 2504 380 2544; x_wconf 87' lang='lat' dir='ltr'>euntibus</span> <span class='ocrx_word' id='word_1_345' title='bbox 411 2519 458 2545; x_wconf 83' lang='lat' dir='ltr'>ex</span> <span class='ocrx_word' id='word_1_346' title='bbox 488 2505 677 2558; x_wconf 87' lang='lat' dir='ltr'>utrisque</span> <span class='ocrx_word' id='word_1_347' title='bbox 705 2507 925 2559; x_wconf 86' lang='lat' dir='ltr'>perierunt</span> <span class='ocrx_word' id='word_1_348' title='bbox 957 2510 1088 2551; x_wconf 87' lang='lat' dir='ltr'>multi.</span> <span class='ocrx_word' id='word_1_349' title='bbox 1123 2510 1297 2551; x_wconf 91' lang='lat' dir='ltr'>Abdelas</span> <span class='ocrx_word' id='word_1_350' title='bbox 1326 2522 1430 2550; x_wconf 84' lang='lat' dir='ltr'>vero</span> <span class='ocrx_word' id='word_1_351' title='bbox 1461 2508 1656 2548; x_wconf 87' lang='lat' dir='ltr'>huiusce-</span> 
     </span>
     <span class='ocr_line' id='line_1_42' title="bbox 188 2560 1654 2620; baseline 0.002 -20"><span class='ocrx_word' id='word_1_352' title='bbox 188 2560 304 2600; x_wconf 84' lang='lat' dir='ltr'>modi</span> <span class='ocrx_word' id='word_1_353' title='bbox 335 2561 560 2603; x_wconf 87' lang='lat' dir='ltr'>calliditate</span> <span class='ocrx_word' id='word_1_354' title='bbox 591 2561 784 2616; x_wconf 86' lang='lat' dir='ltr'>deposuit</span> <span class='ocrx_word' id='word_1_355' title='bbox 802 2579 823 2603; x_wconf 87' lang='lat' dir='ltr'>a</span> <span class='ocrx_word' id='word_1_356' title='bbox 843 2566 1086 2620; x_wconf 84' lang='lat' dir='ltr'>principatu</span> <span class='ocrx_word' id='word_1_357' title='bbox 1102 2567 1425 2616; x_wconf 83' lang='lat' dir='ltr'>Hiserbinmuse,</span> <span class='ocrx_word' id='word_1_358' title='bbox 1456 2565 1496 2605; x_wconf 86' lang='lat' dir='ltr'>in</span> <span class='ocrx_word' id='word_1_359' title='bbox 1516 2580 1654 2619; x_wconf 88' lang='lat' dir='ltr'>quem,</span> 
     </span>
     <span class='ocr_line' id='line_1_43' title="bbox 189 2618 1653 2678; baseline 0.002 -22"><span class='ocrx_word' id='word_1_360' title='bbox 189 2622 237 2656; x_wconf 88' lang='lat' dir='ltr'>ut</span> <span class='ocrx_word' id='word_1_361' title='bbox 264 2618 452 2671; x_wconf 86' lang='lat' dir='ltr'>superius</span> <span class='ocrx_word' id='word_1_362' title='bbox 483 2618 640 2659; x_wconf 91' lang='lat' dir='ltr'>dictum</span> <span class='ocrx_word' id='word_1_363' title='bbox 671 2626 755 2670; x_wconf 90' lang='lat' dir='ltr'>est,</span> <span class='ocrx_word' id='word_1_364' title='bbox 785 2622 907 2660; x_wconf 90' lang='lat' dir='ltr'>tertia</span> <span class='ocrx_word' id='word_1_365' title='bbox 937 2618 1025 2663; x_wconf 83' lang='lat' dir='ltr'>sors</span> <span class='ocrx_word' id='word_1_366' title='bbox 1045 2624 1213 2664; x_wconf 86' lang='lat' dir='ltr'>tenendi</span> <span class='ocrx_word' id='word_1_367' title='bbox 1244 2630 1338 2678; x_wconf 88' lang='lat' dir='ltr'>post</span> <span class='ocrx_word' id='word_1_368' title='bbox 1365 2638 1461 2662; x_wconf 88' lang='lat' dir='ltr'>eum</span> <span class='ocrx_word' id='word_1_369' title='bbox 1491 2621 1653 2662; x_wconf 86' lang='lat' dir='ltr'>cecidit.</span> 
     </span>
     <span class='ocr_line' id='line_1_44' title="bbox 189 2672 1655 2730; baseline 0.003 -19"><span class='ocrx_word' id='word_1_370' title='bbox 189 2672 328 2714; x_wconf 88' lang='lat' dir='ltr'>videns</span> <span class='ocrx_word' id='word_1_371' title='bbox 358 2675 467 2714; x_wconf 87' lang='lat' dir='ltr'>enim</span> <span class='ocrx_word' id='word_1_372' title='bbox 499 2689 593 2715; x_wconf 89' lang='lat' dir='ltr'>eum</span> <span class='ocrx_word' id='word_1_373' title='bbox 632 2674 782 2716; x_wconf 88' lang='lat' dir='ltr'>dolore</span> <span class='ocrx_word' id='word_1_374' title='bbox 820 2678 965 2730; x_wconf 86' lang='lat' dir='ltr'>capitis</span> <span class='ocrx_word' id='word_1_375' title='bbox 1010 2679 1291 2722; x_wconf 87' lang='lat' dir='ltr'>hemicranice</span> <span class='ocrx_word' id='word_1_376' title='bbox 1320 2680 1582 2719; x_wconf 86' lang='lat' dir='ltr'>laborantem</span> <span class='ocrx_word' id='word_1_377' title='bbox 1613 2683 1655 2717; x_wconf 88' lang='lat' dir='ltr'>et</span> 
     </span>
     <span class='ocr_line' id='line_1_45' title="bbox 187 2730 1652 2793; baseline 0.004 -26"><span class='ocrx_word' id='word_1_378' title='bbox 187 2730 363 2769; x_wconf 85' lang='lat' dir='ltr'>scotomi</span> <span class='ocrx_word' id='word_1_379' title='bbox 408 2731 708 2785; x_wconf 86' lang='lat' dir='ltr'>plenitudinem</span> <span class='ocrx_word' id='word_1_380' title='bbox 756 2733 983 2786; x_wconf 86' lang='lat' dir='ltr'>patientem</span> <span class='ocrx_word' id='word_1_381' title='bbox 1030 2738 1255 2790; x_wconf 86' lang='lat' dir='ltr'>persuadet</span> <span class='ocrx_word' id='word_1_382' title='bbox 1299 2734 1414 2793; x_wconf 88' lang='lat' dir='ltr'>quod</span> <span class='ocrx_word' id='word_1_383' title='bbox 1443 2734 1652 2775; x_wconf 87' lang='lat' dir='ltr'>curandus</span> 
     </span>
     <span class='ocr_line' id='line_1_46' title="bbox 186 2786 1654 2847; baseline 0.003 -22"><span class='ocrx_word' id='word_1_384' title='bbox 186 2786 310 2840; x_wconf 86' lang='lat' dir='ltr'>soret,</span> <span class='ocrx_word' id='word_1_385' title='bbox 339 2786 370 2826; x_wconf 90' lang='lat' dir='ltr'>si</span> <span class='ocrx_word' id='word_1_386' title='bbox 400 2801 447 2828; x_wconf 86' lang='lat' dir='ltr'>ex</span> <span class='ocrx_word' id='word_1_387' title='bbox 478 2787 615 2843; x_wconf 87' lang='lat' dir='ltr'>aliqua</span> <span class='ocrx_word' id='word_1_388' title='bbox 646 2789 910 2832; x_wconf 89' lang='lat' dir='ltr'>confectione</span> <span class='ocrx_word' id='word_1_389' title='bbox 947 2793 1152 2847; x_wconf 85' lang='lat' dir='ltr'>ptarmica</span> <span class='ocrx_word' id='word_1_390' title='bbox 1187 2794 1226 2834; x_wconf 89' lang='lat' dir='ltr'>in</span> <span class='ocrx_word' id='word_1_391' title='bbox 1261 2809 1380 2834; x_wconf 89' lang='lat' dir='ltr'>nares</span> <span class='ocrx_word' id='word_1_392' title='bbox 1408 2792 1494 2833; x_wconf 84' lang='lat' dir='ltr'>eius</span> <span class='ocrx_word' id='word_1_393' title='bbox 1522 2791 1654 2831; x_wconf 86' lang='lat' dir='ltr'>insuf-</span> 
     </span>
    </p>
   </div>
  </div>
 </body>
</html>
