1728 3184
205 164 303 210 322
707 166 763 207 IN
795 163 1169 206 TIIEOPHANEM

201 269 391 310 Zozimus
419 268 490 309 lib.
509 269 547 320 2,
580 268 731 310 Victor
761 276 804 310 et
835 269 917 312 alii.
976 284 1070 309 eum
1089 268 1173 308 vita
1200 265 1404 306 donatum
1429 265 1575 306 asserit
1597 266 1677 306 Pe-

201 325 334 367 tavius
366 324 419 365 ad
449 339 602 365 annum
642 326 903 366 Constantini
945 324 1008 376 19,
1045 340 1170 380 quem
1208 322 1362 363 relatus
1405 321 1595 362 Zozimus
1637 329 1678 362 et

198 380 476 436 Theophanes
507 383 688 422 occisum
707 388 928 423 testantur.
987 397 1082 422 eum
1116 395 1218 420 corr
1222 379 1351 420 cetius
1381 385 1574 419 auctores
1608 393 1677 419 rc-

197 438 303 495 liqui
333 438 637 479 Martinianum
674 439 875 479 scribunt.

310 510 395 564 29,
424 510 465 556 6.
537 508 735 566 ἀπεδόθη
776 507 860 551 υπὸ
897 510 1212 575 Κωνσταντιόυ]
1242 509 1337 550 vat.
1373 508 1392 548 1
1436 514 1477 549 et
1504 509 1674 564 Peyrez.

198 567 323 612 codd.
355 583 460 624 quos
491 575 689 623 sequutus
718 584 810 609 sum
840 568 881 607 in
921 567 1126 618 versione,
1159 566 1300 621 legunt
1330 565 1674 606 Kcomtavtt'vov.

308 657 422 699 Ibid.
442 655 482 697 8.
542 656 719 710 Ναρσῆς
748 653 771 695 ὅ
800 652 894 703 υἱὸς
925 670 999 696 του
1031 654 1116 695 τῶν
1144 653 1347 706 Περσῶι]
1378 653 1489 693 inter
1516 668 1673 707 pugnas

197 713 390 754 adversus
417 713 625 753 Licinium
658 713 891 753 commissas
930 709 1084 766 ἔφοδον
1122 711 1207 750 τῶν
1240 710 1425 762 Περσῶν
1454 709 1673 762 α’γγελθεΐ-

196 784 291 824 σαν,
317 772 553 810 nunciatam
572 769 798 810 Persarum
825 782 1105 810 excursmnem
1138 767 1272 822 tangit
1292 767 1556 821 Nicephorus
1576 767 1672 806 Cal..

195 825 308 866 listas
342 826 411 869 tib.
444 825 468 866 7
509 841 602 881 cap
631 824 699 869 47,
759 840 924 865 causam
956 824 1102 865 eodem
1133 831 1328 878 tempore
1358 823 1562 878 assignare
1593 838 1672 863 vo-

194 882 314 923 luisse
340 882 555 923 Zozimum
586 887 766 922 attentus
806 882 942 923 lector
971 895 1018 921 ex
1050 880 1136 921 eius
1169 881 1238 920 lib.
1271 880 1308 934 2,
1341 880 1412 920 ubi
1443 879 1493 919 de
1521 879 1670 919 Licinii

194 945 409 993 postrema
439 938 568 988 clade,
597 938 820 1002 percipiet.
889 938 1121 978 Constantii
1167 951 1338 992 quoque
1367 936 1590 976 victori-nn
1625 950 1670 975 cx

191 995 340 1036 Iuliani
375 997 476 1050 imp.
507 995 548 1035 in
580 995 666 1034 eius
698 994 862 1035 laudem
892 994 1087 1034 oratione
1128 993 1310 1033 coniicio
1340 1007 1388 1033 ex
1416 992 1554 1032 verbis
1586 993 1670 1032 istis

192 1066 277 1093 non
293 1053 435 1117 longe
468 1068 491 1091 a
524 1051 754 1116 plincipio.
819 1053 908 1098 τοῖς
937 1050 1214 1101 Παρθυαίων
1251 1063 1320 1088 και
1347 1045 1518 1101 Μήδων
1552 1045 1671 1088 ἔθνε-

188 1122 258 1148 σιν
282 1101 541 1160 ἆντετάχθης
569 1103 718 1160 μόνος,
754 1107 1005 1148 Parthorum
1046 1115 1086 1146 ec
1113 1105 1328 1145 Medorum
1357 1106 1538 1158 gentibus
1565 1106 1671 1145 solus

187 1179 245 1205 ex
281 1165 457 1205 adverso
497 1164 658 1203 stetisti.-
705 1164 756 1204 de
787 1163 960 1218 proeliis
991 1163 1173 1217 quippe,
1216 1177 1322 1217 quae
1348 1162 1516 1202 xivente
1543 1169 1669 1216 patre

191 1221 464 1261 Constantino
498 1219 656 1259 iuvenis
681 1219 890 1271 sustinuit,
938 1219 997 1259 ibi
1026 1220 1232 1273 loquitul.
1290 1217 1540 1258 chronicum
1570 1219 1668 1258 Ale-

187 1277 436 1317 xandlinum
480 1275 531 1316 ad
569 1276 834 1316 Constantini
877 1290 1031 1316 annum
1062 1274 1131 1314 20.
1204 1275 1294 1314 κατ’
1335 1271 1467 1315 σει-’τὸν
1513 1274 1560 1314 δὲ
1590 1271 1666 1314 τόν

185 1330 337 1398 καιρὸν
365 1330 468 1373 κατὰ
499 1332 586 1372 τῶν
606 1333 821 1384 πολεμίων
846 1332 922 1398 τῆς
939 1331 1025 1373 τῶν
1044 1331 1324 1397 Χριστιαιων
1335 1331 1516 1379 πίστεως
1536 1345 1667 1396 στρα-

186 1385 343 1436 τεύσας
373 1387 613 1442 ὑπηγάγετο
645 1388 695 1444 τῇ
727 1388 835 1444 εὐχῇ
865 1384 944 1453 τὴν
973 1387 1101 1440 νίκην.
1147 1384 1212 1426 διὸ
1251 1385 1324 1426 καὶ
1351 1384 1533 1438 κυριακὰ
1564 1383 1668 1452 πρὸς

187 1443 447 1499 ἐπιστροφὴν
485 1459 569 1485 των
610 1432 748 1485 ἐθνῶν
787 1442 892 1484 κατὰ
920 1442 1077 1491 τόπους
1106 1444 1166 1490 εἰς
1201 1440 1328 1497 τιμήν
1359 1443 1438 1483 τοῦ
1462 1443 1535 1483 ἐπι
1562 1439 1667 1483 πάν-

183 1515 266 1541 των
294 1501 484 1553 σωτῆρος
516 1501 709 1552 Χριστοῦ
738 1502 845 1540 θεοῦ
872 1498 992 1552 ἤμων
1010 1498 1243 1553 πεποιᾝηκεν
1301 1501 1442 1541 eodem
1472 1510 1663 1566 tempore,

183 1557 443 1612 expeditione
491 1572 533 1597 ιη
571 1559 695 1597 hostes
731 1556 1060 1597 Christianorum
1100 1566 1296 1611 suscepta,
1319 1557 1510 1611 precibus
1538 1559 1666 1596 vzcto-

184 1614 294 1653 riam
333 1614 573 1669 reportavit.
640 1628 765 1668 qnare
794 1623 833 1652 et
870 1614 1026 1668 templa
1068 1613 1126 1652 ad
1143 1615 1451 1653 conversionem
1475 1628 1667 1669 pagano-

183 1684 272 1708 rum
297 1671 478 1725 passim,
506 1679 544 1709 et
575 1669 730 1709 Christi
758 1671 975 1709 servatoris
1002 1670 1129 1708 nostri
1165 1671 1310 1709 cultum
1341 1671 1552 1712 excitavit.

313 1753 423 1794 Ibid.
468 1752 529 1794 13.
602 1751 627 1807 ἦ
681 1751 983 1808 εἶκοσαετηρίς]
1027 1753 1257 1793 vicennaiia
1308 1754 1568 1793 Constantini
1614 1754 1663 1795 ad

181 1808 327 1849 mundi
357 1809 488 1864 5816,
521 1809 675 1850 Christi
703 1824 807 1849 vero
826 1808 923 1861 316,
956 1815 1004 1849 ut
1032 1811 1237 1865 Georgius
1269 1811 1481 1865 Synccllus
1516 1810 1664 1852 devin-

181 1867 254 1918 xit,
286 1867 341 1906 ita
369 1882 589 1906 numerum
631 1867 811 1906 eundem
855 1867 1130 1907 continuator
1161 1867 1246 1932 eius
1275 1866 1551 1934 Theophanes
1582 1869 1665 1908 oh-

182 1938 350 1963 servare
381 1923 541 1964 debuit.
615 1923 719 1962 illius
760 1923 889 1963 verba
930 1929 1037 1963 sunt.
1079 1923 1150 1963 ἑπί
1192 1919 1270 1976 τὴν
1299 1920 1382 1962 dne)
1414 1920 1552 1975 Ἀδάμ,
1582 1923 1663 1972 ἕως

180 1979 256 2031 τῆς
294 1978 628 2032 εικοσαετηρίδος
665 1978 991 2019 Κωνσταντίνου
1032 1982 1298 2045 στοιχείωσιν
1347 1976 1419 2019 διὰ
1458 1981 1534 2032 τῆς
1577 1981 1662 2020 τῶν

182 2034 485 2103 κρατησάντων
528 2035 622 2074 κατ’
658 2030 782 2082 ἔθνος
810 2036 1020 2086 βασιλέων
1050 2031 1280 2085 ὀνομασίας
1321 2033 1393 2076 τὸν
1425 2037 1507 2077 τῶν
1539 2034 1658 2094 εωις’

179 2091 287 2131 ὲτῶν
326 2087 511 2143 ἀριθμὸν
541 2090 868 2144 αἠαραλειήτως
896 2088 1082 2140 σύναξας
1109 2091 1320 2142 ἐπιδειξω.
1378 2093 1442 2134 ad
1465 2108 1661 2133 summam

178 2149 231 2186 ab
260 2147 404 2188 Adam
432 2148 491 2187 ad
521 2148 773 2187 Constantini
800 2148 1043 2197 vicennalia,
1083 2150 1222 2188 relatis
1251 2150 1558 2206 umuscaiusque
1583 2165 1661 2189 na·-

179 2205 302 2244 tionis
330 2218 464 2258 regum
506 2204 734 2244 nominibus
778 2218 981 2244 annorum
1006 2203 1142 2256 5816,
1183 2220 1394 2245 numeram
1440 2207 1496 2246 ab
1522 2221 1661 2247 errore

180 2261 340 2301 alienus
369 2260 593 2299 clarissime
621 2260 825 2314 colligam.
884 2260 946 2300 his
975 2276 1104 2301 annos
1122 2269 1281 2316 septem
1311 2261 1522 2303 addendos
1552 2263 1659 2303 edo-

182 2323 248 2356 cet
275 2323 374 2358 nota
407 2317 448 2355 in
479 2315 617 2370 operis
647 2316 831 2367 titulum,
859 2322 901 2357 et
930 2317 980 2357 ad
1012 2332 1109 2373 pag.
1149 2319 1167 2358 l
1201 2319 1388 2373 septima.

292 2388 361 2440 30,
389 2390 427 2433 2.
486 2387 680 2442 ἐξῆρχον]
709 2396 757 2429 ut
796 2390 1076 2430 concilicium
1103 2390 1312 2445 praesides
1344 2385 1544 2443 ἔξαρχοι,
1578 2392 1660 2432 eis-

180 2445 359 2501 demque
390 2442 587 2497 ἐξαρχειν
618 2446 827 2497 dicantur,
850 2452 1019 2500 praeter
1032 2447 1333 2501 Theophinem
1365 2447 1536 2488 edicunt
1555 2462 1658 2487 con-

180 2502 244 2542 cil.
274 2502 544 2557 Ephesinum,
578 2501 917 2544 Chalcedonense
949 2511 1027 2543 net.
1060 2504 1085 2544 2
1112 2505 1188 2544 sub
1220 2505 1400 2545 initium.
1458 2504 1657 2577 Theodo-

181 2564 295 2600 retus
319 2559 392 2600 lib.
429 2559 570 2612 2cap.
602 2557 668 2598 29.
698 2559 905 2614 Euagrius
935 2560 1005 2599 lib.
1042 2560 1062 2599 1
1094 2575 1185 2615 cap
1224 2559 1287 2601 10.

290 2637 405 2677 Ibzd.
440 2637 503 2677 15.
564 2635 637 2675 καί
664 2649 767 2684 τους
794 2630 1039 2690 ὅμόφρονας
1071 2635 1226 2693 αὐτοῦ]
1275 2638 1455 2678 Arianae
1487 2643 1655 2678 senten-

179 2691 263 2732 tiae
294 2692 337 2732 in
367 2692 548 2734 concilio
579 2694 759 2733 Nicaeno
801 2699 1027 2734 sectatores
1069 2695 1287 2749 episcopos
1333 2709 1474 2735 recens
1504 2701 1657 2735 auctor

181 2756 369 2790 recenset
396 2749 641 2793 dissertati'
630 2764 674 2791 m
702 2749 777 2791 lib.
813 2749 835 2791 1
867 2764 957 2805 cap.
983 2750 1012 2792 8
1047 2751 1247 2795 Photiani
1274 2750 1560 2806 philostorgii.
