1768 3268
560 191 632 242 Ex
670 198 1020 242 TqurflANE.
1454 195 1520 242 85

55 311 250 357 dunensis
276 311 449 355 concilii
473 318 687 371 gestorum
726 329 808 370 per
835 315 1083 371 magistrum
1110 315 1302 371 accipere
1330 331 1354 357 u
1382 317 1526 358 Mace-

55 370 187 412 donio
217 374 262 419 et
280 366 526 425 dirumpere
551 371 783 427 satagebat.
814 373 1085 414 Macedonius
1115 387 1217 414 vero
1246 374 1408 429 signans
1435 387 1528 414 eam

53 441 182 482 super
206 426 342 469 attare
365 427 536 481 posuit3
573 444 699 484 quam
725 429 985 484 Calepodius
1024 429 1238 471 eunuchus
1267 438 1311 471 et
1340 444 1526 471 oecono-

52 498 145 526 mus
171 497 348 539 magnae
374 485 571 527 ecclesiae
598 486 716 526 furto
745 486 927 527 ablatam
955 486 1205 541 imperatori
1234 485 1398 527 detulit.
1426 492 1529 527 tunc

54 540 351 583 Macedonium
384 549 510 582 nocte
536 541 716 584 educens
734 542 971 598 imperator
997 544 1206 585 violenter
1224 541 1526 584 Chalcedonem
1538 543 1658 594 p.240

53 597 181 648 misit,
209 602 254 639 et
280 595 383 639 inde
413 598 528 653 apud
556 599 805 640 Euchaitem
826 599 947 640 exilio
975 601 1151 655 relegari
1170 599 1404 655 praecepit,
1428 599 1531 640 nihil

57 668 210 696 eorum
235 664 344 710 quae
374 653 427 696 de
452 669 497 696 se
538 656 767 697 obiiciebat
796 671 1005 712 quaerere
1043 671 1177 708 ausus,
1207 663 1393 698 metuens
1422 656 1531 696 mul-

54 710 270 753 titudines.
326 717 495 767 postera
521 727 626 754 vero
657 713 726 754 die
754 713 956 768 provehit
984 713 1229 768 episcopum
1257 713 1531 754 Timotheum

57 767 294 824 quendam,
337 769 635 825 presbyterum
660 775 705 811 et
733 784 928 810 vasorum
958 770 1176 811 custodem
1214 770 1425 822 ecclesiae,
1454 785 1531 810 co..

57 830 289 880 gnomento
320 825 606 881 ‘Lytrobulem
644 832 687 867 et
727 827 926 868 Celonem
964 834 1149 882 propter
1186 827 1388 882 quosdam
1419 832 1532 867 actus

56 881 352 923 convenientes
370 883 608 923 nominibus
627 897 640 935 3
659 884 734 939 qui
758 884 962 939 ingressus
991 884 1193 935 ecclesias,
1221 885 1405 939 primum
1425 883 1531 923 ima-

55 937 422 993 ginesiMacedonii
447 939 701 994 deponebat,
729 946 772 981 et
794 942 851 981 ita
877 940 1058 981 faciebat
1084 941 1221 982 missas
1246 945 1294 992 ¹).
1335 942 1534 981 loannem

55 1009 159 1037 vero
173 994 502 1038 Alexandrinum
517 997 558 1037 in
581 996 790 1051 diptvcbis
814 997 1042 1048 ordinavit,
1071 998 1107 1038 ei
1142 1013 1194 1039 ue
1211 998 1412 1040 svnodica
1425 996 1534 1038 scri-

53 1051 150 1107 psit·
178 1050 416 1106 imperator
432 1059 571 1094 autem
586 1045 852 1108 perpendens
873 1054 988 1110 quod
1012 1055 1099 1096 sine
1111 1013 1377 1110 depositione
1392 1056 1535 1095 Mace-

56 1107 236 1161 donium
250 1113 295 1149 et
310 1109 398 1150 sine
419 1109 576 1150 iudicio
599 1111 640 1150 in
657 1110 824 1151 exilium
842 1112 1015 1163 miserit,
1031 1112 1153 1151 misso
1177 1112 1375 1167 magistro
1391 1111 1535 1151 sistere

54 1165 158 1206 fecit
172 1178 271 1205 eum
299 1165 409 1206 ultra
426 1166 734 1221 Claudiopolim
755 1168 1036 1220 Honor-iadis,
1063 1169 1221 1223 sicque,
1246 1169 1362 1209 illum
1386 1168 1535 1209 absen-

54 1227 141 1263 tem
169 1221 402 1276 deponunt,
427 1238 524 1264 cum
553 1222 663 1264 idem
692 1224 767 1279 ipsi
785 1225 943 1264 fuerint
964 1230 1228 1266 accusatores
1248 1231 1369 1266 testes
1399 1230 1442 1265 et
1466 1225 1534 1265 iu-

56 1278 183 1330 dice-⁴3,
210 1279 460 1333 praesertim
487 1294 585 1321 cum
612 1280 695 1320 iam
727 1286 832 1321 esset
850 1290 948 1322 ante
978 1281 1178 1322 iudicium
1207 1283 1368 1336 pulsus·,
1397 1287 1439 1322 et
1456 1295 1536 1335 per

55 1335 274 1390 episcopos
303 1335 479 1377 mittunt
510 1337 841 1392 depositionem,
871 1344 914 1379 et
947 1339 1239 1396 presbyterum
1271 1339 1534 1395 Cyzicenum.

52 1391 131 1432 lios
157 1406 254 1433 cum
272 1391 441 1434 vidisset
457 1393 739 1446 macedonius,
771 1395 1015 1450 priusquam
1042 1410 1138 1436 cum
1166 1395 1242 1435 illis
1267 1396 1534 1451 loqueretur,

54 1449 349 1505 interrogabat
373 1450 408 1490 si
434 1451 699 1506 susciperent
726 1450 932 1507 synodum
954 1451 1351 1500 Chalcedonensem;
1383 1452 1534 1507 quibus

55 1505 290 1547 dicentibus
318 1507 440 1564 “quis
471 1508 583 1548 enim
611 1507 716 1548 αἷμ’
746 1515 848 1548 tunc
880 1509 967 1562 ipse
1009 1509 1068 1548 ait
1105 1509 1164 1549 “si
1196 1509 1439 1549 sabbatiani
1467 1507 1533 1548 vel

54 1563 348 1605 Macedoniani
390 1563 607 1605 deferrent
641 1563 744 1605 mibi
786 1563 1123 1619 depositionem,
1166 1571 1425 1606 convenerat
1467 1562 1668 1609 me90241

51 1620 305 1675 suscipere?
378 1626 422 1661 et
457 1621 517 1662 ita
557 1621 715 1662 reversi
761 1629 859 1662 sunt
899 1621 1154 1673 inefficaces,
1198 1621 1391 1677 idemque
1430 1636 1533 1676 per-

56 1676 175 1718 venit
204 1675 258 1718 ud
286 1677 550 1718 Euchaitem.
608 1683 712 1718 tunc
741 1685 785 1719 et
814 1678 1059 1719 Flavianum
1099 1679 1320 1720 festinabat
1350 1679 1533 1733 impera-

55 1739 131 1774 tor
158 1748 184 1774 a
205 1733 303 1775 sede
332 1734 597 1775 Antiochena
627 1735 803 1786 eiicere,
845 1740 887 1776 et
915 1749 997 1790 pro
1026 1735 1095 1776 illo
1122 1737 1325 1776 Severum
1352 1736 1531 1775 manife-

51 1797 164 1832 stum
206 1790 394 1832 veritatis
432 1791 650 1832 inimicum
693 1791 908 1833 inducere.
967 1800 1256 1846 apposuerunt
1289 1798 1428 1833 autem
1458 1807 1531 1832 ca-

51 1847 300 1889 lumniantes
328 1847 445 1903 quod
473 1863 549 1890 ore
580 1853 746 1889 tantum
777 1855 820 1890 et
849 1863 935 1888 non
964 1849 1094 1890 corde
1119 1849 1330 1905 synodum
1358 1849 1531 1898 anathe-

51 1898 372 1946 matizaverunt.
441 1905 495 1946 de
542 1911 687 1946 cetero
728 1912 773 1946 et
810 1905 1028 1946 consilium
1056 1913 1312 1960 acceperunt
1357 1905 1528 1954 iudices,

54 1961 130 2017 qui
158 1961 269 2002 missi
296 1962 467 2002 inerant
509 1961 562 2002 ab
607 1962 887 2017 imperatore,
918 1962 1098 2017 pellendi
1136 1978 1234 2003 eum
1279 1969 1321 2003 et
1348 1968 1530 2017 propter

52 2018 342 2059 turbationem
379 2017 596 2059 modicum
624 2018 896 2067 removendi;
942 2034 1028 2073 quo
1059 2020 1113 2060 ad
1141 2020 1337 2061 Platanos
1366 2034 1528 2074 egresso

53 2075 275 2116 confestim
315 2075 492 2129 impium
534 2076 738 2116 Severum
781 2076 1026 2128 constituit',
1055 2077 1129 2131 qui
1166 2082 1263 2116 ante
1301 2076 1528 2117 monachus

51 2132 194 2172 fuerat
226 2131 269 2171 in
299 2132 557 2174 monasterio
598 2132 983 2184 schismaticorum,
1022 2133 1136 2173 iuxta
1165 2134 1350 2174 Maiuma
1379 2135 1525 2172 Gazae.

52 2187 300 2228 Flavianum
329 2195 470 2229 autem
497 2189 611 2243 apud
640 2189 786 2230 Petras
829 2189 952 2230 exilio
983 2189 1195 2244 relegavit.
1251 2190 1324 2230 sed
1353 2195 1394 2230 et
1425 2189 1525 2229 alios

55 2245 280 2286 nonnullos
325 2244 544 2299 episcopos
580 2245 727 2286 ferreis
776 2246 950 2286 vinculis
990 2246 1249 2301 compeditos
1292 2261 1376 2286 una
1429 2260 1524 2285 cum

54 2301 311 2356 presbyteris
339 2308 382 2341 et
409 2301 664 2343 diaconibus
694 2302 829 2342 Helias
862 2317 963 2343 vero
992 2303 1394 2359 Hierosolymitanus
1425 2302 1526 2342 dum

53 2365 281 2413 cogeretur
317 2357 369 2397 ab
409 2357 668 2412 imperatore
713 2366 787 2400 aut
829 2359 987 2400 Severo
1030 2361 1343 2400 communicare
1372 2364 1445 2398 aut
1471 2359 1524 2398 ab

51 2415 304 2470 episcopatu
334 2413 511 2469 repelli,
549 2414 761 2455 monachis
800 2416 1140 2458 confortantibus
1172 2417 1321 2468 illum,
1348 2416 1400 2456 ab
1431 2416 1526 2470 epi-

104 2536 326 2585 ‘)Vfaciebat
345 2537 485 2585 missas]
510 2537 743 2586 ἐλειτούργει.
802 2538 898 2572 idem
922 2539 970 2573 de
1003 2540 1088 2574 vitis
1112 2541 1173 2574 PP.
1199 2539 1236 2572 in
1262 2538 1521 2572 Constantino:

148 2585 277 2641 missas
295 2585 518 2667 C{lipperaltclni
557 2586 657 2668 setcit.
707 2588 762 2669 sge
794 2586 1040 2670 loguebaptur
1072 2588 1229 2643 antiqui,
1253 2592 1294 2619 ut
1314 2586 1350 2666 Sl.
1375 2585 1524 2668 {onita-

151 2644 230 2667 cius
254 2644 294 2667 ar
343 2645 377 2667 ne
407 2658 415 2666 .
484 2645 506 2667 o
532 2645 579 2667 un
599 2659 608 2667 .
637 2646 657 2668 e
686 2659 694 2667 .
744 2646 778 2669 o.
864 2641 920 2670 ist.
983 2647 1010 2669 n
1041 2642 1105 2670 art.
1130 2641 1309 2668 intentes
1350 2658 1359 2666 .
1436 2645 1524 2667 mis-

150 2692 207 2715 sas
232 2680 350 2715 facere
379 2646 428 2715 1in
459 2645 630 2724 eccglesia‚
659 2646 701 2716 gt
724 2684 748 2716 l.
772 2682 796 2718 6
819 2683 944 2717 missas
972 2648 1144 2717 facpiemes
1182 2647 1355 2722 seirsum,
1383 2687 1421 2715 et
1448 2681 1472 2714 l.
1503 2682 1523 2716 7

151 2740 312 2763 seorsum
338 2729 469 2775 agebat
494 2730 628 2764 missas.
678 2733 728 2765 sic
758 2732 867 2765 etiam
896 2732 1062 2778 loquitur
1087 2732 1111 2764 l.
1141 2730 1184 2764 12
1208 2741 1239 2762 e.
1266 2730 1300 2764 2.
1325 2735 1362 2763 et
1384 2729 1522 2763 Flodo-

148 2776 254 2810 ardus
283 2775 368 2811 hist.
385 2779 509 2812 Rem.l
536 2778 558 2812 2
583 2789 612 2811 e.
634 2778 687 2812 13.
715 2778 813 2814 idem
840 2785 963 2815 tamen
989 2780 1167 2826 interpres
1191 2779 1314 2812 missas
1338 2777 1523 2812 celebrare

151 2823 247 2860 dixit
271 2826 295 2859 l.
324 2826 368 2861 10
390 2837 418 2859 c.
445 2825 502 2860 23.
553 2825 656 2862 Fun.
