1768 3268
539 220 607 261 Ex
647 219 998 262 THEOPHANE.
1445 212 1509 260 99

27 338 204 375 stratum
244 339 395 375 contra
439 332 688 374 barbaricas
739 334 928 374 nationes
975 333 1212 374 obtinentes
1260 332 1512 373 mirabiliter

28 390 374 446 triumpharunt3
421 391 662 446 exuviisque
710 392 883 432 ostensis
918 397 961 431 et
999 405 1048 431 ex
1079 390 1189 431 bello
1219 391 1437 445 mancipiis
1471 390 1512 429 in

29 448 166 488 media
195 448 304 488 urbe
340 449 508 503 pompis
558 448 660 488 haee
698 448 950 502 publicavit,
989 447 1105 503 quod
1137 447 1402 501 triumphum
1433 461 1515 487 vo-

29 510 128 544 cant
155 505 348 546 Romani.
415 506 474 544 sic
514 505 648 545 veteri
688 505 859 560 quidem
890 504 1047 555 modo,
1076 504 1147 544 sed
1181 504 1367 558 pedestri
1396 504 1514 544 ince-

33 562 133 601 dens
162 575 215 602 ex
255 562 385 602 domo
434 577 508 602 sua
539 576 673 617 usque
707 561 761 601 ad
791 561 1164 616 Hippodromium.
1222 566 1343 600 erant
1375 567 1516 600 autem

30 618 203 658 exuviae
234 624 452 674 quotquot
490 618 852 659 administratorio
896 618 1101 673 principis
1131 617 1273 659 ordini
1304 623 1518 671 compete-

31 675 161 725 bant,
191 675 234 715 id
278 681 341 716 est
368 675 514 716 throni
560 676 676 716 aurei
708 682 751 716 et
796 674 978 726 rhedae,
1008 675 1161 730 quibus
1192 689 1336 729 regum
1369 688 1518 714 uxores

31 732 260 784 vehuntur,
292 739 552 788 ornatusque
580 733 632 773 de
680 731 886 787 lapidibus
919 732 1114 786 pretiosis
1147 731 1418 785 compositus,
1451 746 1518 770 ar-

30 789 145 843 genti
175 802 350 844 quoque
392 789 523 829 multa
565 789 681 829 milia
711 790 985 840 talentorum,
1013 795 1057 829 et
1089 789 1354 829 diversorum
1384 788 1519 842 impe-

34 845 202 885 rialium
230 859 451 895 vasorum,
482 861 593 901 quae
622 846 878 895 Gezerichus
907 847 1102 887 Romano
1134 845 1369 900 despoliato
1398 846 1519 900 pala-

34 902 96 941 tio
129 902 314 943 Africam
344 903 468 951 tulit,
512 904 623 943 inter
667 918 775 958 quae
803 909 846 942 et
874 902 1124 943 ludaeorum
1154 917 1262 950 vasa,
1293 916 1402 957 quae
1432 902 1520 941 Ve-

31 959 209 1013 spasiani
239 959 348 1000 lilius
375 960 495 1000 Titus
523 968 622 1014 post
660 966 829 1015 captam
868 961 1203 1015 Hierosolymam
1235 960 1411 999 Romam
1446 957 1521 998 ‹le-

33 1017 203 1057 tulerat.
280 1016 490 1071 mancipia
542 1031 644 1057 vero
693 1024 815 1058 erant
855 1031 902 1057 ex
946 1015 1165 1070 triumpho
1207 1021 1291 1055 tam
1323 1016 1410 1069 ipse
1439 1017 1522 1055 Ge·

35 1073 171 1124 Emer,
199 1074 493 1114 vestimentum
523 1073 740 1128 quoddam
769 1080 945 1128 portans
976 1087 1258 1128 purpureum,
1289 1079 1332 1113 et
1364 1087 1524 1127 cogna-

37 1130 99 1168 tio
129 1130 217 1170 eius
251 1131 458 1182 universa,
493 1131 786 1172 vandalorum
817 1146 991 1186 quoque
1020 1136 1236 1186 quotquot
1267 1130 1386 1170 valde
1417 1142 1524 1183 pro-

36 1186 142 1227 lixae
168 1192 358 1228 staturae
387 1201 438 1228 ac
475 1188 579 1228 boui
620 1188 817 1242 corporis
846 1194 983 1228 erant.
1058 1201 1239 1242 cumque
1268 1186 1456 1227 Gelimer
1480 1187 1520 1225 in

37 1243 398 1297 Hippodromium
426 1243 698 1298 pervenisset,
744 1251 788 1285 et
833 1249 919 1284 tam
949 1244 1255 1298 imperatorem
1282 1258 1409 1298 supra
1446 1243 1525 1283 tri-

35 1300 164 1340 buual
190 1300 406 1341 sedentem
436 1316 566 1356 quam
596 1316 645 1342 ex
687 1308 870 1356 utraque
898 1307 1020 1355 parte
1054 1301 1199 1355 vulgus
1229 1306 1364 1340 astans
1395 1299 1525 1340 vidis..
1537 1302 1656 1348 p.310

36 1364 125 1408 set,
156 1370 242 1397 non
286 1358 528 1412 quiescebat
570 1358 750 1399 clamans
792 1358 983 1398 “vanitas
1024 1358 1282 1408 vanitatum,
1313 1363 1356 1398 et
1385 1357 1528 1398 omnia

35 1413 235 1454 vanitas.”
293 1415 608 1468 pertingentem
637 1422 778 1456 autem
816 1430 913 1455 eum
945 1416 1058 1455 iuxta
1090 1415 1356 1469 imperatoris
1386 1414 1527 1454 tribu-

30 1470 106 1510 *nal
132 1484 329 1525 purpura
357 1471 444 1511 eius
473 1471 611 1511 ablata
652 1486 840 1526 pronum
879 1471 1032 1512 cadere
1071 1477 1114 1512 et
1153 1470 1334 1511 adorare
1375 1473 1528 1526 coe'ge-

39 1535 140 1568 runt
172 1527 492 1582 imperatorem.
562 1534 607 1568 at
636 1543 741 1569 vero
773 1529 1010 1583 imperator
1049 1529 1248 1568 Gelimeri
1279 1526 1454 1582 praedia
1485 1527 1528 1566 in

35 1584 204 1624 Galatia
235 1584 365 1625 multa
397 1584 581 1625 contulit
610 1591 653 1626 et
681 1601 877 1637 amoena,
908 1591 950 1624 et
983 1599 1080 1624 cum
1113 1585 1306 1625 omnibus
1339 1584 1527 1638 cognatis

37 1641 119 1682 suis
151 1642 193 1682 in
221 1641 283 1681 bis
314 1640 510 1682 habitare
534 1642 740 1696 permisit.
810 1657 957 1682 verum
988 1641 1101 1682 hunc
1132 1642 1172 1681 in
1203 1641 1373 1696 patricii
1406 1641 1528 1680 ordi-

39 1713 135 1738 nem
169 1713 252 1739 non
282 1699 494 1752 provexit,
522 1713 574 1739 eo
606 1699 724 1754 quod
763 1699 816 1740 ab
850 1699 940 1740 Arii
966 1706 1077 1740 secta
1108 1698 1324 1740 discedere
1357 1698 1529 1738 minime

36 1755 313 1798 consentiret.

152 1828 399 1870 'Salomone
423 1836 643 1885 praeterea
687 1843 776 1870 rem
805 1829 1018 1884 publicam
1047 1828 1298 1869 moderante
1326 1827 1531 1869 Maurusii

35 1885 246 1940 praelium
275 1885 472 1928 adversus
502 1887 624 1928 Afros
649 1892 891 1927 moverunt.
953 1901 1088 1941 porro
1118 1885 1321 1926 Maurusii
1353 1900 1399 1926 ex
1429 1899 1531 1940 geu-

35 1943 146 1983 tihus
178 1942 436 1984 descendunt
480 1959 581 2000 quas
633 1945 738 1984 lesus
779 1946 892 1984 Nave
922 1958 970 1984 ex
1013 1943 1185 1998 regione
1214 1942 1476 1983 Phoenicum
1506 1956 1529 1981 a

37 1999 196 2040 Sidone
225 1999 277 2040 ad
317 2003 553 2057 Aegyptum
599 2015 732 2055 usque
771 1999 1009 2041 habitantes
1050 2000 1202 2054 abegit·
1270 2000 1345 2056 qui
1374 2013 1528 2054 perve-

39 2057 200 2096 nientes
230 2059 490 2114 Aegyptum,
532 2064 575 2098 et
608 2071 693 2097 non
727 2059 887 2113 recepti
918 2058 970 2097 ab
1002 2056 1081 2107 eis,
1122 2057 1176 2097 ad
1205 2056 1384 2113 Libyam
1412 2056 1530 2095 veni-

38 2118 141 2161 unt;
171 2118 213 2152 et
239 2112 349 2154 hanc
378 2114 707 2156 inhabitantibus
737 2114 795 2155 eis
813 2145 826 2166 ,
865 2114 1090 2155 novissimo
1121 2120 1318 2168 tempore
1344 2114 1527 2167 impera-

40 2175 155 2210 tores
183 2170 362 2211 Romani
406 2178 567 2212 terram
615 2171 853 2212 obtinentes
884 2170 994 2211 banc
1036 2171 1156 2211 Hoen
1188 2170 1658 2225 nominaverunt‚p.311

38 2232 267 2267 statuentes
311 2228 454 2268 titulos
502 2229 607 2269 duos
647 2241 774 2283 supra
821 2243 1019 2283 magnum
1050 2229 1211 2268 fontem
1242 2242 1290 2268 ex
1320 2227 1527 2281 lapidibus

40 2282 228 2324 candidis
258 2284 467 2337 concavis,
495 2285 698 2326 babentes
729 2285 889 2326 litteras
910 2284 1181 2335 Phoeniceas,
1210 2284 1395 2325 dicentes
1426 2284 1528 2323 lnaec

39 2340 147 2380 “nos
186 2356 325 2381 sumus
367 2341 440 2396 qui
480 2341 660 2397 fugimus
701 2357 723 2381 a
766 2342 873 2382 facie
908 2343 997 2382 lesu
1031 2341 1232 2391 latronis,
1275 2341 1347 2381 [ilii
1378 2341 1526 2380 Nave.'’

0 2438 7 2448 ,
40 2404 162 2439 erant
205 2405 346 2439 autem
388 2404 431 2438 et
473 2399 577 2440 aliae
624 2403 766 2453 gentes
800 2399 841 2439 iu
883 2399 1023 2439 Africa
1062 2398 1252 2454 primum
1282 2397 1526 2451 indigenae,

39 2453 240 2495 habentes
284 2469 427 2510 regem
452 2455 711 2510 Asclepium,
752 2456 825 2512 qui
854 2456 1051 2496 Heraclio
1082 2454 1369 2509 conregnavit,
1401 2467 1528 2508 quem

39 2516 183 2552 terrae
214 2512 347 2552 filium
377 2526 463 2553 esse
485 2516 835 2553 ‘asseveraverunt
875 2513 949 2568 qui
978 2513 1274 2567 Carthaginem
1319 2508 1527 2550 condide-

41 2573 155 2609 runt.
213 2568 412 2609 Salomon
445 2575 586 2610 autem
606 2585 628 2609 a
657 2569 911 2624 Carthagine
940 2569 1115 2624 sumptis
1144 2567 1392 2609 exercitibus
1421 2580 1525 2606 con-

42 2629 107 2664 tra
136 2625 372 2667 Maurusios
403 2626 664 2681 properavit,
695 2626 767 2681 qui
801 2626 842 2666 in
877 2626 1017 2681 fugam
1046 2627 1152 2666 versi
1186 2631 1228 2665 et
1255 2639 1297 2664 se
1329 2624 1371 2663 in
1396 2638 1523 2678 prae-
1538 2642 1572 2677 p.
1600 2633 1667 2667 312
1697 2630 1739 2663 15

41 2680 184 2735 cipitia
230 2682 520 2737 demergentes
559 2689 689 2723 semet
730 2684 839 2738 ipsos
884 2683 1159 2723 interficiunt.
1221 2687 1390 2720 mortua
1420 2694 1523 2720 vero

43 2744 139 2777 sunt
171 2739 211 2779 in
245 2739 327 2780 hoc
355 2740 466 2780 bello
487 2740 802 2781 Maurusiorum
827 2740 1130 2795 quinquaginta
1163 2737 1291 2786 milia,
1312 2737 1525 2777 Romano-

42 2808 137 2834 rum
164 2810 267 2837 vero
300 2797 465 2851 penitus
497 2797 642 2837 nultus.
711 2797 813 2852 quin
858 2811 934 2837 nec
966 2798 1094 2836 ictum
1125 2796 1346 2852 quisquam
1376 2809 1525 2833 eorum

44 2850 172 2892 ullum
194 2853 370 2907 accepit,
393 2853 461 2894 sed
495 2869 637 2895 omnes
669 2853 895 2893 incolumes
927 2853 1153 2901 victoriam
1172 2851 1384 2892 consecuti
1418 2857 1525 2891 sunt.
