1728 3184
445 165 628 208 NOTAE
664 166 1045 212 POSTERIORES.
1386 163 1482 212 649

20 298 99 324 κνα
125 278 273 325 αὗτοῦ.
331 284 441 325 latet·
462 300 529 326 me
569 285 682 327 unde
717 286 764 329 P.
793 289 910 328 Goar
954 290 996 329 in
1028 296 1114 329 not.
1144 296 1227 330 tres
1257 289 1482 337 habuerit3

23 339 100 381 nisi
125 353 220 381 eum
249 341 453 381 memoria
483 342 651 383 fefellit:
683 343 830 382 tertius
850 344 959 384 enim
988 345 1147 386 Nicetas
1175 346 1373 401 abrogata
1404 345 1486 385 iam

22 397 238 439 Constant.
263 395 466 452 dignitate
493 405 612 439 natus
641 398 821 438 videtur.

134 458 234 513 684,
264 461 303 502 1.
361 463 407 503 ἐν
441 468 532 511 τοῖς
559 462 797 517 Πελαγιόυ]
843 465 943 520 Reg.
983 474 1060 507 etc,
1099 469 1142 507 in
1167 468 1331 522 Pelagii
1356 467 1486 523 sepul-

20 521 132 561 chra.
157 517 231 559 hic
257 518 421 562 em'end.
453 519 635 561 Cedreni
685 528 831 573 textus,
861 535 947 576 quo
976 521 1164 574 habetur,
1194 522 1254 570 εἰς
1279 521 1324 564 τὸ
1353 525 1487 563 πέλα-

21 589 127 629 γοςε
160 575 301 630 plane,
341 574 402 623 εἰς
431 573 494 629 :ni
538 577 772 629 Πελαγιόυ.
816 578 882 619 vel
925 583 973 618 ut
1002 579 1087 632 ipse
1120 579 1285 631 scribit,
1319 575 1364 619 τὸ
1394 580 1488 620 Πε-

22 629 182 686 Myon.

139 685 238 738 685,
270 687 311 730 8.
368 683 447 739 τὴν
475 686 522 727 ὲκ
551 685 634 727 τῶν
661 687 991 744 ἑξαγορεύσεων]
1025 690 1124 744 Reg.
1153 695 1229 730 etc.
1251 702 1488 740 προσοικει-

22 743 185 784 oso-‘iat
210 746 300 790 τοῖς
323 741 540 790 τοιούτοις.
613 743 686 784 καί
712 744 768 798 τῷ
790 743 987 801 μακαρίῳ
1020 741 1222 800 Στεφάνῳ
1251 745 1307 798 τῷ
1334 746 1487 798 ἐγκλεί-

21 813 122 855 atq).
177 799 237 840 sic
264 799 365 854 legit
395 798 620 854 redditque
638 803 780 840 Anast.
813 801 1011 856 quicquid
1043 800 1168 841 modo
1199 800 1320 840 codd.
1347 815 1490 842 vocem

26 851 228 912 Στεφάνῳ
263 853 516 896 desiderent.
574 856 706 910 liquet
737 856 788 897 de
818 872 868 897 eo
900 859 941 897 S.
970 858 1160 897 Auxentii
1193 856 1348 896 incluso
1377 872 1490 897 mar.

23 918 120 967 tyre
151 911 221 952 hie
238 911 322 967 agi,
350 911 402 952 de
431 926 517 966 quo
537 926 678 966 supra,
704 926 798 952 cum
817 913 939 966 ipsius
966 912 1175 968 Strategii,
1205 927 1253 952 ac
1282 912 1491 954 sociorum

23 975 236 1009 certamen
266 968 447 1009 relatum
478 975 551 1019 est,
580 983 626 1008 ea
644 970 863 1008 occasione
894 970 1009 1024 quod
1039 970 1065 1009 ii
1083 970 1135 1009 ad
1156 968 1269 1009 illum
1297 969 1492 1023 frequen-

27 1031 87 1065 tes
119 1025 247 1075 irent,
276 1038 435 1080 suaque
465 1023 523 1064 illi
551 1030 721 1078 peccata
749 1040 867 1065 sacro
901 1025 1221 1080 exhomologesis
1251 1025 1335 1064 ritu
1366 1038 1492 1078 expo-

26 1087 207 1122 nerent:
238 1086 287 1122 ut
314 1086 412 1121 sunt
449 1081 538 1121 sere
569 1081 793 1121 etiamnum
833 1082 946 1135 apud
978 1084 1162 1122 Graecos
1191 1081 1266 1120 soli
1296 1080 1491 1134 religiosi,

25 1134 66 1177 oi
93 1130 399 1190 πνευματικοί,
433 1151 483 1177 ac
510 1137 775 1189 confessarii,
803 1153 907 1191 quos
935 1152 1152 1185 vocamu53
1184 1136 1383 1192 quicquid
1411 1150 1494 1176 no-

26 1199 178 1234 strates
203 1193 328 1234 multi
356 1207 483 1247 aegre
519 1193 657 1234 ferant
693 1194 735 1233 id
758 1194 876 1234 nobis
902 1195 1099 1245 muneris,
1130 1207 1179 1233 ac
1217 1191 1493 1233 mendioanti-

24 1250 132 1300 bus,
177 1255 295 1291 tanta
323 1249 613 1290 Romanorum
652 1250 899 1304 pontificum
938 1251 1204 1305 indulgentia,
1236 1254 1279 1289 et
1307 1254 1355 1288 ut
1381 1248 1495 1290 velut

27 1305 209 1347 vicarios
237 1319 334 1346 suos
365 1306 408 1346 iu
435 1306 563 1346 animi
594 1307 690 1346 foro
721 1312 813 1346 toto
842 1307 1109 1356 constituant,
1140 1304 1332 1359 delegari.
1387 1305 1496 1345 male

25 1377 127 1418 ergo
153 1362 203 1403 P.
236 1363 355 1403 Goar
389 1363 527 1403 nescio
564 1377 687 1417 quem
715 1362 791 1403 sibi
809 1364 1036 1403 macarium
1065 1364 1105 1403 S.
1125 1360 1324 1416 Stephani
1352 1360 1493 1400 iunio-

27 1418 85 1459 ris
108 1418 271 1459 socium
301 1417 506 1459 inclusum
546 1419 759 1473 confingit.
828 1424 987 1459 tantam
1014 1420 1121 1459 hane
1149 1418 1190 1457 in
1222 1416 1495 1457 monasticum

26 1473 220 1516 ordinem
269 1473 542 1516 scelestissimi
585 1475 754 1530 tyranni
795 1475 979 1515 sevitiam
1017 1476 1118 1515 libet
1163 1473 1229 1513 hic
1266 1472 1409 1527 paucis
1449 1472 1493 1517 S.

25 1530 245 1572 Theodori
273 1531 411 1572 verbis
442 1531 482 1571 in
511 1532 688 1572 Platone
718 1538 839 1585 patre
878 1532 1051 1572 referre.
1079 1525 1240 1583 ἤκμαζε
1268 1528 1490 1582 τηνικαῦτα

26 1582 48 1628 ὅ
74 1584 240 1640 χειμών
265 1587 340 1640 τῆς
372 1585 596 1640 ἀσεβείας,
641 1588 961 1634 Κωνσταντῖνος
994 1585 1015 1626 ὅ
1045 1582 1253 1638 δὐσσεβῆς
1280 1580 1490 1635 λογισμός,

29 1641 78 1685 τὸ
106 1643 180 1698 τῆς
205 1644 356 1690 κακίας
384 1643 566 1696 δοχεῖον,
600 1642 623 1683 ὁ
653 1643 944 1697 πολυκέφαλος
973 1639 1152 1694 δράκων,
1182 1637 1204 1681 ὅ
1233 1640 1304 1692 ῗῆς
1333 1637 1490 1679 εἷκονο.

26 1698 216 1765 μανικῆς
245 1695 452 1750 αἱρέσεως
490 1696 740 1753 τριστάτης,
782 1696 804 1738 ὅ
832 1699 906 1739 τοῦ
931 1698 1163 1747 μοναδικοῦ
1189 1694 1397 1748 τάγματος
1422 1708 1492 1734 πι-

30 1769 135 1808 κρος
160 1752 356 1810 διώκτης·
425 1752 473 1803 ὃς
512 1756 607 1796 τίνα
648 1756 727 1806 μὲν
756 1754 838 1794 τῶν
879 1754 973 1794 καθ’
1003 1750 1114 1807 ἡμᾶς
1143 1748 1388 1802 Ναζιραίων
1416 1749 1494 1789 ov'x

27 1807 256 1866 ἑξηφάνισε
275 1827 287 1837 ·
341 1811 437 1852 τίνα
473 1811 519 1852 δὲ
551 1808 939 1864 κρυπτόμενονωῦκ
965 1809 1024 1858 εἰς
1054 1807 1184 1860 μέσον
1212 1802 1351 1860 ἤγαγε·
1378 1809 1494 1845 ποῖον

30 1867 78 1908 δὲ
111 1863 441 1922 ἀναφερόμενον
487 1867 539 1907 ου’
567 1867 827 1907 κατέσπασεν
873 1866 933 1914 εἷς
958 1862 1002 1906 τὸ
1033 1865 1108 1917 τῆς
1138 1862 1332 1915 α’σεβείας
1359 1859 1492 1913 βάρα-

27 1925 164 1975 θρον·
224 1920 282 1969 ὥς
310 1919 451 1964 εἵπου
475 1923 569 1964 τινα
598 1924 954 1976 ἑναπολειφθέντα
979 1921 1062 1961 τῶν
1090 1918 1323 1974 ἐπιφανῶν,
1350 1913 1489 1972 ὥσπέρ

27 1994 124 2019 τινα
155 1978 371 2032 σπινθῆρα
403 1978 448 2019 ἐν
482 1977 708 2036 ἀποβύστῳ
748 1979 858 2034 tom?
886 1980 1087 2030 κείμενον,
1117 1977 1161 2016 ἐν
1186 1978 1346 2025 νεκροῖς
1377 1975 1491 2012 isto·

27 2035 179 2088 γίσθαι
207 2033 321 2087 παρὰ
350 2035 432 2075 τῶν
460 2031 521 2076 ἔτι
552 2034 661 2087 ὑπὲρ
691 2035 767 2088 γῆς
806 2028 949 2075 ὄντων.
1005 2035 1167 2086 vigebat
1190 2041 1281 2071 tnnc
1308 2030 1491 2082 temporis

28 2093 255 2147 impietatis
280 2091 491 2145 procella,
537 2091 817 2132 Constantinus
855 2106 964 2130 mens
990 2092 1145 2144 impia,
1180 2086 1372 2141 nequitiae
1396 2099 1490 2124 con-

30 2148 304 2203 ceptaculum,
333 2148 539 2203 multiceps
567 2149 709 2198 draco,
740 2148 1092 2188 iconomachorum
1113 2144 1281 2183 haeresis
1308 2141 1396 2180 dux
1421 2139 1490 2179 al-

28 2213 107 2255 ter,
139 2205 356 2253 monastici
379 2205 537 2244 ordinis
567 2218 706 2244 saevus
729 2212 972 2259 persecutor.
1036 2213 1152 2257 quem
1178 2199 1248 2238 ille
1273 2205 1491 2259 nostrorum

28 2260 346 2302 Nazaraeorum
388 2274 470 2300 non
509 2261 694 2300 sustulit?
731 2274 847 2316 quem
875 2260 1108 2299 latitantem
1135 2270 1214 2295 non
1240 2255 1282 2292 in
1313 2251 1492 2291 medium

31 2316 266 2372 produxit?
298 2330 414 2372 quem
446 2317 693 2356 resistentem
736 2331 816 2356 non
843 2316 888 2354 in
917 2314 1130 2370 impietatis
1158 2309 1391 2350 barathrum
1418 2307 1493 2346 de-

29 2374 195 2414 traxit?
230 2382 274 2413 ut
299 2373 424 2426 siquis
471 2386 528 2413 ex
555 2373 778 2412 illustribus
814 2371 964 2411 alicubi
1002 2377 1192 2424 superstes
1231 2372 1328 2404 esset
1348 2393 1361 2413 ,
1391 2364 1495 2402 velut

32 2429 216 2469 scintilla
242 2430 291 2470 in
312 2429 474 2470 obscuro
501 2429 591 2468 loco
612 2430 762 2483 posita,
792 2429 896 2467 inter
922 2435 1099 2466 mortuos
1120 2424 1169 2462 iis
1190 2427 1492 2482 computaretur,

29 2485 103 2540 qui
126 2487 313 2526 hactenus
341 2499 465 2541 super
488 2496 644 2525 terram
685 2485 782 2524 lucis
802 2497 925 2524 usura
935 2481 1218 2534 fruebantur.-
1250 2474 1493 2537 qualus-sub-

30 2540 131 2582 inde
157 2541 201 2586 S.
232 2542 355 2582 Plato
390 2540 675 2591 describitur,
722 2554 846 2595 quem
875 2537 1062 2593 plerique
1107 2535 1245 2573 vivere
1275 2536 1493 2596 nescirent,

30 2597 238 2638 miraculo
268 2597 434 2638 habitus
461 2612 556 2637 cum
585 2596 768 2637 extincto
799 2602 978 2651 tyranno
998 2591 1238 2652 Byzantium·
1254 2592 1387 2651 petiit,
1421 2600 1493 2625 re-

30 2653 131 2694 licta
165 2654 368 2709 tantisper
396 2654 635 2703 solitudine,
665 2653 735 2694 ubi
766 2667 862 2692 vere
890 2649 1062 2690 scintilla
1100 2660 1199 2686 unus
1227 2658 1315 2698 lpse
1332 2657 1383 2707 ⁸in
1402 2655 1493 2708 ιῇιο-

31 2710 268 2753 nachon-um
313 2710 485 2752 multam
524 2716 701 2766 segetem
737 2708 940 2765 provexit.
1015 2702 1251 2755 εὔθυνῆσαι
1294 2714 1342 2741 τα
1387 2697 1492 2750 ειδη.

31 2766 134 2823 Reg.
162 2774 242 2810 etc.
