1728 3184
713 137 916 181 NOTAE.
1428 127 1489 181 34
1497 130 1528 178 9

173 254 246 306 83,-
273 254 339 300 11.
394 250 578 308 σωτήρια
615 256 965 310 περιλειφθέντας
1011 259 1132 314 λαοῦ]
1178 261 1317 314 piures
1345 263 1392 302 e'x
1422 263 1525 303 A‘m..

54 311 199 352 :miano
239 312 459 353 sententias
511 311 552 351 in
592 313 746 367 scripta
790 314 1017 353 traduxisse
1056 323 1271 356 auctorem
1303 318 1527 359 observant

55 374 183 410 notae
210 368 318 419 duae
346 368 660 422 praecedentes.
693 383 741 409 ex
769 369 916 408 eodem
942 370 1047 421 μιάν
1074 371 1292 425 συμβολήν
1321 376 1521 426 πολέμου,

58 432 101 465 et
139 439 286 479 pacem
335 424 480 465 exinde
527 424 802 479 compositam
839 425 1005 479 scripsit
1043 441 1089 466 ex
1137 428 1301 469 eodem:
1350 429 1408 476 ὥς
1438 430 1521 470 ἀπο

55 481 164 520 θεοῦ
194 482 422 534 γενομένην
452 480 580 532 dixit,
612 482 715 522 baec
756 482 885 521 verba
926 482 1121 523 imitatus.
1181 483 1357 537 furebat
1382 488 1524 527 inedia

54 537 202 592 iraque
225 539 406 593 percitus
433 537 642 578 Romanus·
669 538 782 578 miles
799 568 812 589 ,
833 539 959 589 firro
1003 553 1225 594 properans
1261 556 1384 596 quam
1403 541 1525 596 fame

53 593 322 647 ignavissimo
349 608 493 648 genere
520 595 680 645 mortis,
709 595 884 635 absumi.
943 604 1035 635 erat
1050 604 1181 635 tamen
1203 611 1282 652 pro
1309 599 1420 638 nobis
1451 614 1523 638 ae-

55 658 210 691 ternum
240 648 314 690 dei
339 651 526 691 caelestis
561 665 711 691 numen
726 681 743 703 5
767 661 805 690 et
845 652 992 691 Persae
1016 662 1180 707 praeter
1207 663 1379 708 sperata
1399 657 1522 709 prio-

53 719 120 746 res
133 735 146 757 ,
191 720 315 762 super
334 705 567 759 fundanda
597 721 704 761 pace
744 716 922 747 oratores
963 707 1165 748 Surenam
1214 718 1255 748 et
1286 712 1522 766 optimatem

52 762 181 802 alium
209 763 387 812 mittente,
427 762 498 802 hic
526 762 695 804 Nisibim
727 764 862 804 Persis
902 764 1092 804 retictam
1117 761 1308 818 σωτήρια
1338 768 1524 818 περιλει-

90 818 247 866 &snm
272 818 407 868 λαοῦ,
449 819 538 870 ait3
579 820 691 875 quod
730 819 847 874 prius
887 819 955 861 ine
999 822 1123 860 fassus
1152 826 1227 861 est.
1252 823 1423 876 petebat
1446 838 1524 862 rex

52 832 86 927 ῗ
75 873 314 928 Persarum)
343 875 579 916 obstinatius
614 892 694 933 pro
731 877 1005 932 redemptione
1033 887 1170 918 nostra
1193 880 1367 935 quinque
1391 882 1525 933 regio—

49 944 120 971 nes
145 931 494 987 transtigritanas.

163 997 233 1048 84,
260 998 302 1041 5.
333 998 437 1051 μηνί
458 996 810 1056 ‘new-sperato]
843 999 1023 1039 Octobri
1044 1000 1294 1041 Ammianus.
1308 999 1524 1058 flagrante

50 1054 145 1095 inde
173 1056 319 1107 lyeme
349 1056 579 1110 projectus,
612 1057 737 1108 signis
777 1056 1009 1097 vetantibus
1048 1057 1261 1112 plurimis,
1290 1067 1365 1099 etc.
1426 1059 1523 1115 qui..

49 1110 222 1152 busdam
255 1125 302 1151 ex
345 1111 422 1151 illis
468 1118 564 1151 ante
596 1113 724 1152 verba
761 1112 883 1151 aliata
910 1114 1121 1167 expositis,
1153 1128 1346 1168 praesens
1373 1115 1523 1169 prodi-

49 1168 164 1222 gium
181 1168 326 1219 tacuit,
357 1168 563 1208 vocabulo
594 1168 805 1208 communi
834 1167 936 1208 illud
967 1169 1151 1210 indicare
1179 1177 1411 1215 contentus.

157 1239 268 1282 Ibid.
302 1241 368 1281 12.
426 1235 584 1288 ὕπατος
620 1239 846 1295 προῆλθεν]
890 1238 936 1279 τὸ
966 1242 1278 1297 προέρχεσθαι,
1328 1249 1370 1284 et
1398 1243 1523 1297 προέ-

51 1299 195 1344 λευσις
223 1296 274 1338 de
304 1296 588 1352 imperatore,
619 1297 684 1337 vel
726 1297 972 1351 magistratu
1020 1297 1153 1349 dicta,
1198 1314 1281 1340 non
1323 1301 1523 1341 incessum

47 1355 290 1408 simpiicew,
319 1354 390 1394 sed
421 1353 492 1409 qui
532 1368 627 1393 cum
666 1361 873 1408 apparatu
913 1361 955 1393 et
983 1369 1139 1409 pompa
1169 1355 1420 1407 celebratur,
1454 1357 1522 1397 in-

46 1416 281 1465 terpretor.
349 1409 493 1451 asserti
534 1411 802 1451 auctoritates
840 1411 1055 1464 proferam
1103 1412 1202 1452 alibi
1246 1413 1519 1454 commodius.

47 1465 189 1522 quoad
217 1473 480 1521 praesentem
498 1467 656 1506 Ioviani
686 1467 862 1507 consulis
891 1468 1125 1507 renunciati
1153 1469 1521 1519 προέλευσινΑω..

47 1523 208 1563 mianus
241 1522 308 1564 tib.
339 1523 392 1562 25
425 1537 562 1563 versus
606 1524 743 1563 finem.
809 1537 900 1562 cam
928 1524 1125 1563 introisset
1152 1526 1361 1577 Ancyram
1391 1528 1520 1581 impe-

45 1590 180 1631 rator,
206 1581 368 1634 panacis
397 1578 462 1619 ad
491 1594 694 1635 pompam
729 1594 810 1635 pro
847 1589 1023 1635 tempore
1049 1582 1302 1632 necessariis,
1331 1583 1519 1623 consula..

43 1645 130 1675 tam
157 1638 263 1686 iniit,
292 1636 471 1678 adhibito
500 1637 544 1676 in
570 1637 803 1676 societatem
833 1637 998 1676 trabeae
1030 1636 1303 1678 Varroniano
1319 1639 1426 1694 ‚filio
1451 1655 1519 1680 suo

45 1693 268 1733 admodum
308 1692 515 1747 parvulo:
556 1694 666 1733 cuius
710 1693 874 1746 vagitus
908 1694 1179 1747 pertinaciter
1208 1695 1439 1735 reluctantis
1468 1710 1519 1736 ne

43 1749 88 1788 in
115 1750 246 1789 curuli
270 1749 376 1790 sella
402 1749 614 1790 veheretur
647 1764 702 1791 ex
727 1763 857 1800 more,
902 1749 950 1789 id
973 1749 1083 1805 quod
1106 1764 1210 1791 mox
1237 1752 1395 1793 accidit
1417 1766 1519 1808 por-

43 1805 248 1846 tendebat.
986 1859 989 1862 Ι

156 1870 266 1913 Ibid.
305 1870 370 1912 13.
430 1871 688 1927 ἐπιφανέντα
723 1869 797 1913 τὸν
837 1868 1327 1928 αὖτόνλίναγορεύσας]
1369 1871 1516 1914 Philo-

42 1928 224 1982 storgius
255 1927 481 1969 Photianus
512 1930 627 1985 quasi
658 1930 739 1970 dux
775 1929 907 1970 verbi.
940 1926 1119 1982 γεγονώς
1150 1930 1194 1970 ἐν
1217 1925 1403 1985 Ἀγκύρᾳ
1434 1927 1518 1969 θά-

43 1998 166 2037 τερον
208 1983 293 2024 τῶν
338 1982 476 2025 αὐτοῦ
526 1985 690 2026 παιὸὦν
741 1982 1047 2038 Ουάρωνιανόν
1093 1985 1245 2039 κομιδῆ
1288 1987 1381 2026 νέον
1417 1977 1516 2026 ὄντα

42 2040 378 2094 ἐπιφανέστατον
405 2038 463 2093 (ὅ
497 2040 614 2095 παρὰ
638 2039 867 2092 Ῥωμαίοις
906 2039 951 2082 τὸ
982 2042 1285 2094 νωβελι’σσιμον
1315 2040 1514 2095 δύναται)

42 2094 309 2149 ἀναγορεύει.
348 2098 549 2150 Ancyrae
576 2099 805 2138 constitutus
835 2099 1010 2138 alteram
1042 2114 1064 2138 e
1076 2098 1197 2154 filiis
1229 2099 1276 2137 V
1270 2098 1514 2138 aronianum

40 2153 228 2193 iuvenem
266 2152 498 2193 admodum
540 2153 872 2208 ἐπιφανέστατον
914 2154 1045 2211 (quod
1083 2155 1371 2196 nobilissimum
1402 2153 1518 2210 apud

41 2209 253 2250 Romanos
282 2208 419 2266 valet)
443 2212 709 2251 renunciavit.
737 2210 808 2253 lib.
834 2211 861 2252 8
896 2225 988 2265 cap.
1016 2210 1055 2251 8.

45 2331 53 2338 ³
151 2282 261 2324 Ibid.
291 2280 355 2322 14.
412 2275 514 2322 ἄνευ
545 2283 622 2323 τοῦ
650 2281 829 2333 ἐνδῦσαι
859 2279 990 2323 αὐτὸν
1032 2280 1276 2338 πορφύραν]
1307 2280 1513 2322 nobilissi-

43 2343 178 2379 matus
222 2345 265 2379 et
307 2339 544 2380 consulatus
586 2339 777 2394 dignitati
817 2339 1023 2381 debitam:
1067 2341 1118 2381 de
1158 2355 1239 2396 qua
1293 2338 1392 2379 alibi
1433 2352 1511 2392 op·

42 2400 243 2450 portuue.

150 2462 260 2504 Ibid.
294 2460 358 2502 15.
413 2456 675 2513 βασιλεύσας
703 2462 842 2515 μῆνας
869 2459 910 2503 θ’
939 2461 1013 2503 καί
1039 2460 1202 2515 ἡμέρας
1231 2459 1303 2515 ιε’]
1332 2475 1379 2500 ex
1408 2459 1511 2499 Phi..

38 2517 240 2573 lostorgio
281 2518 324 2558 id
365 2524 569 2558 assertum
609 2525 739 2572 puto:
792 2516 904 2567 νοτίς
939 2517 1183 2572 διαφθείρει
1217 2514 1289 2558 τὸν
1329 2516 1512 2566 βασιλέα

38 2570 303 2615 διανύσαντα
333 2572 378 2614 ἐν
403 2574 452 2630 τῇ
483 2571 678 2630 βασιλείᾳ
708 2571 843 2627 μῆναξ
883 2572 1005 2627 ἐγγὺς
1046 2574 1159 2614 δέκα.
1215 2587 1359 2627 vapor
1383 2571 1511 2626 ³¹{ff0-

40 2639 108 2670 cat
131 2632 426 2684 imperatorem,
455 2631 528 2684 qui
553 2631 691 2670 decem
715 2632 859 2683 firme
889 2633 1051 2687 imperii
1079 2645 1226 2670 menses
1253 2630 1349 2683 egit.
1411 2636 1509 2669 octo

39 2685 144 2726 solos
186 2693 377 2728 numerat
418 2687 605 2726 zozimus
647 2686 716 2727 lib.
747 2685 773 2727 3
816 2693 858 2728 et
892 2689 1144 2727 sozomenus
1193 2687 1260 2725 lib.
1292 2683 1319 2724 6
1350 2700 1440 2739 cap.
1470 2683 1510 2734 6,

38 2743 260 2796 pauciores
288 2744 479 2783 Socrates
509 2741 623 2783 lib.3
654 2744 834 2798 cap-ult.
860 2744 1001 2785 ‘verbis
1032 2742 1200 2782 ultimis.
1262 2755 1347 2781 uno
1375 2741 1507 2782 verbo
