1768 3268
277 214 371 260 118
477 216 759 260 ANASTASH
790 216 1051 258 fflsTOfflA
1093 210 1507 257 ECCLESlASTlCA

272 333 417 373 audito
448 332 583 372 hostes
614 331 832 372 imminere
874 331 953 371 sibi
982 330 1256 370 existimantes
1296 327 1335 366 in
1383 328 1526 379 sugam
1553 325 1746 365 conversi

270 396 380 437 sunt,
415 389 581 438 “torna,
611 391 762 428 torna''
797 387 979 427 maximis
1003 387 1172 427 vocibus
1192 385 1475 426 exclamantes.
1534 381 1744 436 chaganus

271 451 410 485 autem
443 446 648 500 ingentem
682 444 953 484 formidinem
982 442 1150 483 indutus
1179 441 1342 496 penitus
1373 438 1571 493 fugiebat,
1604 445 1644 479 et
1676 438 1744 477 vi-

271 501 481 542 debantur
511 501 685 542 barbari
724 507 765 542 et
795 500 973 540 Romani
1002 501 1178 540 invicem
1215 499 1371 550 fugere,
1405 496 1566 536 nemine
1598 508 1745 549 perse-

271 565 444 613 quente.
503 565 724 612 praeterea
770 557 976 612 chaganus
1004 555 1177 610 sumptis
1203 554 1432 594 virtutibus
1464 552 1652 607 Apiriam
1681 553 1744 592 ci..

271 615 445 655 vitatem
480 615 657 666 obsedit,
689 615 988 668 inventumque
1016 614 1151 653 Busan
1181 610 1297 651 urbis
1330 609 1646 663 manganarium
1678 609 1745 648 in—

271 672 465 712 terficere
487 672 714 725 nitebatur,
744 671 817 725 qui
846 669 1042 724 pecunias
1067 668 1243 723 rogabat
1275 667 1311 706 ei
1346 665 1493 705 multas
1521 666 1744 720 praebere,

269 728 303 767 si
329 728 455 768 vitam
484 728 563 768 sibi
592 727 786 768 donaret.
846 727 912 767 ille
943 741 1047 766 vero
1075 725 1188 765 hunc
1216 724 1387 777 ligatum
1417 722 1514 762 urbi
1542 737 1744 777 praesen-

274 784 393 825 tavit.
426 791 467 825 at
498 784 583 839 ipse
614 783 843 839 quaerebat
871 782 1103 823 habitantes
1133 781 1284 821 urbem
1314 787 1359 820 ut
1389 785 1613 834 emeretur,
1645 794 1745 820 nar-

273 855 367 881 rans
397 856 522 896 quam
552 855 674 895 saepe
702 854 784 895 pro
806 839 973 880 civitate
1005 837 1245 880 certaverit.
1305 836 1405 877 civis
1436 835 1606 892 quidam
1635 835 1748 876 mul-

273 897 518 938 titudinibus
547 897 752 952 persuasit
782 896 864 935 hoc
885 896 1052 937 minime
1081 894 1330 936 faciendum.
1364 893 1461 949 quia
1495 908 1595 948 ergo
1625 893 1747 947 parvi

272 969 420 1008 pensus
465 961 525 994 est
557 955 688 1006 Busa,
719 953 984 1006 repromittit
1020 953 1208 1007 chagano
1241 966 1284 992 se
1313 949 1483 991 tradere
1515 950 1744 999 civitatem,

274 1016 316 1050 et
347 1011 689 1050 exterminatorio
718 1010 995 1049 instrumento
1022 1011 1148 1059 facto,
1178 1007 1294 1063 quod
1318 1007 1490 1048 arietem
1513 1007 1746 1060 nominant,

275 1066 484 1106 ciVitatem
515 1067 689 1122 adeptus
723 1071 805 1114 est;
839 1066 1035 1107 ducentes
1057 1065 1172 1122 quod
1201 1064 1374 1105 barbari
1407 1071 1748 1118 argumentosum

276 1123 486 1178 ingenium
519 1128 573 1173 *),
607 1130 648 1164 et
678 1123 774 1163 alias
803 1123 940 1175 plures
970 1124 1093 1164 urbes
1124 1122 1165 1161 in
1195 1122 1441 1162 servitutem
1474 1121 1745 1176 redegerunt,

139 1204 175 1237 p.
190 1189 261 1224 399
274 1186 314 1220 et
345 1195 439 1219 cum
470 1180 598 1219 multa
631 1179 872 1234 captivitate
900 1179 1058 1221 reversi
1087 1185 1200 1219 sunt.
1262 1178 1476 1219 audientes
1506 1185 1645 1219 autem
1661 1179 1746 1233 By-

272 1235 397 1276 zantii
440 1235 556 1291 quod
587 1236 727 1276 Castus
776 1251 798 1275 a
841 1235 1031 1277 barbaris
1063 1235 1250 1290 captivus
1292 1235 1462 1276 effectus
1492 1235 1557 1285 sit,
1589 1235 1748 1289 magnis

271 1292 468 1332 conviciis
509 1299 658 1333 contra
688 1291 939 1333 Mauricium
969 1294 1212 1345 utebantur,
1243 1299 1286 1334 et
1314 1292 1426 1332 hunc
1459 1292 1501 1331 in
1530 1292 1747 1332 manifesto

270 1348 532 1403 blasphemiis
557 1350 823 1404 appetebant.

380 1421 464 1461 Per
494 1420 604 1462 idem
633 1436 804 1478 quoque
832 1427 996 1476 tempus
1026 1421 1242 1462 Heraclius
1274 1421 1459 1463 Heraclii
1488 1428 1613 1476 pater
1640 1421 1746 1462 Per-

270 1478 402 1518 sicum
426 1492 636 1532 aggressus
661 1484 720 1519 est
741 1483 937 1530 castrum,
970 1478 1087 1533 quod
1105 1484 1146 1519 et
1173 1479 1297 1534 cepit.
1327 1479 1518 1520 similiter
1547 1485 1589 1519 et
1604 1478 1751 1518 Theo-

273 1534 400 1574 dorus
441 1541 623 1574 castrum
669 1537 962 1586 Mazarorum,
1003 1536 1213 1590 amboque
1253 1535 1427 1577 Bavides
1458 1535 1646 1576 veniunt.
1706 1542 1747 1575 et

272 1605 369 1631 cum
399 1597 581 1630 castrum
608 1593 926 1633 munitissimum
957 1597 1072 1646 esset,
1102 1593 1218 1634 miles
1248 1593 1420 1648 quidam
1446 1593 1642 1647 Saphires
1674 1607 1750 1632 no-

273 1647 398 1696 mine,
428 1647 613 1688 stimulos
646 1655 703 1690 est
733 1654 959 1703 operatus,
1003 1654 1045 1689 et
1076 1655 1227 1690 contra
1269 1650 1534 1704 compagines
1563 1647 1748 1703 lapidum

273 1703 350 1743 bos
379 1704 502 1758 figens
533 1718 612 1757 per
641 1719 710 1746 eos
739 1705 900 1747 aditum
929 1705 1044 1746 fecit.
1077 1720 1173 1746 cum
1201 1714 1341 1748 autem
1368 1707 1489 1747 fortis
1513 1705 1580 1747 ille
1608 1720 1747 1746 asceu-

276 1758 399 1799 disset
428 1761 537 1799 muri
579 1775 807 1814 coronam,
856 1763 923 1802 vir
948 1763 1073 1803 Persa
1113 1763 1226 1803 hunc
1255 1763 1444 1818 expulsit.
1503 1762 1616 1803 cadit
1645 1776 1748 1817 ergo

276 1814 471 1869 Sapbires
503 1816 708 1869 deorsum,
743 1825 785 1859 et
812 1819 1042 1873 suscipiunt
1077 1834 1170 1860 eum
1215 1820 1256 1860 in
1287 1821 1412 1861 scutis
1442 1820 1522 1861 suis
1550 1820 1745 1862 Romani.

277 1878 320 1912 et
350 1885 490 1912 rursus
520 1887 623 1927 opus
654 1875 858 1916 audenter
888 1876 1056 1930 arripit,
1089 1882 1131 1918 et
1163 1876 1302 1918 denuo
1333 1893 1356 1917 a
1377 1877 1575 1917 firmitate
1608 1875 1751 1930 repel-

276 1927 392 1968 litur.
451 1928 688 1985 iterumque
720 1932 899 1973 Romani
942 1933 1055 1973 hunc
1094 1934 1219 1974 scutis
1249 1934 1494 1989 suscipiunt,
1546 1940 1587 1974 et
1617 1932 1747 1974 tertio

277 1983 331 2024 ad
357 1983 730 2048 machinamentum
759 1995 932 2028 conatus
965 1996 1041 2030 est.
1066 2004 1248 2046 cumque
1270 1990 1321 2031 ad
1349 1990 1458 2031 muri
1489 1995 1617 2045 eaput
1645 2003 1747 2044 per-

276 2047 466 2091 venisset,
491 2042 660 2083 Persam
685 2044 848 2096 excidit,
883 2045 1031 2086 deinde
1059 2053 1186 2102 caput
1208 2047 1292 2088 eius
1319 2047 1515 2087 Romanis
1545 2047 1750 2101 praebens

274 2095 352 2136 hos
381 2096 531 2137 fiducia
547 2114 693 2154 magna
722 2101 923 2155 replevit3
956 2103 1181 2159 multisque
1210 2104 1467 2145 imitantibus
1491 2104 1628 2143 virum
1661 2103 1751 2142 for-

275 2158 384 2203 tem,
422 2159 465 2194 et
493 2169 571 2208 per
608 2156 722 2209 palos
757 2157 1068 2199 ascendentibus
1097 2176 1266 2200 murum
1286 2192 1297 2211 ‚
1337 2161 1534 2201 Romanis
1565 2159 1751 2200 traditur

147 2220 264 2270 p,400
277 2214 472 2274 castrum.
540 2217 581 2251 et
618 2212 717 2253 alios
746 2214 914 2268 quidem
953 2217 1178 2257 Persarum
1208 2217 1482 2270 occiderunt,
1515 2217 1616 2257 alios
1647 2230 1750 2256 vero

278 2270 466 2328 captivos
498 2265 706 2331 duxerunt
735 2284 815 2309 una
847 2285 942 2311 cum
970 2273 1243 2326 supellectili,
1278 2274 1363 2330 igni
1394 2273 1567 2329 prodito
1599 2278 1751 2314 castro.

278 2327 439 2362 lnterea
473 2322 730 2377 Philippicas
761 2340 901 2367 rursus
930 2328 1176 2383 Byzantium
1209 2331 1292 2371 iter
1321 2331 1418 2386 egit,
1450 2331 1646 2372 Heraclio
1665 2332 1750 2370 Ro-

278 2393 500 2418 manorum
546 2378 651 2419 duce
697 2381 857 2422 relicto.
926 2385 1092 2426 veniens
1124 2394 1265 2427 autem
1293 2389 1493 2442 Tarsum,
1538 2393 1580 2428 et
1610 2387 1750 2427 dicens

280 2433 395 2498 quod
427 2435 661 2488 imperator
688 2436 875 2478 Priscum
904 2440 1088 2482 Orientis
1128 2451 1372 2497 praetorem
1412 2451 1600 2484 creatum
1635 2444 1755 2484 dire-

279 2496 400 2542 xerit,
427 2491 574 2532 scribit
591 2492 783 2533 Heraclio
814 2495 981 2536 dimisso
999 2500 1183 2540 exercitu
1203 2501 1243 2540 in
1263 2501 1502 2542 Armeniam
1522 2500 1667 2541 venire
1698 2500 1750 2540 ad

327 2641 359 2688 ')
387 2639 584 2695 ingenium]
606 2642 722 2676 Gallis
747 2645 873 2689 engin,
898 2646 1062 2681 machina
1090 2649 1235 2683 bellica.
1284 2651 1417 2686 Matth.
1449 2651 1554 2686 Paris.
1582 2656 1623 2685 ut
1647 2650 1751 2695 inge-

374 2689 737 2745 nium-adhiberetur
761 2691 807 2724 ad
826 2693 963 2728 turrim.
1014 2696 1064 2729 sic
1080 2697 1206 2741 Papias
1231 2700 1269 2733 in
1298 2700 1533 2733 vocabulario
1558 2709 1750 2743 argumen-

375 2740 452 2768 tum
483 2741 667 2781 ingemum
697 2739 966 2786 interpretatur.
993 2743 1075 2777 vide
1112 2745 1418 2782 Elmenhorstium
1455 2747 1501 2781 ad
1528 2747 1635 2793 Apul.
1662 2746 1752 2780 Met.

375 2781 453 2864 {3⁸⁴5
478 2795 512 2829 p.
536 2785 619 2820 207.
661 2785 812 2822 Glossae
849 2789 1033 2825 Dosithei:
1077 2800 1347 2839 argumentum,
1381 2801 1510 2842 argute
1551 2795 1754 2831 inventum.

429 2842 479 2863 BR,
