1768 3268
566 187 638 228 EX
674 185 1023 228 THEOPHANE.
1439 185 1460 225 1
1479 181 1533 226 15

61 301 149 355 ipse
175 313 284 341 vero
313 305 356 341 et
386 298 500 342 hunc
537 307 829 356 contemptum
875 301 1050 342 remisit.
1117 300 1359 354 postulabat
1396 305 1536 341 autem

59 359 216 398 iterum
244 356 326 398 alia
354 357 501 412 viginti
525 357 640 398 milia
674 365 844 398 centum
873 358 984 398 addi.
1014 358 1132 413 quod
1162 358 1421 411 imperatore
1451 371 1536 397 nou

60 414 324 465 admittente,
352 414 561 469 chaganus
575 414 843 468 Siggidonem
863 415 1077 455 civitatem
1106 414 1313 455 subvertit
1328 420 1372 455 et
1387 413 1538 454 multas

59 470 312 511 anasei-bes
329 471 455 525 cepit,
484 471 652 527 Illyrico
682 472 954 512 subiacentes.
983 478 1027 511 at
1054 485 1160 511 vero
1181 471 1417 524 imperator
1438 470 1536 512 Hel-
1551 486 1585 522 p.
1604 472 1675 508 3⁹0
1701 473 1725 508 2

61 526 226 580 pidium
242 527 470 582 patricium
499 542 595 568 cum
612 529 878 569 Comentiolo
897 529 1053 583 legatos
1083 527 1135 566 ad
1154 528 1387 581 chaganum
1405 534 1540 568 trans-

60 583 186 626 misit.
242 589 288 624 at
321 599 423 625 vero
448 584 656 625 barbarus
687 585 727 624 in
755 585 1049 639 sponsionibus
1088 590 1315 638 pactorum
1345 598 1468 638 agere
1497 599 1540 625 se

60 654 207 694 pacem
233 641 442 695 professus
471 647 544 683 est.
603 641 644 681 in
677 641 856 682 Oriente
888 656 989 682 vero
1024 643 1224 682 loannem
1254 642 1541 696 Mystaconem

59 704 307 751 praetorem
333 698 554 739 Armeniae
583 698 697 748 fecit,
730 698 804 754 qui
833 699 1002 739 veniens
1021 698 1075 738 ad
1088 695 1343 754 Nymphium
1364 713 1540 749 amnem,

62 754 136 794 uhi
165 754 286 809 Tigri
316 755 480 795 misceri
509 753 785 809 dignoscitur,
814 755 926 795 bello
957 754 1236 810 congreditur
1262 768 1360 794 cum
1378 754 1539 795 Carda-

60 811 150 864 riga
178 811 403 852 Persarum
429 819 661 866 praetore,
691 818 734 853 et
754 812 998 866 praevalent
1014 811 1192 852 Romani
1213 810 1410 852 adversus
1438 811 1543 851 bar..

58 867 197 908 baros.
230 867 478 922 Cardarigas
504 881 606 908 vero
642 884 725 910 non
757 875 819 910 est
848 869 1075 924 proprium
1106 882 1272 922 nomen,
1304 867 1377 909 sed
1405 867 1542 924 digni-

62 929 123 965 tas
154 924 334 965 maxima
362 924 476 980 apud
502 925 661 965 Persas.

173 997 371 1038 Secundo
402 998 567 1052 imperii
601 998 664 1038 sui
704 1010 815 1037 anno
856 997 1000 1037 consul
1033 997 1260 1038 Mauricius
1291 996 1542 1052 appellatur,

60 1058 103 1093 et
129 1053 284 1095 multos
312 1053 528 1095 thesauros
560 1055 658 1095 urbi
688 1054 885 1102 donavit;
919 1053 1120 1108 provebit
1160 1059 1299 1095 autem
1331 1054 1542 1108 Philippi..

59 1124 155 1149 eum
186 1118 431 1165 praetorem
473 1112 683 1162 Orientis,
714 1111 783 1151 cui
815 1117 859 1151 et
885 1110 1091 1151 Gordiam
1131 1125 1327 1151 sororem
1355 1125 1471 1150 suam
1501 1111 1542 1150 in

60 1167 303 1222 coniugium
335 1166 526 1208 tradidit.
584 1174 628 1207 at
661 1182 762 1207 vero
813 1167 1072 1222 Philippicas
1114 1168 1300 1208 Persicas
1334 1167 1543 1222 arripiens

62 1230 202 1277 partes
230 1224 592 1279 appropinquavit
619 1224 770 1274 Nisibi,
799 1230 843 1264 et
870 1231 1045 1278 repente
1074 1223 1352 1264 iuPersidem
1380 1224 1544 1278 ingres·
1555 1233 1672 1280 p..391

60 1295 126 1320 sus
158 1281 332 1321 multam
361 1281 563 1335 praedam
588 1281 787 1335 sumpsit,
830 1295 956 1336 quam
983 1295 1063 1335 per
1091 1286 1254 1322 montes
1282 1280 1435 1320 salvam
1465 1281 1544 1321 du·

60 1351 155 1377 cens
191 1337 233 1376 in
262 1336 486 1377 Medorum
534 1338 754 1392 regionem
794 1337 1032 1389 transtulit,
1077 1344 1120 1378 et
1160 1337 1299 1377 multis
1320 1337 1407 1377 illic
1436 1337 1543 1377 villis

60 1393 345 1436 exterminatis
374 1393 428 1433 ad
454 1395 643 1434 Romana
675 1409 776 1434 rura
810 1408 999 1435 reversus
1038 1401 1111 1435 est.
1170 1408 1304 1449 porro
1336 1393 1544 1448 chaganus

61 1451 248 1490 Avarum
272 1464 421 1504 pacem
450 1451 618 1490 solvere
644 1450 902 1490 festinabat:
942 1465 1039 1490 nam
1078 1450 1373 1492 Sclavinorum
1401 1457 1543 1506 gentes

62 1513 215 1547 contra
244 1507 453 1547 Thracem
483 1508 688 1558 armavit,
731 1522 840 1562 quae
876 1513 1165 1561 pervenerunt
1204 1521 1336 1562 usque
1364 1507 1418 1548 ad
1447 1506 1544 1546 lon..

60 1577 135 1618 gos
162 1577 322 1614 muros,
343 1563 522 1604 multum
550 1564 746 1604 facientes
763 1562 982 1604 excidium.
1041 1570 1103 1604 ast
1133 1564 1368 1618 imperator
1396 1563 1542 1618 palatii

60 1620 221 1661 eductis
248 1620 408 1661 militiis
437 1627 480 1661 et
509 1620 703 1675 plebibus
731 1635 755 1660 e
783 1621 955 1661 civitate
986 1620 1134 1675 longos
1161 1634 1308 1661 muros
1336 1620 1542 1661 custodiri

60 1678 299 1731 praecepit,
329 1683 372 1717 et
400 1677 714 1718 Comentiolum
745 1676 896 1718 ducem
928 1677 1133 1718 ordinans
1162 1684 1206 1718 et
1238 1691 1403 1717 armans
1438 1691 1543 1717 con-

59 1739 128 1774 tra
157 1734 364 1775 barbaros
389 1734 513 1783 misit,
543 1734 617 1790 qui
646 1734 857 1787 insperate
884 1734 927 1773 in
963 1735 1167 1774 barbaros
1200 1748 1324 1775 ruens
1354 1734 1544 1788 copiosas

61 1790 350 1831 multitudines
380 1791 620 1842 interfecit,
647 1790 811 1845 hosque
852 1791 1029 1844 pepulit.
1088 1805 1184 1831 cum
1218 1796 1358 1831 autem
1388 1805 1544 1845 perve-

60 1847 183 1888 nisset
212 1847 578 1902 Hadrianopolim,
604 1848 798 1888 occurrit
816 1847 1078 1901 Andragasto
1098 1847 1389 1889 multitudines
1421 1847 1545 1888 Scla-

59 1903 258 1944 vinorum
286 1919 383 1944 cum
407 1904 566 1959 praeda
596 1905 782 1955 ducenti,
812 1911 855 1944 et
884 1904 924 1943 in
958 1904 1073 1945 hunc
1092 1904 1260 1946 irruens
1289 1911 1333 1946 et
1361 1904 1542 1959 captivi-

60 1965 189 2000 tatem
218 1961 379 2016 eripuit
405 1968 447 2001 et
476 1961 658 2001 victoria
689 1975 838 2016 magna
871 1960 1039 2001 indutus
1066 1968 1143 2002 est.

169 2034 317 2075 Tertio
347 2034 514 2090 imperii
545 2035 740 2075 Mauricii
770 2049 880 2075 anno
923 2033 1185 2090 Philippicas
1217 2034 1390 2089 sumptis
1424 2047 1540 2075 exer.
1552 2041 1667 2086 p.392

58 2090 209 2130 citibus
241 2090 293 2131 ad
317 2091 531 2132 Persicam
564 2092 780 2148 regionem
807 2092 1025 2147 profectus
1052 2098 1134 2145 est,
1180 2097 1223 2132 et
1251 2097 1376 2146 capta
1405 2092 1540 2132 arxe-

14 2166 17 2171 <
60 2161 167 2187 nene
195 2162 386 2202 magnam
412 2147 614 2202 praedam
641 2149 839 2200 obtinuit,
869 2155 912 2189 et
942 2147 1210 2188 formidinem
1244 2153 1444 2203 operatus
1476 2153 1537 2186 est

58 2203 233 2244 Persicis
261 2204 519 2245 exercitibus.
594 2205 754 2246 interea
784 2204 1199 2260 Constantinopolim
1242 2204 1439 2259 languens
1466 2218 1536 2244 re-

57 2267 182 2313 meat,
210 2261 445 2317 militesque
472 2261 559 2302 sine
586 2262 768 2304 laesione
798 2262 851 2303 ad
883 2262 1062 2317 propria
1094 2261 1370 2316 repedarunt.

172 2347 340 2397 Quarto
388 2345 556 2399 imperii
592 2346 788 2388 Mauricii
834 2361 946 2387 anno
994 2345 1254 2401 Philippicas
1298 2358 1483 2400 egressus
1513 2358 1538 2383 a

58 2401 174 2456 regia
204 2402 325 2453 urhe,
354 2401 538 2443 hostium
568 2410 737 2458 sumpto
782 2410 991 2458 apparatu
1020 2402 1073 2442 ad
1105 2403 1319 2443 civitatem
1347 2400 1538 2440 Amidam

58 2465 280 2512 properat,
314 2466 358 2499 et
377 2459 564 2499 collectis
579 2461 750 2500 armatis
767 2460 1128 2514 percunctabatur
1148 2473 1218 2499 eos
1249 2461 1283 2499 si
1313 2459 1355 2497 iu
1383 2471 1538 2511 prom-

57 2519 136 2568 ptu
168 2515 373 2556 haberent
400 2517 664 2570 properandi
696 2516 751 2557 ad
773 2515 944 2557 bellum.
1002 2523 1063 2556 ast
1095 2515 1288 2556 Romanis
1319 2514 1536 2554 iuramen-

6 2610 10 2612 ,
58 2571 109 2611 tis
139 2571 357 2613 credulum
396 2587 492 2612 eum
524 2572 796 2614 reddentibus
826 2589 869 2614 se
903 2574 1102 2614 alacriter
1139 2572 1395 2621 bellaturos,
1421 2570 1538 2611 venit

57 2626 110 2667 ad
139 2629 416 2669 Anazarbon:
461 2636 504 2670 at
533 2644 636 2670 vero
669 2629 912 2685 Cardarigas
957 2630 1037 2669 hoc
1068 2634 1288 2681 comperto
1321 2627 1424 2667 risui
1458 2642 1538 2666 au-

58 2681 263 2725 ditionem
291 2685 541 2737 mandabat,
577 2689 786 2727 somnium
826 2701 910 2727 esse
940 2686 1056 2741 quod
1091 2684 1313 2725 dicebatur
1344 2683 1535 2738 opinans,

57 2741 351 2797 accersitisque
377 2742 507 2797 magis
544 2741 834 2798 interrogabat
863 2743 955 2798 quis
983 2743 1067 2783 erit
1094 2740 1300 2782 victoriae
1329 2739 1534 2780 dominus.

57 2800 120 2836 ast
148 2796 400 2840 daemonum
428 2799 664 2855 placatores
692 2801 839 2842 Persas
868 2799 1112 2845 astruebant
1153 2812 1177 2839 a
1205 2796 1283 2839 diis
1312 2796 1534 2838 victoriam
1549 2801 1667 2850 p.-393
