1728 3184
250 134 351 183 ’586
757 138 832 181 ΑΙ)
872 139 1250 183 THEOPHANEM

249 255 353 312 cepit
376 261 621 310 potestatem.
690 255 748 295 sic
785 256 943 296 Graeca
983 254 1094 295 nulla
1136 254 1177 295 vi
1218 260 1399 306 sonant,
1429 251 1711 308 intellexitque

249 312 374 352 Buce
366 311 514 351 =rdus
547 326 596 351 ac
624 309 730 352 bene
763 314 900 352 Anast.
956 320 1117 366 questus
1160 320 1296 352 autem
1324 311 1383 351 ad
1412 312 1709 365 imperatorem,

248 377 393 408 contra
434 368 549 407 illum
589 368 759 409 obtinuit
790 377 1054 424 potestatem,
1094 372 1141 406 ut
1171 367 1365 407 nimirum
1404 366 1711 422 Eutychi-anum

249 424 464 464 hominem
491 425 543 464 ab
572 425 811 465 eiusmodi
802 441 841 465 nn
873 424 1041 465 ecclesia
1074 423 1276 463 eutholica
1309 423 1580 463 conventibus
1611 437 1712 476 pro-

249 480 428 522 biberet.
503 481 703 530 Constans
750 496 847 521 sane
893 479 989 521 fidei
1020 480 1106 520 zelo
1146 480 1426 544 Euphemius,
1460 493 1716 534 magnaeque

250 537 332 577 CP.
361 527 634 588 auctoritatis,
663 545 710 578 ut
741 538 918 578 electum
945 537 1063 578 brevi
1090 542 1182 590 post
1214 538 1252 575 in
1283 536 1581 590 imperatorem
1611 550 1715 574 eun-

249 593 346 634 dem
379 594 632 634 Anastasium
660 594 712 634 nd
743 594 866 634 fidem
898 593 1275 633 Chalcedonensem
1304 592 1401 632 dato
1437 591 1576 632 libello
1609 607 1716 645 p1o-

248 650 470 701 fitendam,
501 655 724 705 antequam
766 664 926 690 corona
956 649 1200 699 donaretur,
1244 649 1449 703 adegerit:
1479 649 1549 688 sed
1581 663 1716 702 neque

249 708 363 748 Zeno
392 707 611 761 postremis
643 706 904 760 temporibus
935 706 1069 746 videii
1095 705 1232 760 palam
1256 705 1540 761 Eutychianus
1567 704 1715 746 voluit.

362 785 552 837 208,14.
610 782 667 834 ὥς
695 783 868 833 ἐκείνοις
897 776 923 837 ἦ
953 799 1101 835 συμμα
1105 799 1147 836 χ

361 857 562 923 209,17.
621 872 690 897 και
719 854 792 898 τὸν
820 854 1071 908 θαυμαστὸν
1094 871 1190 908 περι
1217 858 1398 911 ποίησιν
1425 855 1536 897 ἐπῶν
1565 854 1719 896 Πελά-

248 928 341 970 γιον
372 911 446 955 τὸν
477 913 712 966 πατρίκιον]
751 913 867 953 addit
911 913 1032 953 Cedr.
1064 914 1180 968 quod
1212 921 1254 953 et
1283 913 1571 954 necessarium.
1599 912 1716 952 ἐλευ-

248 974 526 1026 θεροστομεῖν
563 967 717 1012 εἰδότα.
788 969 943 1010 occi‘dzt
992 984 1152 1026 quoque
1190 970 1480 1010 admirandum
1533 969 1717 1009 versibus

248 1028 469 1069 condendis
499 1026 708 1081 Pelagium
732 1028 975 1092 patr-ictum,
1017 1028 1087 1082 qui
1125 1026 1288 1065 libemus
1314 1026 1458 1066 soleret
1483 1027 1603 1090 loqul,
1636 1032 1715 1067 etc.

250 1098 474 1148 perperam
505 1083 680 1137 interpr.
710 1082 786 1133 τό,
820 1083 1074 1131 θαυμαστὸν
1104 1096 1198 1135 περι
1229 1079 1396 1135 ποίησιν
1424 1081 1537 1122 ἐπῶν
1565 1082 1617 1122 ad
1649 1097 1716 1121 su-

249 1142 464 1195 periorem
495 1140 663 1179 Cottain
705 1141 836 1179 refert
876 1139 1013 1179 virum
1042 1139 1287 1192 militarem,
1329 1152 1423 1178 cum
1468 1139 1553 1192 ipsa
1583 1144 1718 1179 textus

249 1197 374 1237 series
405 1196 456 1236 ad
482 1195 694 1251 Pelagium
734 1202 950 1265 spectare
954 1196 1168 1245 ostendat,
1200 1195 1435 1260 clariusque
1469 1195 1591 1238 Cedr.
1622 1209 1718 1234 cum

251 1254 308 1294 ita
339 1253 566 1306 distinguit.
602 1252 773 1305 α’ναιρεΐ
797 1251 846 1292 δὲ
877 1248 950 1292 καί
974 1248 1043 1292 τὸν
1072 1248 1335 1302 θαυμαστόν.
1366 1251 1407 1290 in
1436 1251 1593 1306 p1ioris
1618 1266 1718 1291 nece

249 1310 413 1364 swittat
438 1310 712 1363 Theophanes
739 1310 921 1349 Zenonis
961 1308 1334 1362 ingratitudinem,
1366 1307 1407 1347 in
1446 1308 1717 1361 posterIOris,

254 1367 382 1421 ipsam
413 1366 473 1407 rei
503 1365 802 1420 indignitatem,
833 1365 947 1419 quod
980 1365 1116 1404 virum
1147 1370 1321 1415 tantum,
1354 1379 1404 1404 eo
1436 1364 1642 1405 duntaxat
1671 1365 1720 1403 li-

253 1424 355 1464 bere
376 1425 614 1478 loquentem
636 1422 750 1477 quod
770 1422 987 1476 φρόνιμος,
1017 1418 1090 1461 καί
1117 1421 1278 1469 δίκαιος
1303 1427 1418 1472 esset,
1445 1420 1645 1476 praedem,
1674 1435 1723 1460 ac

256 1482 407 1531 iustus,
439 1479 656 1519 occiderit.
722 1479 859 1519 miror
899 1485 965 1518 tot
1014 1492 1242 1518 occurrere
1284 1492 1390 1533 quae
1428 1477 1619 1532 sufligele
1644 1477 1722 1518 'de-

253 1537 397 1587 heam,
443 1551 490 1576 ac
534 1536 681 1583 doleo;
720 1535 885 1576 deesse
896 1542 1031 1575 tamen
1072 1533 1260 1584 auctori,
1286 1548 1335 1574 ac
1375 1509 1544 1574 officion
1542 1548 1718 1588 nequeo.

255 1593 535 1634 emendandus
566 1591 743 1633 vicissim
774 1593 896 1632 Cedr.
940 1606 1034 1631 cum
1067 1593 1141 1632 Illo
1172 1591 1324 1630 tribuit
1356 1605 1462 1644 quae
1493 1596 1588 1630 sunt
1617 1592 1721 1629 Cot..

254 1650 355 1695 tain.
414 1650 507 1689 lllus
535 1649 644 1690 enim
676 1648 840 1704 pridem
881 1647 1103 1703 perduellis
1147 1647 1404 1688 occubuerat
1434 1647 1522 1701 ipso
1553 1647 1721 1688 Cottain

255 1706 343 1748 eius
376 1706 551 1747 victore.

370 1784 465 1836 210,
497 1784 536 1825 5.
594 1779 642 1833 ὃς
669 1782 744 1825 καί
775 1780 972 1831 πολλούς.

366 1863 479 1905 Ibid.
522 1861 588 1903 13.
666 1859 839 1912 ἀνάξιον
889 1860 1021 1901 αὐτόν
1056 1855 1279 1902 ἀποκαλῶν
1323 1861 1408 1902 τῶν
1446 1861 1720 1914 Χριστιανῶν

256 1919 330 1973 τῆς
357 1917 597 1975 βασιλείας]
617 1919 824 1974 indignum
850 1933 890 1959 se
906 1919 1224 1959 Christianorum
1244 1920 1416 1975 imperio
1444 1933 1608 1959 vocans.
1640 1920 1725 1973 ipse

258 1976 458 2016 nimirum
484 1977 737 2027 Anastasius,
770 1977 907 2028 speeie
936 1975 1004 2014 illa
1036 1975 1262 2015 modestiae
1288 1975 1623 2015 benevolentiam
1651 1990 1724 2015 ca—

257 2039 390 2089 ptans.
447 2033 504 2072 sic
538 2039 579 2074 et
593 2035 730 2072 Anast
761 2038 803 2072 et
831 2032 954 2074 Cedr.
985 2031 1185 2086 quicquid
1217 2032 1422 2085 interpres
1451 2032 1608 2086 syntaxi
1639 2032 1724 2097 ipsa

258 2096 518 2154 repugnante
552 2090 682 2130 verba
733 2088 835 2128 haee
875 2089 1141 2143 inaugmanti
1182 2088 1417 2153 Euphemio
1465 2089 1640 2138 tribuat,
1681 2090 1721 2128 in

258 2147 374 2187 cuius
404 2160 480 2186 ore
520 2160 602 2199 pro
635 2146 718 2199 rei,
748 2152 790 2185 et
829 2160 1032 2200 personae
1075 2160 1096 2184 1
1099 2146 1238 2185 atione
1276 2146 1444 2184 minime
1474 2152 1722 2199 congruant.

257 2202 468 2258 cogendus
501 2204 580 2242 tuit
609 2202 864 2252 Anastasius,
907 2209 954 2242 ut
996 2203 1108 2242 velut
1150 2203 1300 2242 invitus
1328 2201 1549 2255 imperium
1583 2202 1722 2253 iniret,

258 2275 343 2300 non
372 2260 627 2314 Euphemius
657 2258 896 2313 patriarcha
927 2266 974 2300 ut
1003 2261 1191 2298 omnium
1217 2259 1324 2299 votis
1362 2258 1589 2311 expetitum
1621 2274 1722 2298 ciu-

259 2317 376 2357 tione
404 2322 575 2370 accepta
621 2322 859 2356 coronaret.
933 2315 1118 2355 nonnihil
1162 2314 1319 2355 clarior
1361 2314 1482 2356 Cedr.
1528 2322 1574 2355 ut
1621 2315 1724 2356 solet

260 2374 438 2414 obseura
466 2372 745 2428 TheophaniS,
779 2372 1052 2428 nonnihilque
1079 2372 1276 2426 perplexa
1306 2371 1526 2426 explicare.

373 2447 468 2497 211,
501 2447 564 2487 12.
621 2445 699 2486 τοῦ
726 2445 1062 2500 Λοραχιτιανοῦ]
1094 2446 1216 2486 Barb.
1247 2446 1371 2500 Peyr.

371 2520 465 2571 212,
496 2519 535 2560 8.
595 2518 693 2559 ἄνθ’
733 2518 793 2558 ὠν
831 2511 882 2570 ἧν
911 2517 955 2559 ἐν
997 2515 1292 2575 Ἀλεξανδρεία
1330 2529 1567 2570 πεποιηκως
1606 2513 1728 2572 αὕτιῖἷ

261 2574 516 2629 οικονομιάν]
543 2578 680 2617 Anast.
717 2576 911 2631 quoniam
953 2560 1428 2628 AleoeatzdriaeJecet-at
1462 2574 1579 2612 illum
1608 2587 1723 2612 oeco-

261 2647 447 2674 nomum.-
475 2635 616 2688 sicque
660 2647 736 2687 ego
781 2632 1042 2686 putaverim,
1075 2632 1295 2672 oeconomi
1322 2645 1470 2670 munus
1503 2629 1559 2669 illi
1590 2629 1725 2682 impo-

261 2689 383 2730 suisse
412 2691 620 2740 Ioannem,
650 2691 766 2730 cuius
789 2687 858 2729 ille
888 2687 1099 2741 impendio
1131 2689 1188 2727 sic
1207 2689 1399 2728 afflictam
1429 2702 1474 2727 ex
1507 2686 1722 2739 naufragio

262 2746 389 2788 fueiit
428 2746 580 2789 solatus
607 2746 844 2795 fo1tunam3
884 2745 1039 2800 alioqui
1075 2744 1277 2799 insolens,
1307 2750 1352 2785 ut
1395 2758 1473 2784 vox
1505 2741 1720 2794 οἰκονομία
