1728 3184
686 189 887 232 NOTAE.
1422 187 1519 238 465

53 311 246 348 versatur
271 306 334 364 τῷ
373 303 527 360 χρὸνον
560 308 783 361 τετραετῆ,
815 315 860 349 nt
894 310 1004 350 enim
1039 308 1191 363 χρόνος
1218 313 1398 369 antiquis
1417 323 1523 355 tem-

55 379 146 420 puS,
174 363 233 404 ita
261 363 475 404 modernis
503 378 663 405 annum
682 369 832 405 reffert:
859 361 1013 418 χρόνον
1033 368 1174 435 itaque
1196 371 1394 424 τετραετῆ
1417 385 1525 426 qua..

59 420 245 460 driennii
266 429 419 476 tempus
448 421 657 475 antiquis:
695 417 847 472 χρόνον
874 427 1013 462 autem
1040 437 1111 462 και
1141 426 1284 476 τριετῆ
1311 427 1526 467 modernis

57 476 242 527 Graecis,
270 491 455 532 quorum
474 476 671 518 dialectus
693 476 775 516 iam
803 482 894 517 tum
913 477 1179 532 Theophanis
1196 480 1430 523 inoleverat
1458 491 1527 524 ae'·

57 537 160 583 tate,
188 546 338 573 annum
365 546 486 573 unum
502 563 516 584 ,
544 547 595 572 ac
619 532 766 574 deinde
806 534 1027 574 triennium
1064 533 1340 590 significahat:
1371 537 1416 578 id
1441 544 1527 593 eet,

61 601 193 628 annos
221 594 439 644 quattuor.

172 665 270 718 385,
295 668 361 711 19.
433 664 720 722 λυμῄνασθαι]
752 667 929 722 negandi
957 669 1217 722 praepositio
1246 667 1308 723 μὴ
1338 671 1439 711 mihi
1452 671 1529 712 de-

59 722 288 763 sideratur:
321 723 395 763 nisi
430 722 529 763 velis
561 725 772 764 Romanos
803 725 1031 779 Persasque
1059 723 1153 764 ideo
1187 726 1227 765 in
1258 728 1529 767 concordiam

62 780 327 833 convenisse,
352 779 463 835 quod
493 782 628 819 armis
663 782 784 835 quasi
806 781 1073 821 communibus
1113 781 1277 822 Orienti
1302 786 1529 823 vastitatem

59 836 311 876 intulissent:
341 835 456 891 quod
487 835 723 876 ridiculum.

170 910 268 964 386,
299 917 337 957 1.
393 908 416 952 ὅ
447 912 530 954 τῶν
558 913 744 967 Περσῶν
778 910 999 966 βασιλεύς]
1041 914 1244 970 Euagrius
1274 916 1430 958 iterum
1457 917 1530 961 lib,

62 970 89 1010 5
118 984 241 1025 capp.
270 969 324 1013 14
352 976 395 1011 et
427 973 492 1012 15.

170 1047 269 1095 387,
301 1047 341 1089 8.
404 1048 596 1101 Τιβέριος
627 1049 969 1099 Κωνσταντῖνος]
998 1048 1224 1097 Ἰουστΐνος
1253 1047 1423 1104 ἐποίησε
1456 1053 1531 1091 Tu-

32 1104 211 1159 ,βέριον
234 1105 441 1156 Καίσαρα
476 1101 768 1155 μετονομάσας
796 1101 928 1145 αὐτὸν
966 1105 1297 1146 Κωνσταντῖνον.
1356 1108 1533 1148 Iustinus

67 1161 278 1202 Tiberium
306 1159 522 1201 Caesarem
538 1163 702 1212 creavit,
731 1171 768 1201 ec
789 1161 1089 1202 Constantinum
1116 1163 1356 1203 nominavit.
1383 1162 1506 1204 idem.

180 1250 289 1293 [bid.
321 1248 390 1290 10.
458 1246 728 1304 ἐτελεύτησεν
771 1245 997 1302 Εὖτύχιος]
1024 1251 1277 1307 Eutychium
1308 1253 1390 1292 CP.
1423 1254 1534 1292 anti-

58 1305 199 1347 stitem
226 1306 400 1346 Tiberio
446 1305 681 1359 imperante
717 1305 960 1347 defunctum
988 1314 1135 1361 aperte
1162 1308 1352 1349 scribunt
1381 1309 1533 1348 Eusta-

58 1362 169 1402 thius
195 1362 239 1402 in
266 1363 352 1402 eins
380 1362 465 1401 vita
494 1362 606 1416 apud
625 1363 796 1402 Surium
828 1360 855 1402 6
876 1362 1008 1416 April.
1039 1370 1081 1403 et
1102 1364 1331 1419 Gregorius
1362 1379 1533 1420 magnus

59 1418 211 1459 moral.
242 1418 286 1458 in
315 1418 404 1458 lob.
429 1417 503 1457 lib.
535 1414 589 1458 14
615 1432 737 1473 capp.
769 1417 822 1458 31
854 1425 896 1459 et
922 1417 990 1459 32.
1065 1434 1197 1474 quare
1225 1421 1454 1461 Baronium
1481 1421 1534 1460 ad

59 1474 251 1516 Mauritii
278 1489 410 1514 annos
440 1474 526 1514 eius
560 1475 723 1515 obitum
767 1473 966 1515 distulisse
995 1474 1149 1516 miror.
1206 1475 1431 1517 videndum
1460 1477 1534 1518 Ni..

61 1531 238 1586 oephori
265 1530 517 1571 chronicon.

172 1613 287 1656 Ibid.
318 1613 382 1654 13.
441 1610 462 1653 ὃ
494 1612 542 1654 δὲ
561 1609 761 1665 βασιλεῦς
784 1612 991 1665 Τιβέριος]
1020 1613 1282 1662 Tiberinum,
1315 1614 1400 1656 sive
1417 1616 1532 1656 Con..

59 1671 329 1722 stantinianos
357 1670 460 1710 istos
481 1669 763 1725 praetorianis
791 1670 1017 1710 accensitos
1034 1684 1080 1710 ex
1111 1671 1286 1710 vestium
1315 1677 1358 1711 et
1387 1687 1532 1711 armo-

60 1742 158 1768 rnm
189 1726 385 1767 distincto
429 1740 584 1782 genere
625 1739 821 1766 concesso
864 1726 1069 1766 arbitror.
1138 1728 1367 1768 Simocatta
1404 1727 1475 1768 lib.
1504 1727 1531 1768 3

60 1797 153 1838 cap.
185 1783 253 1824 15.
289 1783 483 1835 Τιβέριος
513 1781 761 1834 ΠΙαυρίκιον
792 1780 1022 1835 στρατηγὸν
1051 1778 1404 1836 προστησάμενος,
1438 1780 1533 1824 τότε

59 1838 111 1892 δὴ
141 1839 226 1880 τῶν
264 1835 645 1894 σωματοφυλάκων
685 1837 761 1877 τοῦ
795 1838 1006 1889 βασιλέως
1042 1835 1285 1891 ἡγούμενον.
1348 1839 1532 1879 Tiberius

59 1896 316 1936 Maur-icium
354 1905 437 1935 tum
468 1893 826 1950 praetorianorum
864 1893 1119 1950 praefectum
1150 1895 1288 1935 ducem
1316 1897 1529 1946 constituit,

61 1957 140 1993 etc.
199 1966 307 2006 quae
349 1952 661 2006 subiunguntur
710 1949 821 2004 apud
861 1951 1040 1990 eundem
1066 1952 1255 2004 reperire
1283 1951 1382 1992 licet
1410 1965 1529 2007 capp.

63 2008 117 2050 15
146 2013 188 2049 et
226 2006 290 2059 16,
319 2013 362 2048 et
387 2007 617 2062 Euagrium
644 2005 716 2046 lib.
748 2005 774 2045 5
803 2020 926 2061 capp.
962 2005 1013 2047 19
1043 2012 1086 2047 et
1113 2007 1394 2062 sequentibus.

169 2091 279 2134 Ibid.
314 2090 378 2131 16.
438 2085 717 2142 Φυδεροέτων]
748 2091 806 2131 ita
836 2090 977 2131 cuncti
1016 2089 1141 2131 codd.
1174 2090 1412 2131 correctior
1441 2091 1529 2130 Co-

59 2147 194 2199 dinus,
225 2143 516 2200 Φοιδεράτους
543 2146 701 2187 scribit.

172 2219 284 2260 Ibid.
319 2217 383 2259 19.
458 2219 671 2266 πολιτείας
711 2223 771 2267 τε]
814 2218 983 2258 consule
1004 2218 1137 2258 varias
1166 2217 1374 2258 lectiones.
1433 2217 1528 2258 vide

57 2277 221 2331 pariter
252 2276 305 2316 ad
333 2289 429 2330 pag.
467 2274 549 2315 2¹6
596 2274 914 2316 annotationem
957 2275 1202 2326 secundam,
1233 2289 1314 2329 qua
1342 2274 1528 2313 πολίτεια

60 2333 244 2389 regionis
274 2346 426 2372 nomen
457 2336 533 2371 est.

170 2414 266 2467 388,
289 2415 331 2456 6.
386 2416 447 2472 τῷ
476 2414 513 2454 δ’
540 2411 781 2470 Αὐγούστῳ
821 2412 929 2467 μηνί
955 2410 1034 2464 ιδ’]
1064 2415 1120 2454 ita
1154 2413 1301 2454 chron.
1330 2411 1524 2452 Alexand.

59 2472 398 2528 Theophylactus
430 2472 658 2511 Simocatta
686 2470 758 2510 lib.
780 2471 800 2510 1
824 2485 919 2525 cap.
942 2471 962 2510 1
996 2478 1037 2511 et
1068 2468 1176 2510 lib.3
1208 2483 1298 2522 cap.
1330 2467 1393 2519 18,
1412 2469 1525 2508 Eua-

60 2530 174 2585 grius
202 2529 273 2573 lib.
292 2529 319 2569 5
353 2542 446 2582 cap.
475 2527 529 2567 22
561 2533 602 2568 et
629 2525 695 2567 23.

168 2613 275 2653 Ibid.
304 2611 348 2652 7.
408 2608 558 2664 φθίσει
585 2609 838 2664 napea-wer]
882 2609 1073 2649 ultimum
1101 2607 1240 2647 morbi
1268 2606 1524 2660 conflictum,

57 2666 270 2779 ἵεὲιέίνηςι
283 2666 428 2721 χολῆς,
455 2677 569 2707 atrae
599 2667 706 2718 bilis,
735 2666 777 2706 vi
805 2666 1009 2706 incessisse
1034 2665 1159 2704 docet
1198 2664 1425 2703 Simocatta
1454 2663 1525 2703 lib.

170 2796 279 2836 Ibid.
308 2795 350 2837 9.
409 2795 455 2835 ἐν
480 2795 539 2852 τῷ
564 2793 862 2850 τριβουηιλίῳ]
895 2792 1127 2834 chronicon
1156 2790 1351 2831 Alexand.
1378 2791 1525 2832 scribit

182 2879 422 2928 Theophanes
449 2881 500 2915 ΙΙ.
1215 2873 1261 2907 30
1331 2891 1335 2895 ’
