1768 3268
250 227 312 274 86
467 229 748 273 ANASTASH
793 228 991 271 IllSTOR
1000 227 1052 269 lA
1087 225 1405 269 ECCLESIAST
1410 221 1499 265 1CA

249 353 419 401 scopato
451 347 601 402 proiici
631 345 758 399 magis
793 345 928 399 elegit,
958 349 1000 385 et
1020 347 1282 383 consecratus
1315 345 1373 379 est
1401 348 1484 392 pro
1515 350 1566 376 eo
1588 336 1716 376 loan-

248 418 317 444 nes
342 418 387 444 ex
415 403 804 459 staurophylacibus
837 401 1018 457 quidam,
1049 400 1120 455 qui
1157 396 1385 452 spopondit
1416 395 1554 434 facere
1584 407 1714 447 quae-

44 479 78 513 p.
99 466 166 504 242
195 470 235 506 12
248 475 412 516 cunque
440 461 618 501 vellent:
647 474 795 500 verum
826 463 1088 498 consecratus
1119 462 1315 495 neutrum
1353 452 1467 492 fecit.
1528 450 1714 504 impera-

246 523 318 558 tor
345 523 484 558 autem
517 516 751 557 Anastasius
789 530 871 555 una
913 529 1006 555 cum
1039 511 1262 554 Timotheo
1302 508 1473 549 scelesto
1508 507 1715 547 Constan-

247 573 526 628 tinopolitano
553 574 751 628 episeopo
781 572 910 612 multa
942 571 1048 610 mala
1074 567 1286 609 monachis
1315 564 1481 617 clericis,
1503 578 1551 604 ae
1581 562 1711 611 laicis,

247 630 319 686 qui
351 644 432 685 pro
462 625 710 670 Macedonio
754 643 921 683 proque
960 626 1119 682 synodo
1170 622 1418 665 defensanda
1463 634 1713 675 persevera-

244 687 377 738 bant,
419 685 620 738 ostendit,
651 686 708 726 ita
738 692 785 725 ut
822 685 934 739 apud
973 684 1113 723 Oasim
1148 680 1371 722 Thebaidis
1406 677 1559 718 multos
1587 677 1711 718 exilio

245 743 465 798 relegaret.
532 743 604 798 qui
635 741 876 782 Timotheus
906 741 1101 796 synodica
1134 745 1176 780 et
1202 735 1439 779 Macedonii
1479 733 1713 790 depositio-

245 814 339 840 nem
368 799 619 854 singularum
653 798 856 853 episcopis
885 798 1098 837 civitatum
1127 795 1178 836 ad
1206 790 1552 835 subscribendum
1576 796 1714 831 trans-

244 856 368 905 misit,
398 870 580 910 quorum
604 850 694 906 alii,
733 855 929 895 fortiores
965 854 1144 903 scilicet,
1188 849 1239 892 ad
1277 857 1506 904 utrumque
1544 847 1711 888 restite-‘-

246 919 353 963 rant,
385 912 453 952 alii
483 927 584 953 vero
631 911 818 967 utrisque
865 910 1078 965 scripturis
1111 910 1265 950 timore
1312 904 1579 961 imperatoris
1610 919 1711 960 per..

245 969 384 1010 territi
402 969 746 1023 subscripserunt.
779 982 912 1022 porro
934 966 1060 1007 medii
1091 965 1342 1020 depositioni
1360 961 1595 1005 Macedonii
1627 975 1713 1001 non

112 1021 578 1078 pesasubscribentes,
618 1024 827 1064 Timothei
866 1023 1071 1079 synodicis
1113 1023 1471 1077 subscripserunt3
1518 1018 1635 1074 quod
1668 1017 1712 1059 id

246 1083 379 1137 ipsum
409 1087 530 1134 erat,
571 1081 667 1122 lieet
711 1081 766 1122 eis
804 1081 957 1121 distare
984 1080 1212 1123 videretur.
1270 1080 1411 1118 volens
1439 1091 1536 1116 sane
1563 1074 1711 1115 Timo-

245 1138 515 1179 theusSeveri
546 1151 697 1178 nomen
731 1138 772 1177 in
796 1137 1000 1192 diptychis
1032 1136 1231 1177 ordinare
1258 1142 1299 1176 et
1326 1133 1512 1174 Flaviani
1546 1132 1712 1183 eiicere,

245 1194 481 1249 prohibitus
502 1200 559 1234 est
588 1210 609 1234 a
637 1194 822 1248 populo:
852 1193 993 1234 Severi
1016 1207 1194 1248 namque
1213 1192 1553 1232 communionem
1569 1203 1712 1230 omnes

246 1250 471 1291 orthodoxi
502 1250 727 1306 fugiebant,
758 1257 798 1290 et
828 1250 1001 1290 maxime
1032 1249 1246 1297 monaehi;
1290 1249 1441 1304 quibus
1471 1261 1566 1287 cum
1599 1246 1710 1285 mul..

244 1302 421 1348 titudine
437 1307 690 1348 rusticorum
707 1306 860 1362 punitis
878 1306 1027 1347 multos
1047 1307 1215 1359 occidit,
1239 1305 1388 1346 altaria
1410 1304 1654 1346 subvertens
1670 1310 1712 1344 et

242 1378 356 1403 sacra
388 1363 722 1404 orthodoxorum
748 1378 837 1403 vasa
869 1369 915 1402 ut
930 1363 1150 1418 sacrilegus
1182 1361 1378 1403 conflans.
1411 1361 1569 1401 Iuliana
1589 1374 1709 1412 vero,

243 1419 508 1459 illustrissima
528 1420 695 1471 femina,
717 1435 823 1475 quae
841 1419 1041 1473 templum
1061 1420 1125 1460 dei
1150 1418 1359 1475 genitricis
1379 1418 1491 1473 apud
1508 1417 1712 1457 Honora-

242 1482 301 1517 tas
320 1482 620 1528 construxerat,
643 1477 761 1516 valde
779 1483 860 1531 pro
876 1472 1202 1516 Cbalcedonensi
1220 1475 1381 1531 synodo
1397 1469 1621 1529 satagebat,
1652 1474 1711 1514 ita

243 1540 290 1572 ut
309 1533 344 1572 ei
364 1547 438 1572 nec
456 1533 687 1586 imperator
703 1533 884 1588 quidem,
912 1533 1058 1573 multas
1079 1534 1272 1574 adversus
1306 1547 1396 1573 eam
1413 1530 1615 1572 versutias
1633 1530 1709 1570 ad..

242 1589 463 1638 inveniens,
480 1589 700 1630 Timotheo
723 1591 1031 1630 communicare
1051 1589 1304 1645 persuadere
1325 1588 1519 1629 valuerit.
1545 1587 1617 1628 sed
1634 1602 1711 1627 nec

243 1646 329 1698 ipse
345 1645 586 1685 Timotheus
617 1647 858 1701 frequenter
885 1646 935 1686 ad
964 1661 1053 1686 eam
1070 1662 1246 1702 pergens
1263 1647 1344 1687 hoc
1373 1645 1411 1685 ei
1445 1644 1589 1700 potuit
1607 1659 1710 1700 pei·-

242 1701 427 1742 suadcre.
441 1702 685 1756 Pompeium
702 1717 871 1758 quoque
883 1705 1181 1744 consobrinum
1198 1704 1316 1754 illius,
1334 1709 1377 1743 et
1388 1702 1510 1742 huius
1521 1715 1710 1754 uxorem,

245 1773 351 1812 quae
369 1757 516 1799 mulier
532 1766 623 1799 erat
640 1767 785 1799 ornata
803 1766 843 1799 et
863 1761 1140 1801 concedendis
1160 1759 1370 1801 beneficiis
1388 1773 1553 1810 vacans,
1571 1758 1710 1797 multis

243 1814 475 1868 imperator
504 1816 692 1870 angustiis
722 1815 965 1857 humiliabat
993 1823 1041 1857 ut
1071 1817 1271 1858 zelatores
1292 1815 1441 1872 synodi
1463 1821 1505 1856 et
1534 1829 1604 1855 eos
1636 1815 1709 1869 qui

243 1871 491 1910 Macedonio
520 1872 800 1926 largiebantur
841 1874 883 1912 in
914 1874 1032 1914 exilio
1077 1888 1183 1930 quae
1213 1873 1441 1914 necessaria
1468 1877 1607 1912 erant.
1666 1871 1710 1911 hi

244 1940 347 1966 vero
383 1927 453 1980 qui
483 1928 768 1968 Alexandriam
796 1930 903 1970 missi
933 1931 1101 1971 fuerant
1128 1930 1393 1971 aTimotheo
1424 1927 1478 1969 ad
1510 1930 1710 1969 Ioannem

244 1982 494 2035 Nicaeotem,
524 1998 649 2037 super
679 1986 896 2027 ambonem
929 1986 1263 2029 Chalcedonense
1305 1986 1709 2027 anathematizavere

245 2040 484 2079 concilium.
545 2040 740 2082 defuncto
781 2049 918 2084 autem
945 2043 1178 2099 hegumeno
1216 2042 1459 2085 monasterii
1488 2042 1559 2083 Dii
1593 2043 1708 2083 venit

244 2095 486 2135 Timotheus
531 2095 796 2138 ordinaturus
833 2098 1138 2155 hegumenum:
1180 2101 1212 2141 is
1254 2107 1395 2141 autem
1423 2100 1496 2155 qui
1528 2113 1707 2154 promo-

111 2165 147 2200 Ρ·
165 2151 398 2216 244vendus
429 2157 532 2202 erat,
563 2152 664 2192 dixit
690 2169 731 2194 se
759 2169 841 2195 non
871 2164 1159 2212 suscepturum
1188 2157 1528 2199 benedictionem
1560 2171 1583 2196 a
1613 2157 1708 2196 viro

246 2222 318 2272 qui
337 2207 709 2250 Chalcedonensem
737 2212 940 2266 synodum
979 2222 1208 2268 sperneret.
1249 2215 1302 2255 ad
1331 2214 1434 2255 haec
1461 2212 1707 2253 Timotheus

245 2271 303 2304 ait
331 2264 578 2328 “anathema
622 2267 734 2307 omni
776 2268 935 2309 homini
970 2266 1303 2312 Chalcedonense
1342 2285 1429 2312 non
1466 2269 1708 2324 suscipienti

245 2321 467 2361 concilium
481 2324 514 2369 ;’'
546 2329 586 2361 et
613 2328 702 2362 tum
731 2323 798 2364 ille
826 2326 1003 2379 provehi
1026 2328 1076 2368 ab
1108 2329 1197 2383 ipso
1218 2328 1429 2368 convenit.
1486 2334 1706 2382 praeterea

245 2377 416 2440 Ioannes
447 2377 759 2419 archidiaconus
785 2382 1007 2434 Timothei,
1038 2398 1132 2424 eum
1163 2392 1265 2426 esset
1293 2383 1572 2434 Manichacus,
1603 2397 1707 2423 eon-

243 2433 357 2496 V{⁰li⁵
386 2433 522 2474 affss‘fit
551 2434 833 2485 TifflOflfflUffl,
865 2445 905 2478 et
930 2439 1178 2494 imperatori
1209 2440 1325 2497 quod
1352 2441 1515 2481 dixerat
1543 2439 1708 2480 indica-

244 2496 320 2552 vit.
380 2496 440 2529 ast
473 2491 704 2544 imperator
739 2493 1009 2547 ignominiose
1053 2512 1100 2536 ae
1144 2497 1236 2538 dire
1265 2497 1539 2538 Timotheum
1569 2497 1610 2535 in
1642 2497 1707 2536 fa-

246 2558 348 2584 ciem
378 2548 623 2587 conveniens
664 2556 883 2601 negantem
910 2550 1080 2604 invenit,
1122 2559 1164 2593 et
1196 2570 1218 2594 e
1249 2561 1397 2595 contra
1428 2567 1497 2594 eos
1531 2552 1706 2593 anathe-

243 2602 505 2643 matizantem
532 2603 604 2658 qui
638 2604 1011 2647 Chalcedonensem
1041 2610 1244 2664 synodum
1274 2610 1537 2665 recepissent.
1568 2623 1705 2664 porro

244 2657 414 2698 Ioannes
445 2660 742 2702 Alexandrinus
774 2661 954 2703 inhibuit
983 2665 1203 2720 Aegyptios
1249 2667 1470 2708 ascendere
1502 2666 1706 2706 Hieroso..

243 2711 404 2778 lyfflsspr
435 2722 481 2756 ut
507 2731 590 2756 non
622 2718 979 2759 communicarent
1028 2721 1068 2760 in
1098 2723 1344 2766 exaltatione
1378 2723 1705 2764 Chalcedonensi

243 2769 437 2810 concilio.
508 2773 715 2814 terribilia
756 2789 858 2815 vero
903 2776 1104 2830 quaedam
1142 2780 1191 2819 ab
1221 2781 1282 2822 his
1325 2780 1397 2836 qui
1427 2796 1449 2820 a
1481 2779 1703 2820 daemonio

242 2825 494 2868 tenebantur
538 2830 646 2870 faeta
671 2837 780 2887 -sunt
818 2831 1114 2889 Hierosolymis
1147 2841 1263 2878 tunc.
1333 2837 1562 2878 Anastasius
1593 2835 1700 2877 enim
