1728 3184
237 169 334 219 634
737 175 812 218 AD
849 173 1225 218 THEOPIIANEM

234 306 283 331 ne
311 292 383 347 qui
407 305 540 331 rerum
568 303 763 330 summum
790 300 882 332 ante
912 298 1136 330 tenuerant.
1195 286 1374 343 imperio
1404 286 1446 326 in
1472 286 1702 327 Saracenos

235 355 333 387 ante
362 347 500 400 potiti
532 353 666 388 erant.
736 346 838 387 illud
882 347 1060 401 intel-,pr
1104 359 1232 400 nuper
1264 344 1491 385 dominium
1530 343 1707 399 adeptis,

236 404 277 443 in
308 417 376 444 eos
405 404 533 458 magis
564 403 754 458 quadret,
787 403 859 458 qui
890 410 979 443 tum
1011 416 1154 442 rmum
1169 416 1371 442 summam
1386 400 1704 455 capessivelQant

235 474 284 500 ac
314 460 493 515 imperio
525 460 693 515 vitaque
725 463 914 501 Maiuam
945 463 1157 500 exuelant.

345 531 441 596 659,
473 532 515 573 3.
575 533 670 573 καθ’
716 528 895 586 ἑκάστην
931 531 1078 584 ποιῶν]
1128 532 1264 570 Anast.
1308 530 1407 584 Reg.
1452 534 1531 570 etc.
1600 529 1707 569 male

235 589 333 630 καθ’
361 583 540 642 εκάστην
571 589 706 632 πόλιν.
780 603 861 628 non
902 589 958 628 ita
991 587 1282 628 Constantinus
1323 587 1446 627 uibes
1488 585 1674 626 obibat
1664 601 1706 626 ιιι

233 646 398 701 singulis
430 652 658 686 conventus
686 646 928 695 habiturus,
970 644 1078 685 sed
1069 660 1108 684 ιιι
1141 659 1223 683 una
1265 644 1386 694 ιιιῙιε,
1417 657 1465 682 ac
1493 643 1573 682 CP.
1602 656 1708 683 con-

233 711 379 743 ventus
408 702 610 743 eiusmodi
641 701 831 757 quotidie
862 701 1055 752 habebat,
1081 717 1128 740 ac
1148 715 1272 755 quam
1293 705 1384 739 erat
1412 699 1601 740 editurus
1631 699 1708 739 ab-

232 760 410 799 solutam
450 759 707 824 impietatem
747 758 951 812 (sequenti
983 758 1183 797 nimirum
1227 770 1336 796 anno
1366 756 1538 810 publica
1572 770 1594 796 e
1623 769 1708 810 pu-

231 816 343 856 blico
373 814 652 855 conciliabulo
684 813 913 870 imaginum
941 814 1272 869 proseliptione)
1305 813 1604 867 parturiebat.
1637 811 1710 867 qui

234 878 294 914 est
322 873 410 913 clai
413 887 457 911 us
483 886 619 912 sensus
650 871 853 912 auctoiis.

348 950 458 993 Ibid.
487 949 530 990 8.
584 944 811 1006 χορδάψῳ]
844 951 945 1004 Reg.
975 955 1052 990 etc.
1083 947 1157 989 καί
1182 948 1510 996 Κωνσταντῖνος.

341 1022 452 1065 [bid.
475 1022 536 1065 15.
597 1022 642 1062 ἑκ
669 1022 752 1063 τῶν
781 1021 1022 1063 καθολικῶν
1044 1017 1229 1075 θρόνων]
1248 1022 1363 1076 ,Reg.
1385 1026 1464 1061 etc.
1491 1033 1584 1060 cum
1610 1019 1714 1060 nulli

231 1080 518 1121 universalium
547 1080 702 1120 sedium
745 1080 893 1119 vicarii
919 1079 1119 1119 adessent.
1152 1078 1210 1119 sic
1226 1078 1336 1118 enim
1359 1091 1436 1131 ego
1466 1083 1557 1117 tum
1587 1076 1713 1116 omis-

232 1151 317 1176 sam
346 1135 599 1200 particulam
642 1135 687 1176 ἐκ
717 1136 1009 1205 exposuerim,
1048 1150 1174 1191 quam
1207 1149 1349 1175 omnes
1382 1132 1506 1174 codd.
1539 1147 1714 1186 reprae-

229 1198 416 1242 sentam,
458 1199 507 1233 ut
546 1193 599 1233 sit
632 1191 747 1232 velut
784 1191 830 1233 ἐκ
872 1187 1119 1246 προσώπου.
1165 1197 1255 1231 tum
1284 1206 1432 1231 vocem
1463 1188 1714 1241 καθολικῶν,

230 1264 312 1304 qua
343 1263 428 1289 non
459 1249 560 1290 fides
590 1247 657 1288 hic
689 1248 942 1314 designetur,
974 1247 1044 1288 sed
1076 1248 1317 1288 universalis
1337 1262 1419 1302 pro
1448 1245 1715 1301 patiiarcha..

229 1313 294 1346 tus
322 1306 488 1346 ratione
518 1305 773 1356 auctoritas;
816 1306 892 1347 etsi
922 1312 1013 1345 tum
1055 1319 1202 1345 levera
1235 1311 1441 1360 quattuor
1470 1304 1563 1343 ittae
1593 1301 1716 1343 Sedes

230 1369 372 1403 rectae
401 1361 497 1403 fidei
524 1362 769 1415 haerebant,
801 1378 886 1403 una
921 1362 1391 1415 Constantinopolitana
1421 1360 1470 1399 ab
1503 1374 1548 1399 ea
1582 1358 1716 1400 devia.

233 1419 383 1460 eodem
411 1425 659 1475 argumento
692 1425 845 1460 auctor
877 1419 1108 1459 invectivae
1134 1419 1173 1457 in
1208 1417 1526 1458 Constantinum
1549 1415 1717 1456 Cabati-

235 1491 335 1516 num
369 1482 475 1516 tom.
512 1477 536 1516 ‘2
569 1476 747 1516 auctarii
793 1476 926 1517 nostri
969 1474 1335 1543 pseudosmodum
1371 1475 1490 1514 istam
1521 1473 1715 1526 exagita.t

232 1535 350 1578 ποῖος
380 1529 652 1600 πατριάρχης
694 1528 851 1586 εὑρέθη
889 1532 933 1572 ἐν
972 1530 1104 1597 αὕτῇ,·
1152 1528 1174 1569 ὁ
1196 1529 1364 1584 Ῥώμης
1398 1528 1450 1569 ου’
1471 1528 1717 1577 κατεδέξατο

235 1584 403 1628 ἐλθεῖν·
462 1587 483 1627 ὃ
513 1585 841 1639 Ἀλεξανδρείας,
873 1586 962 1627 οὐδ’
992 1583 1123 1636 ὅλως·
1180 1585 1202 1626 ὁ
1233 1586 1504 1640 Ἀντιοχειας,
1537 1585 1640 1626 ου’δὲ
1667 1580 1714 1625 τὸ

237 1644 445 1684 σύνολον·
504 1642 526 1683 ὁ
553 1641 874 1696 Ἶεροσολυμων,
910 1643 1011 1684 οὐδὲ
1040 1640 1167 1692 ἅπαξ.
1226 1641 1374 1684 λοιπόν
1401 1639 1570 1694 ποταπή
1603 1643 1720 1682 ἐστιν

238 1694 348 1753 αὕτη
374 1699 398 1754 ἡ
429 1697 606 1747 σύνοδος
639 1701 906 1754 πατριάρχην
934 1697 993 1753 μή
1024 1696 1199 1752 ε’χουσα.
1261 1701 1349 1756 quis
1383 1701 1427 1739 in
1456 1712 1510 1739 ea
1532 1699 1724 1754 patriar-

240 1757 317 1796 elza
349 1757 526 1796 inventas
557 1761 639 1796 est?
675 1772 754 1797 non
784 1757 972 1797 sustinuit
1009 1757 1214 1797 Romanos
1243 1757 1406 1796 antistes
1435 1755 1498 1796 ad
1527 1769 1616 1794 eam
1649 1767 1725 1794 ac-

243 1812 410 1852 cedet-:e
438 1812 756 1853 Alexandrinus
801 1814 946 1853 adesse
991 1814 1145 1853 noluit:
1181 1813 1457 1852 Antiochenus
1489 1820 1727 1851 conventum

242 1869 420 1923 sprevit:
451 1868 846 1922 Hierosolymisanus
873 1870 1040 1909 omnino
1070 1870 1230 1924 respuit.
1289 1868 1412 1922 plura
1444 1867 1554 1908 idem
1571 1873 1726 1908 auctor

245 1924 289 1964 in
323 1938 413 1965 eam
444 1939 561 1974 rem,
606 1931 826 1981 totamque
857 1925 1133 1979 Constantini,
1182 1939 1230 1964 ac
1259 1925 1446 1979 parentis
1476 1924 1627 1965 Leonis
1658 1924 1724 1964 1ιί-

245 1981 431 2035 storiam,
463 1996 540 2021 nec
561 1996 645 2022 non
676 1997 823 2022 eorum
846 1982 1042 2022 adversus
1062 1996 1199 2022 sacras
1219 1981 1416 2036 imagines
1448 1981 1725 2035 tragoediam,

250 2052 357 2092 quae
385 2038 466 2077 sint
496 2038 741 2078 illustrando
772 2038 964 2092 Theoph.
1039 2037 1163 2092 plura
1194 2039 1295 2078 item
1326 2039 1370 2078 S.
1400 2037 1571 2092 Niceph.
1604 2039 1726 2078 lucu-

250 2094 362 2134 lenta
393 2093 461 2133 illa
497 2094 788 2135 confutatione
835 2095 1130 2148 Copronianae
1173 2095 1293 2135 huius
1332 2094 1509 2149 synodi3
1553 2109 1600 2134 ac
1641 2094 1726 2135 eius

252 2165 360 2205 quae
392 2165 481 2192 eam
513 2151 790 2202 confirmavit,
816 2151 1125 2207 pseudosynodi
1143 2151 1490 2216 Tlmopbilfflnae,
1520 2165 1629 2206 quae
1657 2165 1728 2191 cx-

253 2213 316 2247 tat
346 2207 387 2246 in
417 2208 517 2261 Reg.
542 2207 700 2247 codice.
730 2208 770 2247 S.
801 2199 1034 2261 Stephanus
1067 2208 1220 2249 iunior.
1279 2208 1380 2261 “qui
1411 2208 1728 2248 oecumenicum

256 2263 357 2303 illud
400 2264 623 2304 concilium
662 2264 805 2303 vocari
841 2265 992 2318 possit,
1034 2264 1149 2319 quod
1186 2279 1263 2305 nec
1310 2266 1520 2305 Romanus
1563 2265 1728 2306 antistes

256 2321 378 2371 (citra
409 2320 525 2360 cuius
555 2321 852 2361 auctoritatem
883 2321 996 2362 nullo
1027 2322 1154 2362 modo
1183 2323 1275 2362 fieri
1307 2327 1459 2376 potest,
1490 2327 1538 2362 ut
1567 2335 1631 2361 res
1662 2336 1728 2361 ec-

257 2377 503 2418 clesiasticae
533 2377 584 2417 ad
617 2392 807 2418 normam
851 2378 1111 2433 redigantur)
1151 2386 1316 2434 gratum
1346 2378 1510 2431 habuit,
1543 2393 1620 2418 nec
1655 2377 1728 2417 de-

257 2433 386 2488 nique
431 2434 881 2490 Hierosolymitanus?”
951 2441 1067 2475 tanta
1103 2443 1219 2477 certe
1261 2436 1439 2476 Romani
1484 2434 1641 2475 antistis
1687 2434 1728 2474 in

258 2490 439 2545 synodis,
470 2505 577 2546 quae
613 2491 905 2532 oecumenicae
950 2493 1058 2538 sint,
1092 2493 1342 2547 auctoritas,
1383 2498 1431 2531 ut
1471 2506 1547 2533 nec
1577 2490 1728 2531 Graeci

259 2546 505 2588 schismatici
535 2555 631 2602 post
662 2547 950 2588 discessionem
994 2564 1015 2588 a
1046 2550 1169 2589 Rom.
1202 2550 1326 2599 sede,
1358 2548 1608 2604 habitasque
1634 2562 1728 2603 syn-

262 2603 404 2643 odos'
394 2619 435 2644 m
468 2604 618 2659 Ignatii
647 2620 695 2645 ac
707 2604 846 2645 Photii
876 2619 1010 2655 causa,
1042 2605 1164 2647 ullam
1193 2606 1269 2647 sibi
1300 2605 1506 2662 synodum
1536 2618 1728 2646 oecume-

263 2659 397 2699 nicam
432 2676 656 2703 numerare
685 2662 1053 2716 praesumpserint.

377 2731 568 2785 661,10.
627 2734 823 2775 ἐπελθεῖν
864 2747 908 2773 τε
954 2732 1102 2782 αὐτοῖς
1146 2734 1381 2786 μελετῶντα
1426 2730 1558 2787 μετά]
1599 2734 1658 2775 sic
1687 2747 1728 2774 ex

266 2788 361 2831 Vnt.
396 2792 660 2831 emendatum
689 2793 729 2832 in
745 2791 867 2832 Barb-
902 2791 1083 2846 legitquc
1106 2794 1243 2836 Anust.
1272 2801 1392 2848 atque
1410 2794 1455 2832 in
1484 2806 1548 2831 eos
1578 2792 1728 2831 irruere
