1728 3184
712 185 911 228 NOTAE.
1438 180 1497 230 41
1509 184 1537 230 5

111 333 125 337 .,
190 300 289 351 242,
325 298 389 341 17.
465 295 674 351 Τιμόθεος
711 300 759 342 δὲ
787 298 842 340 τά
870 297 1104 351 συνοδικά]
1144 317 1188 343 ex
1233 303 1315 344 istis
1345 305 1542 344 nonnulla

77 358 286 413 Euagrius
329 357 401 400 lib.
431 354 460 396 3
488 370 581 410 cap.
608 354 680 396 33.
751 372 860 411 quae
898 372 992 412 pag.
1038 357 1140 398 haec
1178 360 1342 401 exhibet
1386 361 1542 417 absque

78 413 407 470 comparatione,
434 413 488 452 ad
529 413 662 454 varias
691 411 782 454 lect.
814 413 878 453 vix
912 414 1126 470 intelligas.

189 493 300 551 243,
322 494 383 537 19.
449 496 526 538 τοῦ
567 495 615 536 δὲ
656 494 892 550 ἡγουμένου
940 496 1012 551 τῆς
1042 497 1150 540 Διὀυ
1177 499 1323 552 μονῆς]
1349 500 1543 541 Theodo-

79 569 150 594 rus
179 553 325 604 lector,
356 567 404 594 ex
426 566 512 608 quo
538 553 821 594 narrationem
847 554 963 594 istam
998 554 1225 608 desumpsit
1251 556 1540 610 Theophanes,

77 610 226 652 scribit
247 607 326 651 τοῦ
361 606 595 663 ἡγουμένου
628 608 703 662 τῆς
732 606 867 663 μονῆς
904 609 981 650 τοῦ
1004 611 1229 651 eremmon
1263 609 1541 664 τελευτῆσαν-

79 680 163 715 τος.
217 666 422 706 Batonius
449 665 503 706 ad
532 680 686 705 annum
715 665 794 706 511
839 681 952 708 num.
996 668 1043 707 11
1074 668 1197 708 studii
1223 667 1540 722 interpretatur,

79 722 269 778 adeoque
306 723 384 762 τοῦ
423 720 624 762 στουδιόυ
665 722 784 775 legit:
826 737 874 764 ex
902 723 1050 778 quibus
1080 723 1311 765 coniiceret
1340 725 1542 780 quispiam

77 780 212 834 μονήν
238 779 315 819 τοῦ
338 778 448 827 Διόυ
478 777 650 818 eandem
695 793 802 834 quae
829 779 905 819 τοῦ
944 779 1171 832 στουδιόυ,
1200 781 1267 821 cui
1300 787 1436 822 tamen
1466 781 1541 821 ad-

81 841 274 877 versatur
300 834 418 890 quod
443 833 643 875 scribitur
671 835 711 875 in
746 849 839 890 pag.
876 832 967 876 114.

107 958 110 960 Ι
189 906 287 958 245,
313 906 356 950 8.
422 905 588 964 ἐξάρχῳ
629 900 715 948 ὄντι
750 907 836 948 τῶν
871 908 1179 962 μοναστηρίων]
1208 910 1301 965 quis
1329 892 1543 952 monast&

75 964 148 1005 riis
174 963 435 1020 praepositus
467 963 508 1002 in
542 964 714 1004 ecclesia
746 965 824 1004 CP.
857 965 1027 1020 exponit
1059 965 1367 1023 euchologium,
1398 973 1439 1008 et
1455 969 1541 1008 Co-

77 1020 196 1063 ‹liuus
227 1025 371 1061 nostro
401 1019 548 1078 labore
579 1020 817 1061 illustratus.

186 1104 299 1157 Ibid.
331 1102 395 1145 10.
464 1100 484 1143 ὃ
524 1102 572 1144 δὲ
597 1101 799 1155 βασιλεύς
836 1108 968 1156 τινας]
998 1105 1139 1146 eadem
1167 1106 1219 1146 ah
1246 1106 1430 1162 Euagrio
1468 1106 1539 1147 lib.

77 1159 105 1202 3
134 1175 229 1216 cap.
259 1159 334 1204 ult.
363 1158 640 1202 diversimode
668 1168 855 1202 narrata.

191 1241 288 1295 246,
320 1244 359 1286 5.
412 1241 764 1297 ’Λλαμουνδάρου
784 1246 831 1287 δὲ
856 1246 935 1286 τοῦ
959 1242 1203 1300 φυλάρχου]
1235 1246 1447 1303 legendam
1470 1262 1539 1289 ex-

76 1301 195 1343 hibet
219 1301 438 1343 historiam
466 1301 573 1342 hanc
600 1301 848 1343 Theodorus
887 1302 1017 1344 lector
1046 1304 1117 1344 lib.
1148 1304 1188 1344 2.

187 1383 283 1438 247,
313 1385 352 1426 2.
409 1383 667 1434 Βιταλιανὸς
696 1385 973 1441 παραλαβών]
1004 1388 1148 1428 cadem
1178 1388 1440 1429 Marcellinus
1469 1402 1541 1428 co-

77 1457 160 1484 mes
185 1457 298 1483 nuno
327 1443 524 1483 Anastasii
568 1444 762 1484 vicesimo
808 1446 937 1485 tertio
980 1451 1022 1485 et
1053 1451 1230 1500 quarto,
1274 1445 1326 1484 ab
1356 1445 1539 1499 Euagrio

78 1498 151 1540 lib.
176 1499 204 1540 3
234 1513 324 1554 cap.
341 1497 410 1553 43,
456 1505 497 1539 et
525 1500 731 1541 lornande
769 1501 822 1541 de
864 1515 980 1557 regn.
1016 1506 1058 1541 et
1087 1507 1212 1556 temp.
1250 1515 1421 1545 success,
1449 1516 1539 1541 me-

77 1562 256 1598 morata.

187 1633 296 1676 Iba'd.
326 1633 390 1676 19.
448 1632 765 1684 Σεκουνδιανός]
806 1635 878 1691 qni
918 1635 1106 1690 pluribus
1130 1635 1415 1691 superioribus
1442 1636 1543 1677 locis

77 1690 348 1739 Σεκουνδῖνος
376 1691 589 1733 scribitur.

188 1759 283 1816 249,
316 1763 354 1804 2.
410 1763 513 1816 μιᾶς
545 1762 726 1818 φόλεως]
758 1765 825 1805 alii
846 1761 998 1820 φόλλιν
1022 1765 1225 1817 scribunt,
1253 1772 1295 1808 et
1322 1765 1543 1806 masculam

78 1819 237 1860 faciunt
281 1835 440 1861 vocem.
507 1821 613 1860 follis
653 1822 839 1877 pretium
885 1836 992 1876 pene
1029 1823 1248 1863 incertum.
1307 1823 1543 1862 vilissimum

77 1877 253 1917 extitisse
278 1877 475 1917 Anastasii
512 1884 647 1920 aetate
677 1886 857 1934 arguunt
896 1879 1163 1933 Theophanis
1192 1879 1332 1931 verba,
1363 1879 1542 1932 singulos

77 1933 223 1973 milites
250 1933 414 1990 singulis
464 1935 631 1976 follibus
674 1935 735 1984 εἰς
770 1931 896 1989 ὕβριν
924 1937 1157 1976 aestimatos
1190 1936 1413 1977 scribenti:
1444 1935 1542 1975 mihi

2 2014 5 2016 —
76 1995 215 2030 tamen
248 2005 333 2032 non
366 1990 470 2031 adeo
500 1991 589 2032 leve
618 1999 666 2032 ut
695 1992 837 2043 obolo,
862 1992 922 2032 vel
943 1993 1026 2038 aeri
1058 1992 1276 2033 minutiori
1306 1991 1543 2048 adaequan-

78 2046 178 2086 dum
197 2047 391 2088 iudicem.
421 2049 727 2089 recentioribus
750 2050 920 2090 Graecis
952 2047 1112 2104 φόλλις,
1144 2048 1207 2089 vel
1236 2054 1283 2088 ut
1312 2049 1543 2103 pronunti..

78 2107 150 2142 ant
177 2099 329 2157 φόλλα,
361 2103 520 2144 decima
548 2106 722 2160 septima
750 2120 846 2160 pars
876 2111 936 2146 est
973 2105 1116 2160 Asperi
1143 2106 1331 2145 Turcici.
1390 2108 1543 2160 Aspera

75 2159 271 2211 Tttrcica,
304 2166 474 2201 centum
505 2163 804 2203 commutando
828 2162 1048 2216 Hispanico
1068 2162 1226 2217 Regali,
1256 2162 1342 2202 sive
1372 2174 1540 2202 nummo

77 2222 292 2268 argenteo,
325 2231 392 2258 me
422 2218 534 2272 apud
565 2232 635 2259 eos
657 2219 970 2274 peregrinante,
1001 2219 1340 2259 numerabantur.
1398 2217 1542 2258 Suidas

76 2271 231 2327 φύλλιν
258 2273 430 2327 exponit
457 2274 642 2314 obolum.
700 2276 740 2315 in
772 2290 986 2316 nummum
1017 2276 1158 2330 itaque
1184 2275 1295 2316 mille
1310 2281 1353 2315 et
1383 2274 1542 2328 septin-

78 2329 193 2383 genti
211 2330 360 2370 milites
387 2330 632 2371 aVitaliano
662 2331 830 2372 fuissent
860 2331 1031 2373 censiti:
1065 2346 1171 2387 quae
1200 2336 1315 2371 certe
1344 2344 1427 2371 non
1460 2330 1542 2369 mi-

78 2385 196 2425 litum
225 2381 362 2440 ὕβρις,
393 2388 461 2427 sed
495 2387 617 2441 ipsius
657 2388 853 2429 vitaliani
893 2395 1135 2429 censeretur
1164 2387 1378 2428 stoliditas.
1436 2386 1542 2426 follis

77 2441 250 2483 Petavio
287 2459 346 2483 ms
387 2445 597 2484 cuiusdam
627 2445 746 2498 Regii
775 2445 912 2486 verbis
957 2445 1109 2486 edocto
1129 2476 1141 2495 ,
1174 2458 1362 2484 nummus
1405 2450 1463 2483 est
1495 2457 1542 2482 ex

79 2498 243 2539 duobus
273 2501 478 2555 argenteis
505 2501 775 2555 compositu5‚
814 2517 917 2558 quos
945 2503 1211 2550 Miliarenses,
1242 2500 1313 2551 ait,
1346 2499 1542 2552 intelligi..

78 2569 194 2596 mus:
226 2570 411 2611 quorum
439 2557 588 2611 singuli
619 2558 827 2609 denarios,
856 2572 940 2598 non
961 2565 1118 2599 veteres
1149 2564 1189 2597 et
1219 2558 1440 2606 Romanos,
1472 2555 1542 2596 sed

78 2611 260 2653 minores
291 2615 524 2653 nummulos
557 2615 802 2655 continent:
831 2614 884 2656 de
910 2616 1059 2670 quibus
1087 2614 1153 2652 ille
1183 2614 1247 2652 vir
1273 2612 1461 2653 eruditus
1492 2611 1541 2651 ad

80 2669 283 2723 integram
315 2670 440 2710 animi
472 2671 728 2720 satietatem,
765 2671 975 2712 luculenta
1020 2671 1070 2710 de
1101 2669 1195 2709 folle
1228 2668 1463 2709 Milliarensi
1495 2683 1543 2708 ac

80 2738 350 2766 nummorum
378 2727 561 2767 minutiis
591 2728 784 2768 Diatriba
809 2728 859 2769 ad
891 2727 1159 2768 animadvers.
1192 2726 1231 2764 in
1261 2725 1540 2781 Epiphanium

81 2781 135 2821 de
161 2796 287 2823 menS.
319 2789 359 2823 et
392 2784 522 2837 pond.
556 2785 759 2839 apposita.
