1728 3184
196 186 295 236 490
684 198 736 238 m
773 193 1147 237 'nuzoPuANEM

306 306 402 361 499,
437 306 500 350 14.
558 309 598 351 Γ
598 309 902 364 ουνὸαβούνας]
954 310 1010 350 ita
1039 309 1211 364 Peyrez.
1249 308 1390 351 codex.
1429 309 1574 364 scripti
1606 316 1674 350 ta..

198 380 291 406 men
319 367 538 420 poenitens
570 367 877 420 Γονὸαβουσιῖν
907 366 986 406 hac
1025 365 1167 406 eadem
1189 366 1339 420 pagina
1372 365 1434 406 bis
1473 367 1668 407 librarius

192 423 418 522 {lglzztssm
421 424 654 464 Anastasius
682 425 845 479 puriter
874 423 1042 478 scripsit
1075 423 1431 474 Gundabundam‚
1478 430 1521 464 et
1552 424 1671 464 Gun-

304 551 402 602 500,
420 553 460 595 8.
518 552 661 623 δηλοῖ,
667 550 819 610 αυτόν]
850 553 1069 610 antiptosis
1098 553 1328 594 modernae
1358 552 1559 594 Graeciae
1590 554 1671 594 usi—

194 609 391 650 tatissima
425 610 515 650 vice
543 609 671 666 αὐτῷ.

211 725 213 727 ,
302 683 412 724 Ibzd.
438 682 500 724 10.
565 680 787 754 γινώσκεις
815 681 839 736 ἦ
858 682 1063 738 πολιτεία]
1084 683 1318 726 correctius
1348 682 1490 724 valiae
1519 682 1670 724 lectio-

192 754 283 780 nes:
314 753 532 793 γινωσκεις
563 736 624 781 ὅτι
652 738 678 793 ἦ
707 739 909 782 πολιτειᾝα

301 824 397 876 501,
430 825 468 866 7.
521 823 685 877 Ἐσδίμ]
718 825 884 879 gratior
915 840 995 867 vox
1020 819 1180 877 Ἰεσδίμ
1209 825 1250 865 ἰη
1272 825 1444 880 Peyrez.
1477 830 1666 878 reperta:

189 881 416 937 gratissima
441 882 602 924 Iesdcm
631 881 743 937 apud
765 883 1039 923 Anastasium:
1069 883 1229 923 Iesdem
1260 882 1371 922 enim
1400 882 1542 922 domos
1569 880 1670 935 legi-

190 954 281 980 mus
300 954 395 994 pag.

299 1011 396 1062 503,
413 1010 451 1051 7.
509 1007 678 1064 εἰρήνης
703 1010 947 1064 γενομένης]
977 1009 1118 1050 literas
1138 1010 1252 1065 pacis
1270 1009 1454 1061 nuncias,
1485 1016 1526 1050 et
1546 1025 1671 1065 prae-

188 1068 426 1109 cedentium
457 1067 638 1107 Heraclii
679 1074 895 1122 gestorum
941 1068 1230 1107 narrationem
1274 1067 1533 1107 continentes
1562 1081 1670 1121 pro-

186 1128 269 1167 fert
298 1125 531 1166 chronicon
546 1124 742 1165 Alexand.
774 1124 825 1164 ad
853 1123 967 1164 hunc
995 1139 1175 1164 annum:
1207 1123 1259 1163 ad
1288 1124 1468 1164 eundem
1500 1123 1671 1179 qui628

187 1198 232 1223 ex
265 1182 510 1223 scholiastae
539 1181 736 1231 calculis,
766 1180 1028 1236 Nicephorus
1068 1187 1240 1221 narrata
1270 1181 1503 1221 confirmat.

292 1253 495 1297 Ibid.13.
555 1253 600 1295 ἐν
625 1254 670 1304 ἓξ
698 1250 826 1310 ἔτεσι]
869 1269 965 1295 cum
995 1255 1160 1309 septimi
1191 1260 1316 1309 parte
1357 1254 1667 1320 spectatissima.

186 1311 238 1352 ad
270 1327 425 1352 annum
456 1311 615 1366 quippe
644 1311 912 1366 supe1iorem
943 1312 1075 1352 relata
1108 1318 1247 1352 cunct
1237 1328 1272 1363 ι,
1303 1312 1426 1351 unius
1456 1311 1551 1351 anni
1586 1311 1670 1351 cir.

185 1369 301 1410 cuitu
343 1369 499 1409 absolvi
539 1383 624 1409 non
653 1370 851 1434 potuisse
894 1383 942 1409 ex
994 1375 1208 1424 gestorum
1264 1367 1579 1409 characteribus
1624 1368 1666 1408 in

188 1425 392 1467 chronico
426 1426 704 1467 Alexandnino
753 1425 899 1480 positis
956 1433 1174 1480 nequeunt
1208 1426 1396 1476 absolvi,
1436 1430 1569 1480 prout
1598 1439 1670 1464 ar-

184 1488 282 1538 gute
314 1483 579 1524 demonstxat
604 1482 798 1525 Petavius
829 1483 871 1522 in
908 1482 1195 1538 Nicephorum
1227 1496 1322 1537 pag.
1356 1481 1550 1523 editionis
1583 1481 1669 1522 Re-

218 1540 280 1581 iae
306 1538 376 1580 70.

187 1555 212 1596 g
294 1612 406 1653 Ibzssd
437 1612 502 1653 90.
561 1609 584 1652 ὃ
615 1610 662 1652 δὲ
694 1609 800 1659 λαός
830 1612 906 1666 τῆς
936 1608 1117 1668 πόλεως]
1148 1612 1411 1668 Nicephorus
1445 1626 1538 1666 pag.
1572 1611 1636 1652 15.

296 1681 482 1738 504,13.
540 1678 711 1739 ἆπὰρας
744 1681 765 1725 ὅ
795 1682 1000 1738 βασιλευς
1029 1681 1119 1737 α’μα
1147 1685 1204 1726 τῶ
1235 1682 1348 1740 ἔαρι]
1376 1685 1616 1725 Heraclium
1643 1700 1667 1725 e

184 1741 358 1783 Perside
401 1757 497 1783 cum
540 1743 719 1783 victoria
763 1743 1008 1784 redeuntem
1049 1743 1381 1798 Hierosolymam
1412 1743 1494 1782 iter
1524 1742 1665 1796 primo

186 1798 381 1840 direxisse
401 1830 413 1850 ‚
453 1806 495 1840 et
524 1804 665 1839 sancta
695 1813 820 1840 cruce
851 1800 890 1839 in
925 1815 1015 1840 eam
1045 1799 1172 1850 illata,
1203 1805 1245 1840 et
1278 1799 1515 1841 Christiano
1545 1813 1666 1839 more

188 1855 362 1896 exaltata
406 1857 495 1912 (qui
533 1855 637 1896 ritus
673 1857 811 1897 crucis
850 1861 909 1896 est
951 1855 1160 1908 exaltatio)
1203 1863 1245 1897 et
1290 1871 1385 1897 mox
1418 1855 1665 1911 Byzantium

185 1911 329 1964 missa,
362 1912 495 1967 ipsum
529 1913 698 1953 tandem
729 1912 771 1952 in
794 1913 953 1967 regiam
992 1914 1140 1953 urbem
1169 1927 1402 1968 regiessum
1432 1920 1586 1959 auctor
1607 1918 1666 1952 est

183 1969 473 2023 Nicephorus,
507 1970 579 2038 qui
621 1969 811 2010 victoriis
841 1975 883 2009 et
924 1969 1076 2010 itinere
1113 1970 1493 2035 Hierosolymitano
1526 1969 1665 2009 relatis

183 2026 337 2078 subdit,
367 2029 458 2078 μετ’
499 2025 551 2066 ου’
581 2022 690 2066 πολὺ
735 2025 781 2066 δὲ
829 2040 898 2066 και
921 2023 1175 2078 “Ηράκλειος
1216 2025 1319 2078 πρὸς
1349 2023 1393 2067 τὸ
1426 2023 1666 2075 Βυζάντιον

183 2080 343 2137 ἑχωρει
372 2079 457 2123 ὑπὸ
488 2082 643 2135 πολλῆς
664 2081 882 2137 εὕφηιιίας
909 2080 984 2121 καί
1010 2081 1133 2137 δόξης
1163 2080 1514 2135 ὑπερβαλλούσης
1545 2078 1662 2134 παρὰ

183 2139 271 2179 ταῖν
309 2139 443 2180 ἐκεῖσε
487 2139 672 2191 δεχθείς.
723 2141 850 2194 paulo
894 2148 986 2194 post
1018 2155 1117 2180 vero
1153 2140 1376 2180 Heraclius
1415 2140 1664 2191 Byzantium

183 2196 342 2236 rediens
370 2211 458 2236 cum
470 2198 619 2249 fausta
657 2197 836 2236 omnium
877 2197 1173 2237 acclamatione
1188 2228 1199 2248 ,
1243 2206 1364 2252 atque
1391 2197 1545 2250 ingenti
1575 2210 1662 2234 ma-

181 2253 423 2306 gnificentia
455 2267 486 2293 a
513 2253 664 2292 civibus
693 2262 872 2309 receptus
901 2262 970 2292 est.
990 2258 1069 2293 etc.
1096 2253 1373 2307 Theophanes
1402 2268 1447 2294 ex
1485 2252 1662 2292 adverso

183 2309 392 2350 victorem
419 2309 659 2351 Heraclium
686 2310 768 2349 CP.
801 2309 999 2358 revisisse,
1030 2315 1122 2350 tum
1152 2310 1286 2350 altero
1319 2325 1426 2349 anno
1460 2309 1661 2349 Hieroso-

185 2366 337 2421 lymam
369 2381 506 2407 versus
545 2380 587 2406 se
616 2365 837 2418 contulisse
866 2373 1038 2421 pugnat.
1098 2367 1139 2405 in
1173 2373 1289 2406 tanta
1318 2381 1460 2407 rerum
1480 2364 1663 2405 Heraclii

183 2423 443 2477 scriptorum
473 2422 705 2463 differentia
734 2438 858 2478 quem
889 2423 1208 2477 interponamus
1241 2423 1320 2463 litis
1354 2423 1546 2472 iudicem,
1577 2436 1661 2461 non

183 2480 382 2534 suppetit.
451 2480 537 2533 ipse
578 2479 837 2533 Nicephorus
894 2480 1008 2519 litem
1057 2481 1242 2534 propriis
1300 2481 1437 2520 verbis
1480 2478 1662 2518 dirimat.

184 2544 379 2577 enarrata
410 2552 534 2593 quam
565 2537 702 2592 ample
729 2536 911 2576 Heraclii
938 2538 1271 2592 Hierosolymam
1305 2537 1585 2591 profectione,
1615 2549 1664 2577 ac

183 2596 334 2644 crucis,
367 2594 397 2634 si
432 2609 529 2635 vere
562 2595 674 2634 toret
704 2608 726 2632 a
755 2593 948 2633 balbaris
979 2594 1186 2643 restituta,
1219 2596 1328 2633 sacto
1360 2594 1559 2657 examine,
1592 2606 1664 2631 ea-

185 2649 278 2688 dem
308 2650 504 2703 prob1t1
535 2651 724 2701 exaltata,
755 2657 797 2690 et
830 2651 909 2690 CP.
943 2650 1086 2700 missa,
1117 2650 1300 2690 Heraclii
1331 2651 1471 2690 leditu
1503 2649 1543 2687 in
1573 2663 1662 2687 earn

184 2706 549 2747 u1ben1110udum
591 2712 850 2757 memorato,
890 2681 1130 2761 subiungit:
1171 2705 1352 2757 δευτέρα
1396 2706 1444 2746 δὲ
1471 2719 1524 2757 ην
1555 2702 1663 2745 ινδι-

183 2759 322 2811 κτιαίν,
356 2761 477 2815 ἡνίκα
505 2762 643 2804 ταῦτα
672 2760 914 2815 ἐπράττετο,
948 2763 1118 2804 indictio
1147 2764 1326 2804 secunda
1354 2761 1661 2809 numerwabatw,

182 2834 268 2858 cwn
299 2829 377 2859 ιεία
399 2818 559 2874 fierent.
619 2827 660 2860 at
692 2819 758 2860 hic
783 2834 911 2860 annus
960 2819 1144 2861 Heraclii
1174 2820 1358 2861 decimus
1388 2833 1521 2859 nonus
1550 2815 1665 2857 indi-
