1768 3268
570 223 641 263 Ex
679 221 1026 264 THEOPHANE.
1427 214 1528 262 189

63 337 331 378 Chersonam.
386 347 521 390 porro
561 335 907 389 comprehensum
938 334 1064 374 turba
1089 333 1353 374 Theodotum
1381 347 1531 374 mona·-

65 395 190 434 chum
217 400 261 436 et
289 392 525 447 generalem
552 391 809 446 logothetam
840 397 968 446 atque
986 389 1244 444 Stephanum
1274 390 1530 430 sacellarium

66 451 258 499 Persam,
298 448 550 502 funibusque
587 454 822 488 retrorsum
852 447 927 487 hos
956 447 1104 501 ligatos
1132 447 1306 486 trahunt
1334 461 1414 501 per
1440 461 1533 487 me-

63 506 174 546 diam
215 506 422 560 plateam,
464 510 507 544 et
545 502 598 544 ad
639 504 792 544 bovem
833 502 1033 544 deductos
1063 502 1370 554 incenderunt,
1401 509 1444 544 et
1473 503 1532 544 ita

63 561 287 603 Leontium
317 561 620 614 imperatorem
650 559 943 600 laudaverunt.

171 620 293 658 Anno
323 616 490 671 imperii
528 615 592 657 sui
630 617 770 670 primo
810 615 1008 656 Leontius
1038 629 1133 654 cum
1165 628 1342 668 regnare
1369 615 1532 669 coepis-

62 680 136 725 set,
166 673 353 729 undique
372 672 541 727 pacifice
569 673 736 723 mansit,
765 672 983 727 tribusque
1012 672 1125 711 annis
1158 671 1379 724 imperium
1410 673 1531 712 rexit.

174 744 294 782 Anno
332 739 498 794 imperii
537 740 703 793 Leontii
731 741 914 780 secundo
953 739 1086 779 movit
1115 739 1342 780 exercitum
1372 740 1535 780 Senali-

66 797 141 838 dus
169 798 211 838 in
240 796 500 846 Rommiam,
530 801 571 836 et
597 796 736 836 multis
766 797 898 837 ductis
942 794 1115 849 captivis
1146 809 1333 836 reversus
1363 803 1439 843 est;
1470 811 1535 836 se-

64 854 308 909 ditioneque
320 852 489 908 Sergius
516 853 738 904 concitata,
766 853 965 908 patricius
981 851 1166 906 Lazicae,
1194 851 1301 891 banc
1329 852 1536 893 Arabibus

65 910 224 951 subdit.

177 968 299 1006 Anno
330 977 434 1004 vero
480 964 645 1018 imperii
678 965 844 1005 Leontii
889 964 1017 1004 tertio
1049 964 1137 1004 acie
1169 964 1322 1004 Arabes
1354 964 1395 1004 in
1427 964 1536 1004 Afri-

62 1036 154 1062 cam
179 1027 294 1062 mota
322 1020 429 1061 hanc
476 1021 764 1070 obtinuerunt,
803 1027 845 1062 et
873 1035 920 1061 ex
950 1022 1132 1075 proprio
1165 1021 1347 1061 exercitu
1378 1027 1536 1060 taxatos

67 1079 108 1117 in
157 1092 205 1118 ea
246 1077 451 1133 quosdam
492 1079 817 1117 constituerunt.
891 1077 1039 1131 quibus
1083 1077 1308 1131 compertis
1340 1077 1535 1117 Leontius

61 1134 403 1174 mittitloannem
431 1133 671 1188 patricium,
702 1134 839 1173 virum
870 1133 1079 1183 idoneum,
1109 1148 1205 1173 cum
1228 1133 1420 1173 omnibus
1446 1134 1664 1177 R0-p.567

67 1190 207 1230 maicis
237 1190 443 1230 classibus.
501 1190 575 1244 qui
606 1204 701 1229 cum
731 1189 1023 1243 Carthaginem
1053 1190 1322 1243 pervenisset,
1350 1194 1392 1230 et
1425 1189 1533 1229 bello

62 1253 251 1286 catenam
280 1252 430 1300 portus
459 1245 546 1285 eius
574 1245 819 1299 aperuisset,
850 1245 1122 1300 inimicosque
1152 1245 1192 1285 in
1221 1246 1360 1300 fugam
1388 1247 1535 1287 vertis-

62 1308 143 1352 set,
174 1301 249 1342 hos
271 1301 453 1342 viriliter
490 1302 697 1341 insecutus
738 1302 929 1342 universa
970 1301 1162 1342 liberavit
1193 1303 1356 1343 Africae
1386 1308 1534 1353 castra,

62 1358 301 1412 relictisque
326 1358 514 1412 propriis
548 1358 886 1398 observatoribus
912 1357 1016 1397 haec
1048 1358 1295 1412 imperatori
1324 1360 1532 1413 suggessit,

62 1413 300 1468 ibidemque
338 1413 536 1454 hiemavit
583 1414 802 1454 iussionem
838 1414 1116 1467 praestolatus
1146 1414 1199 1454 ab
1236 1428 1301 1454 eo.
1359 1422 1402 1455 at
1429 1429 1531 1455 vero

61 1469 401 1525 protosymbolus
428 1469 489 1509 his
516 1470 742 1522 compertis
763 1471 981 1524 copiosum
1010 1476 1051 1510 et
1068 1471 1353 1524 potentiorem
1381 1470 1532 1510 adver-

60 1541 127 1566 sus
156 1541 226 1567 eos
256 1526 412 1566 stolum
441 1525 701 1575 transmittit,
734 1533 775 1567 et
791 1526 1058 1581 praedictum
1087 1528 1280 1567 loannem
1300 1542 1396 1566 cum
1423 1527 1531 1567 stolo

61 1582 187 1637 ipsius
218 1581 329 1623 bello
356 1596 380 1621 a
407 1589 540 1636 portu
569 1581 751 1636 depellit,
780 1588 823 1623 et
849 1583 1026 1623 exterius
1055 1581 1262 1623 hostiliter
1279 1589 1414 1623 castra
1443 1599 1534 1623 me-

62 1645 171 1680 tatus
202 1644 285 1679 est:
314 1637 554 1692 praedictus
596 1652 699 1678 vero
730 1639 906 1679 Ioannes
947 1639 998 1678 ad
1029 1639 1273 1678 Romaniam
1303 1639 1533 1693 repedavit,

61 1695 264 1735 maiorem
293 1696 494 1735 virtutem
537 1695 589 1734 ab
632 1695 891 1750 imperatore
926 1696 1119 1749 accipere
1149 1697 1290 1735 volens
1310 1725 1323 1746 ,
1353 1701 1394 1735 et
1419 1695 1534 1736 venit

62 1765 194 1806 usque
220 1751 274 1791 ad
303 1751 485 1799 Cretam,
516 1751 753 1805 principem
782 1751 985 1794 aditurus.
1055 1752 1258 1792 exercitus
1289 1758 1426 1792 autem
1454 1766 1534 1806 per

61 1807 243 1848 maiores
281 1820 376 1847 suos
420 1806 472 1847 ad
506 1807 804 1861 imperatorem
845 1808 1067 1848 ascendere
1105 1808 1248 1849 nolens
1276 1809 1534 1859 (obtinuerat

64 1864 175 1904 enim
205 1876 275 1904 eos
316 1863 448 1904 timor
487 1870 614 1918 atque
641 1864 856 1916 confusio)
888 1865 940 1905 ad
970 1865 1189 1905 consilium
1217 1879 1302 1905 sese
1331 1865 1532 1920 nequissi-

63 1935 178 1959 mum
202 1919 394 1960 contulit.
449 1926 491 1960 et
519 1919 618 1959 huic
659 1920 980 1972 maledixerunt,
1011 1920 1204 1974 eligentes
1234 1922 1534 1975 imperatorem

66 1975 329 2029 Apsimarum
356 1975 631 2029 drungarium
650 1977 1004 2032 Cibyraeotorum
1021 1977 1132 2030 apud
1160 1978 1385 2018 curiositas
1415 1978 1533 2017 habi-

64 2039 168 2080 tum,
196 2030 309 2070 bunc
337 2031 555 2072 Tiberium
586 2033 858 2073 nominantes.
915 2034 1057 2089 itaque
1086 2035 1263 2074 Leontio
1286 2035 1396 2088 apud
1419 2036 1531 2074 Con-
1548 2031 1670 2075 P·503

64 2087 382 2140 stantinopolim
403 2088 543 2142 posito
571 2095 612 2128 et
629 2090 868 2129 Neoresium
899 2096 1072 2144 portum
1103 2089 1367 2140 emundante,
1397 2091 1535 2130 bubo-

66 2144 127 2183 nis
154 2144 280 2198 pestis
309 2143 406 2184 urbi
435 2145 650 2195 incubuit,
682 2151 724 2185 et
750 2146 792 2185 in
826 2152 1032 2201 quattuor
1061 2147 1269 2186 mensibus
1299 2146 1534 2187 multitudi-

65 2215 161 2240 nem
201 2199 332 2254 plebis
377 2201 642 2255 consumpsit.
712 2202 826 2241 venit
863 2209 1002 2242 autem
1037 2203 1273 2243 Absimarus
1323 2218 1405 2242 una
1441 2218 1536 2242 cum

62 2257 185 2306 stolo,
211 2256 284 2311 qui
311 2269 450 2295 secum
479 2264 583 2310 erat,
610 2263 652 2298 et
684 2258 886 2312 applicuit
908 2274 955 2299 ex
984 2259 1159 2299 adverso
1191 2260 1367 2299 civitatis
1398 2259 1438 2298 in
1454 2260 1536 2314 Sy-

65 2326 146 2352 ceS.
204 2326 285 2366 per
314 2313 571 2366 aliquantum
602 2327 699 2354 sane
727 2315 928 2368 temporis
957 2315 1126 2356 civitate
1155 2316 1339 2369 prodere
1368 2315 1536 2355 nolente

59 2368 297 2418 Leontium,
327 2367 517 2422 proditio
546 2369 652 2409 facta
684 2377 745 2410 est
764 2385 842 2424 per
869 2371 1119 2426 singularem
1141 2387 1307 2411 murum
1334 2370 1533 2411 Blacher-

66 2439 215 2473 narum
244 2440 267 2463 a
297 2423 557 2478 principibus
586 2428 749 2476 exteris,
777 2427 926 2481 quibus
956 2429 1087 2468 claves
1110 2429 1267 2468 terreni
1299 2428 1407 2467 muri
1435 2442 1542 2467 cnm·

66 2480 263 2520 horribili
294 2479 565 2521 iureiurando
596 2481 778 2523 creditae
810 2483 1003 2526 fuerant}
1047 2484 1112 2523 isti
1143 2498 1322 2537 namque
1351 2498 1429 2537 per
1463 2483 1531 2523 in-

0 2564 1 2567 =
63 2535 185 2576 sidias
227 2535 495 2576 tradiderunt
521 2538 684 2578 urbem.
760 2553 896 2593 porro
943 2541 1112 2594 ingressi
1156 2540 1343 2580 classium
1385 2539 1534 2580 milites

66 2592 220 2632 civium
249 2592 408 2642 domos,
442 2592 760 2635 denudaverunt
780 2595 822 2634 in
850 2595 912 2636 his
938 2596 1185 2636 habitantes.
1215 2601 1258 2635 at
1288 2609 1389 2636 vero
1412 2596 1535 2650 Apsi-

65 2663 206 2688 marus
235 2649 458 2688 Leontium
489 2649 658 2704 quidem
689 2666 786 2691 naso
809 2652 942 2693 reciso
974 2653 1015 2691 in
1045 2652 1536 2693 monasteriumDalmati

64 2705 140 2743 sub
168 2705 356 2744 custodia
387 2706 479 2745 fore
502 2707 731 2760 praecepit,
760 2707 971 2762 principes
1004 2715 1141 2748 autem
1177 2714 1217 2746 et
1245 2708 1397 2748 amicos
1431 2710 1533 2757 eius,

65 2765 215 2813 utpote
252 2762 574 2802 commorientes
602 2763 663 2812 ei,
694 2778 832 2803 caesos
862 2771 989 2819 atque
1020 2764 1333 2817 proscriptione
1361 2763 1537 2804 damna..

67 2822 130 2856 tos
163 2816 284 2856 exilio
315 2817 524 2872 relegavit.
580 2818 902 2874 Heracliumque
923 2834 1167 2875 germanum
1195 2821 1374 2862 fratrem
1401 2835 1533 2873 suum,
