1768 3268
516 196 585 237 Ex
625 193 975 238 mEOPnANE.
1431 190 1497 239 93

24 314 269 357 renuntiare
295 312 474 368 imperio
493 343 506 365 ,
536 318 580 354 ct
623 319 668 355 te
698 326 976 368 promovere,
1019 317 1069 352 ut
1091 311 1251 368 nbiqne
1276 311 1498 354 confirmes

25 373 176 428 dogma
217 370 575 412 Manichaeorum.
642 369 730 425 ·qui
763 368 1008 424 repromisit
1044 368 1129 408 hoc
1175 371 1328 421 facere,
1358 370 1391 411 si
1416 370 1498 410 im-

24 435 222 484 perasset.
295 442 390 468 cnm
422 434 561 468 autem
590 425 695 467 haec
723 427 908 467 Cabadoe
948 425 1222 480 cognovisset,
1252 426 1367 467 iussit
1396 441 1498 467 con-

22 491 194 527 ventum
223 485 316 527 fleri
346 485 463 540 quasi
496 485 682 524 facturus
707 483 840 524 filium
866 497 988 523 sunm
1009 482 1289 524 Pthasuarsan
1315 483 1498 538 impera-

21 548 174 592 torem,
206 548 249 584 et
278 555 421 582 omnes
451 541 596 582 iubens
616 539 881 581 Manichaeos
904 555 987 581 una
1013 553 1109 579 cum
1127 539 1326 594 episcopo
1346 554 1496 582 eorum

21 605 65 640 et
93 599 335 641 mulieribus
365 605 409 639 et
437 597 577 638 liberis
606 597 747 638 adesse
763 597 1006 647 conventui,
1039 596 1230 637 similiter
1261 602 1306 637 et
1333 597 1496 651 princi-

20 671 119 711 pem
150 670 370 711 magorum
401 655 613 697 Glonazen
643 660 687 695 et
712 668 868 707 magos,
895 660 940 695 et
967 652 1303 694 Christianorum
1333 654 1496 707 episco-

20 727 124 768 pum
151 714 383 764 Boazancn,
408 711 607 752 dilectum
630 725 653 751 a
671 710 838 752 Cabade
860 716 1012 765 utpote
1041 710 1249 751 medicum
1276 711 1496 765 optimum.

19 776 64 811 et
92 770 335 811 convocatis
366 767 618 809 Manichaeis
648 767 710 808 ait
740 766 931 822 “gaudeo
956 781 1085 822 super
1114 767 1311 823 dogmate
1338 774 1498 819 vestm,

22 831 66 867 et
93 826 192 867 volo
213 826 330 879 dare,
361 824 461 866 dum
488 825 601 875 vivo,
626 825 759 865 filium
781 839 922 866 meum
940 824 1218 865 Pthasnarsan
1249 830 1292 865 et
1320 838 1499 865 consen-

21 888 192 925 taneum
217 888 418 925 vestrum.
459 881 531 923 sed
556 886 769 937 segregate
797 886 960 922 vosmet
988 882 1100 936 ipsos
1129 879 1182 921 ad
1211 881 1498 936 recipiendum

19 942 160 982 eum.''
218 939 292 997 qni
333 938 432 981 freti
475 937 630 980 fiducia
655 946 785 979 semet
825 938 935 994 ipsos
958 945 1301 993 segregaverunt.
1359 939 1498 979 Caba-

19 995 88 1038 des
117 1002 259 1039 autem
284 995 550 1052 praecipiens
598 994 806 1037 exercitus
845 1009 941 1035 suos
972 994 1150 1050 ingredi,
1181 1008 1323 1036 omnes
1353 995 1499 1036 conci..

19 1053 82 1095 dit
111 1053 255 1109 gladiis
281 1067 378 1095 cnm
400 1053 601 1108 episcopo
626 1067 790 1102 eorum,
817 1052 894 1093 sub
917 1057 1148 1108 conspectu
1173 1051 1380 1108 principis
1407 1067 1500 1094 ma-

20 1124 173 1166 gorum
201 1117 244 1153 et
275 1110 614 1152 Christianorum
643 1108 849 1151 antistitis.

131 1181 280 1225 Mundi
309 1197 421 1224 anno
452 1180 579 1235 6019,
609 1181 776 1224 divinae
804 1181 1104 1222 incarnationis
1137 1195 1247 1223 anno
1278 1180 1374 1235 519,
1402 1197 1498 1224 cum
1511 1183 1632 1229 p-265
1662 1182 1703 1218 17

18 1245 159 1281 terrac
186 1246 325 1282 motus
356 1238 469 1296 apud
502 1239 772 1280 Antiochiam
802 1238 942 1279 adhuc
971 1244 1214 1292 teneretur,
1243 1239 1500 1294 Euphrasius

19 1295 449 1353 episcopus'obrutus
466 1301 527 1337 est
555 1311 579 1336 a
597 1302 739 1337 terrae
762 1301 882 1336 motu
911 1302 953 1336 et
981 1302 1174 1337 mortuus
1205 1302 1279 1350 est,
1297 1304 1340 1338 et
1366 1298 1500 1338 omnis

17 1353 164 1395 domus
196 1360 239 1395 et
266 1353 438 1397 ecclesia
467 1352 636 1406 cecidit,
668 1359 712 1394 et
742 1351 988 1408 pulcritudo
1019 1352 1198 1394 civitatis
1227 1354 1500 1396 exterminata

17 1416 108 1452 est:
148 1425 233 1452 non
264 1411 377 1452 enim
417 1411 526 1450 facta
560 1415 621 1451 est
660 1410 752 1450 talis
783 1408 980 1450 divinitus
1008 1410 1116 1450 ultio
1145 1410 1186 1450 in
1218 1410 1297 1451 alia
1326 1411 1500 1453 civitate

16 1481 96 1523 per
124 1481 267 1509 omnes
295 1468 597 1523 generationes.
655 1472 718 1506 ast
736 1466 942 1521 piissimus
966 1466 1202 1522 imperator
1230 1467 1407 1508 Iustinus
1434 1468 1498 1508 his

17 1525 193 1579 cognitu
234 1524 467 1580 plurimum
492 1524 632 1564 animo
662 1523 824 1573 doluit,
866 1522 926 1563 ita
956 1529 1005 1564 nt
1035 1523 1174 1564 ablato
1206 1523 1441 1566 diademate
1470 1540 1494 1566 a

17 1582 154 1636 capite
181 1596 258 1623 suo
288 1588 332 1623 et
356 1594 551 1636 purpura
581 1581 746 1637 lugeret
775 1580 817 1620 in
845 1593 967 1620 sacco
992 1578 1134 1620 sedens
1166 1595 1246 1636 per
1265 1581 1352 1622 dies
1380 1581 1492 1622 mul..

17 1644 95 1689 tos,
124 1638 230 1679 adeo
260 1645 308 1680 nt
337 1637 381 1678 in
411 1637 480 1679 die
506 1638 611 1678 festo
643 1637 877 1693 procedens
918 1635 971 1677 ad
1001 1637 1215 1677 ecclesiam
1243 1652 1328 1678 non
1352 1652 1492 1692 passus

15 1695 69 1735 sit
90 1701 266 1749 portare
309 1708 515 1735 coronam
558 1696 623 1736 vel
654 1694 927 1750 chlamydem.
997 1707 1135 1748 porro
1165 1709 1306 1736 mense
1336 1695 1494 1750 Aprilis

16 1751 198 1792 eiusdem
230 1751 402 1807 quintae
429 1750 668 1792 indictionis
690 1756 883 1807 aegrotus
913 1750 1148 1805 imperator
1178 1752 1356 1793 Iustinus
1391 1753 1493 1793 effe..

16 1814 104 1849 ctus
135 1809 342 1864 provexit,
375 1807 478 1848 dnm
506 1808 643 1850 adhuc
670 1808 845 1862 viveret,
877 1807 920 1847 in
961 1807 1266 1862 imperatorem
1297 1808 1492 1850 iustinia-

15 1880 117 1906 nnm
161 1871 359 1921 nepotem
386 1866 419 1917 ⁴¹)
459 1879 603 1918 suum,
644 1865 718 1920 qui
747 1870 790 1906 et
825 1863 1105 1918 coimperavit
1143 1865 1182 1906 ei
1211 1866 1420 1907 mensibus
1448 1865 1489 1906 4.

13 1936 153 1963 mense
194 1928 334 1964 autem
373 1923 558 1978 Augusto
600 1921 784 1963 eiusdem
829 1921 1003 1977 quintae
1044 1921 1284 1963 indictionis
1314 1922 1489 1964 Iustinus

15 1979 135 2019 obiit.
203 1979 352 2021 eodem
390 1985 529 2020 autem
572 1993 682 2019 anno
726 1978 935 2035 singulare
975 1977 1201 2033 imperium
1238 1978 1488 2021 lastinianus
1502 1985 1623 2030 p-267
1653 1989 1673 2023 7

13 2034 211 2076 obtinuit.
270 2050 343 2077 rex
370 2041 510 2077 autem
527 2035 800 2086 Helurorum,
829 2037 1002 2076 Graetes
1033 2036 1215 2088 nomine,
1248 2037 1302 2077 ad
1333 2036 1488 2077 Roma·
1500 2056 1537 2091 p.
1552 2047 1624 2082 268
1651 2047 1675 2082 6

13 2106 88 2133 nos
118 2092 339 2144 confluxit,
366 2099 409 2134 et
437 2092 555 2134 venit
571 2092 981 2147 Constantinopolim
1010 2106 1107 2132 cum
1134 2093 1297 2148 populo
1325 2107 1416 2145 su0‚
1446 2100 1490 2134 et

12 2149 136 2203 petiit
167 2149 469 2204 imperatorem
510 2163 595 2205 quo
641 2150 762 2190 fieret
795 2148 1078 2198 Christianus3
1118 2149 1191 2205 qui
1229 2150 1487 2205 baptizatum

11 2205 54 2244 in
87 2205 370 2260 Theophaniis
397 2206 578 2261 suscepit
605 2220 701 2247 enm
730 2219 778 2247 ex
805 2205 1057 2260 baptismate
1073 2236 1084 2257 ‚
1115 2208 1486 2262 repromittentem

12 2262 203 2302 auxiliari
234 2263 272 2304 ei
301 2262 343 2302 in
373 2263 694 2320 quibuscunque
720 2261 927 2304 voluisset.
986 2262 1135 2304 eodem
1164 2278 1275 2304 anno
1303 2263 1487 2304 adhaesit
1498 2281 1534 2317 p.
1548 2273 1619 2313 269
1640 2276 1664 2311 3

11 2318 210 2359 Romanis
252 2318 405 2360 mulier
443 2319 649 2373 quaedam
693 2334 741 2361 ex
779 2319 962 2372 Hunnis,
993 2319 1066 2376 qni
1108 2319 1311 2361 dicuntur
1338 2321 1485 2371 saber,

10 2373 220 2428 barbara,
250 2375 422 2416 nomine
446 2376 630 2428 Boazer,
667 2375 821 2428 vidua,
862 2375 1017 2418 habens
1054 2390 1193 2419 secum
1229 2377 1485 2417 Hunnorum

12 2432 127 2472 milia
155 2438 335 2475 centum.
392 2438 483 2472 tum
521 2439 564 2474 et
598 2446 670 2474 rex
697 2433 952 2474 Hunnorum
993 2433 1065 2489 qni
1111 2440 1208 2475 sunt
1237 2435 1348 2474 iuxta
1378 2434 1482 2474 Bos-

11 2487 221 2550 phorum,
259 2489 430 2532 nomine
458 2489 617 2543 Gorda‚
646 2490 815 2533 accessit
846 2489 902 2532 ad
929 2490 1246 2547 imperatorem,
1278 2497 1321 2532 et
1346 2490 1481 2532 factus

58 2634 92 2682 ι)
105 2636 302 2717 ἔξροῑεμι]
326 2634 501 2719 οἰειιζεψιόν,
513 2641 567 2719 lp}
582 2642 669 2672 tunc
691 2636 947 2719 loquegantur,
970 2637 995 2671 i.
1018 2648 1063 2718 ⁰⁸1
1078 2636 1208 2718 spi-orci?
1238 2646 1326 2692 sua-e
1352 2635 1480 2670 filium.

105 2691 611 2779 qussff‘ffssgusss‘3¹¹}0c3ffi.
637 2689 674 2767 ἐι
692 2688 735 2770 ¹3⁸
743 2712 814 2770 '182
829 2692 1130 2780 οἷέἰίῗέἒηαὲηῗ
1155 2694 1479 2767 (ιέῗζῖἓῇεὲῗεξίξ

107 2786 294 2824 nepotum.
344 2781 509 2827 loquitur
531 2780 578 2815 de
593 2780 799 2823 Chlotario,
824 2782 886 2828 qui
913 2782 1009 2815 filios
1033 2779 1152 2815 fratris
1177 2779 1370 2816 occiderat.
1395 2781 1479 2815 vide

104 2825 270 2864 vossium
298 2827 345 2864 de
366 2829 466 2865 vitiis
493 2830 669 2864 sermonis
695 2833 712 2867 1
742 2833 799 2868 27.
828 2829 933 2865 Fun.
