1768 3268
528 226 598 267 Ex
638 225 987 268 THEOPRANE.
1413 223 1500 269 131

34 341 268 394 imperator
296 354 373 381 nec
404 341 463 381 sic
489 340 591 382 dare
618 342 851 392 consensit,
877 340 950 382 sed
978 354 1055 382 nec
1082 340 1125 380 in
1152 347 1358 396 quattuor
1388 345 1504 384 acci-

32 411 135 451 pere
161 397 332 453 siliquis.
389 404 491 439 tunc
518 398 722 451 chaganus
760 398 910 438 lurore
951 403 1188 437 commotus
1217 413 1358 441 omnes
1386 401 1504 440 occi..

34 453 113 504 dit,
143 461 186 495 et
213 454 266 494 ad
291 455 471 509 propria
505 455 632 494 rediit
672 468 769 494 cum
796 454 1102 509 quinquaginta
1130 454 1243 494 milia
1273 471 1503 497 aureorum

31 510 163 563 pactis
192 511 387 551 Romanis
417 511 687 565 imposuisset.
753 511 855 566 quin
897 517 941 551 et
982 512 1135 550 Istrum
1161 510 1315 551 flumen
1346 529 1430 553 non
1460 528 1504 553 se

24 567 312 607 'transiturum
355 568 563 622 professus
609 572 684 607 est.
755 581 804 607 ex
848 566 932 607 hoc
971 567 1113 622 itaque
1143 567 1322 607 multum
1353 577 1503 610 contra

32 622 334 677 imperatorem
363 623 611 664 Mauricium
641 629 901 664 commotum
930 629 990 664 est
1009 623 1166 673 odium,
1195 630 1239 664 et
1269 632 1504 679 coeperunt

32 678 146 719 hunc
174 680 380 722 subiicere
410 679 651 720 maledictis.
708 680 900 720 similiter
940 686 983 720 et
1010 679 1190 734 populus
1224 680 1339 735 apud
1368 682 1503 721 Thra-

32 749 124 776 cem
154 735 207 776 ad
234 737 424 778 convicia
443 736 710 790 imperatoris
737 741 970 777 commotus
1002 741 1074 777 est.
1132 738 1335 777 exercitus
1361 745 1502 778 autem

31 800 335 846 procuratores
365 796 399 844 *)
441 792 493 833 ad
522 793 823 847 imperatorem
864 798 1015 834 contra
1044 793 1358 834 Comentiolum
1386 795 1503 835 dire.-

31 850 119 899 xit,
161 849 278 905 qnod
317 849 605 905 proditionem
650 850 691 889 in
734 849 895 904 praelio
925 850 1102 902 fecerit,
1133 850 1246 891 inter
1275 865 1382 906 quos
1412 857 1506 891 erat

32 906 161 946 etiam
186 906 369 957 Phocas,
412 906 486 962 qui
526 906 828 961 imperatorem
873 906 1078 947 allocutus
1121 907 1305 948 severius
1333 906 1433 947 huic
1463 909 1506 947 in

33 961 215 1002 concilio
242 962 574 1014 contradicebat,
603 963 663 1003 ita
694 968 740 1003 ut
765 963 938 1018 quidam
965 977 1012 1004 ex
1026 963 1214 1017 patriciis
1246 964 1357 1004 hunc
1386 966 1506 1019 alapa

31 1025 275 1072 percuteret
306 1025 350 1060 et
375 1020 552 1060 barbam
581 1019 706 1073 ipsius
734 1020 948 1060 evelleret.
977 1034 1124 1060 verum
1154 1020 1391 1075 imperator
1421 1035 1504 1060 non

30 1077 211 1130 suscepit
240 1077 434 1118 adversus
463 1076 776 1117 Comentiolum
802 1076 951 1131 populi
979 1077 1301 1131 querimoniam,
1329 1077 1401 1117 sed
1432 1077 1506 1118 hos

30 1131 255 1174 inefficaces
281 1133 488 1181 deseruit3
517 1139 700 1188 propter
721 1134 835 1188 quod
853 1139 895 1174 et
923 1133 1171 1173 insidiarum
1199 1134 1241 1173 in
1269 1134 1506 1189 principem

29 1187 248 1229 exordium
293 1189 486 1232 sumitur.
557 1195 780 1243 praeterea
818 1204 900 1243 per
937 1189 1049 1230 idem
1085 1196 1250 1244 tempus
1281 1189 1395 1245 apud
1421 1193 1552 1246 Ae-p.
1566 1198 1636 1237 433

29 1251 206 1299 gyptum
232 1245 275 1285 in
305 1247 398 1286 Nilo
430 1245 626 1295 flumine,
666 1247 788 1285 Mena
827 1246 1043 1300 praefecto
1089 1260 1172 1286 una
1207 1260 1305 1286 cum
1341 1247 1503 1302 populo

30 1300 324 1342 deambulante
352 1303 393 1343 in
425 1302 520 1342 loco
545 1302 616 1357 qui
633 1302 754 1342 Delta
775 1309 1058 1356 nuncupatur,
1085 1302 1171 1343 sole
1192 1309 1289 1343 orto
1310 1304 1503 1346 animalia

26 1356 236 1398 humanae
264 1359 425 1399 formae
458 1365 749 1413 apparuerunt
780 1359 822 1398 in
853 1359 1041 1411 flumine,
1069 1359 1137 1398 vir
1165 1359 1322 1400 scilicet
1351 1366 1395 1400 et
1411 1376 1503 1401 mu-

26 1413 118 1454 lier.
176 1420 220 1454 et
234 1415 303 1454 vir
331 1414 501 1470 quidem
531 1420 623 1455 erat
646 1422 895 1468 pectorosus
927 1415 1131 1470 vultuque
1160 1416 1376 1466 terribilis,
1409 1418 1504 1458 rufa

27 1484 149 1510 coma
182 1471 379 1526 canisque
405 1470 634 1526 permixtis,
661 1477 704 1511 et
723 1485 853 1527 usque
883 1471 934 1510 ad
967 1472 1129 1512 lumbos
1159 1471 1400 1513 denudabat
1426 1488 1504 1513 na..

27 1532 182 1579 turam,
211 1533 254 1568 et
282 1528 441 1568 cunctis
470 1528 840 1568 demonstrabatur
869 1527 1026 1578 nudu5‚
1053 1529 1217 1583 reliqua
1237 1535 1377 1569 autem
1405 1544 1503 1570 cor-

26 1584 143 1637 poris
171 1585 359 1624 membra
401 1584 679 1639 cooperiebat
714 1599 835 1639 aqua.
904 1584 1017 1624 hunc
1054 1586 1293 1638 praefectus
1333 1585 1504 1626 adiura-

24 1641 173 1681 mentis
202 1641 450 1682 constrinxit
482 1656 534 1682 ne
565 1640 801 1682 destrueret
841 1646 1054 1694 aspectum
1081 1641 1331 1696 priusquam
1359 1657 1503 1683 omnes

24 1698 155 1738 saturi
198 1698 350 1738 fierent
379 1698 463 1738 hoc
512 1697 734 1752 inopinato
773 1697 1027 1751 spectaculo·
1094 1711 1233 1752 porro
1278 1699 1432 1740 mulier
1460 1705 1503 1740 et

22 1753 268 1794 mammillas
299 1753 480 1796 habebat
510 1762 554 1795 et
590 1755 814 1794 femineum
852 1755 1014 1794 vultum
1054 1755 1338 1810 caesariesque
1363 1756 1502 1810 proli..

24 1824 106 1850 xas.
165 1816 208 1850 et
236 1810 288 1850 ad
316 1810 465 1851 horam
506 1825 660 1850 nonam
690 1811 824 1851 omnis
863 1811 1045 1864 populus
1073 1811 1322 1863 mirabatur,
1356 1812 1501 1852 videns

23 1865 128 1907 haec
156 1867 394 1919 animantia,
424 1882 615 1923 quaeque
642 1866 751 1907 hora
781 1880 893 1906 nona
924 1867 966 1906 in
993 1866 1146 1908 flumen
1169 1867 1357 1909 demersa
1389 1874 1498 1909 sunt.

22 1937 122 1964 sane
149 1925 289 1964 Menas
321 1924 568 1979 imperatori
598 1923 701 1963 haec
730 1923 937 1964 Mauricio
966 1923 1126 1964 scribit.

134 1980 283 2021 Mundi
313 1994 422 2020 anno
453 1978 577 2030 6093,
609 1979 773 2020 divinae
809 1980 1108 2020 incarnationis
1145 1995 1255 2020 anno
1283 1980 1382 2032 593,
1417 1982 1498 2021 im-

19 2035 127 2089 perii
169 2049 271 2077 vcro
300 2037 495 2077 Mauricii
523 2037 574 2077 19
614 2051 724 2076 anno
767 2036 953 2076 Hisacins
988 2037 1288 2093 Hierosolymis
1316 2037 1499 2078 habetur

20 2092 206 2132 antistes.
266 2093 334 2134 die
375 2100 515 2134 antem
553 2093 731 2148 paschae
772 2092 932 2147 Sophia
962 2097 1167 2147 Augusta,
1198 2109 1306 2134 uxor
1338 2094 1496 2144 lustini,

19 2162 103 2188 una
131 2163 226 2189 cum
261 2151 531 2190 Constantina
558 2149 754 2190 Mauricii
783 2150 961 2205 coniuge
1000 2156 1173 2190 stemma
1205 2156 1496 2191 constructum

19 2206 255 2245 attulerunt
287 2206 546 2260 imperatori.
605 2207 678 2261 qui
705 2206 788 2245 hoc
819 2207 1107 2261 contemplato
1142 2221 1319 2262 pergens
1350 2208 1393 2247 in
1425 2222 1493 2247 ec·
1506 2213 1633 2261 p.434

18 2261 182 2302 cloeiam
216 2262 259 2303 id
289 2262 446 2303 obtulit
476 2263 570 2314 deo,
599 2277 727 2317 supra
755 2268 939 2302 sanctam
967 2278 1151 2304 mensam
1166 2264 1419 2318 suspendens
1449 2264 1492 2304 in

16 2318 251 2372 triplicibus
281 2319 479 2359 catenulis
514 2319 719 2374 lapidibus
752 2325 794 2360 et
825 2334 930 2360 auro
963 2321 1176 2360 contextis.
1208 2326 1251 2359 at
1278 2334 1380 2361 vero
1404 2322 1493 2360 Au..

16 2380 159 2429 gastae
195 2374 279 2416 hoc
306 2382 529 2430 comperto
574 2377 766 2416 tristatae
796 2382 894 2416 sunt
928 2375 1074 2427 valde,
1104 2382 1147 2416 et
1175 2377 1216 2416 in
1244 2377 1382 2431 iurgio
1418 2375 1492 2415 ad-

14 2444 158 2471 versus
186 2432 488 2487 imperatorem
516 2432 789 2472 Constantina
829 2433 981 2473 festum
1021 2432 1131 2472 diem
1162 2433 1261 2473 fecit
1293 2435 1490 2486 Augusta.

12 2501 110 2527 cum
139 2496 277 2529 autem
310 2504 395 2529 non
426 2488 665 2530 attenderet
690 2489 925 2543 imperator
953 2490 1142 2544 querelas
1174 2489 1417 2528 militiarum
1445 2489 1487 2528 in

11 2544 177 2585 Thrace
204 2545 451 2599 positarum,
482 2545 635 2585 iterum
654 2546 939 2586 Comentiolus
969 2546 1184 2599 assumptis
1210 2545 1380 2585 armatis
1413 2560 1488 2586 ve-

14 2600 78 2641 nit
107 2601 161 2641 ad
193 2603 360 2653 istrum,
391 2609 433 2642 et
463 2602 610 2642 unitur
640 2603 785 2643 Prisco
816 2601 931 2656 apud
958 2602 1252 2657 Singidonem,
1284 2607 1326 2641 et
1355 2601 1486 2641 solvi..

12 2662 86 2698 tur
112 2672 193 2712 pax
221 2673 330 2714 quae
360 2658 412 2698 ad
424 2660 578 2699 Avares
609 2665 712 2699 erat.
741 2673 825 2714 qua
845 2658 1046 2699 dissoluta
1076 2658 1252 2698 veniunt
1282 2657 1324 2697 in
1353 2658 1485 2697 Bimi-

56 2759 89 2805 ')
116 2761 381 2808 procuratores}
419 2760 711 2807 ἐντολααρίους.
767 2759 862 2794 hanc
892 2771 1016 2794 vocem
1055 2758 1242 2792 observavi
1266 2758 1305 2792 in
1329 2759 1484 2804 epistola

102 2806 259 2851 quadam
286 2820 378 2855 quae
407 2814 525 2842 exstat
549 2809 586 2841 in
611 2809 768 2842 concilio
788 2809 981 2854 EphesinO.
1008 2806 1095 2839 hine
1118 2804 1286 2841 ἐνιολωεά
1313 2805 1481 2840 mandam

103 2865 166 2888 seu
193 2861 384 2902 praecepta
410 2867 506 2903 quae
531 2856 714 2903 principes
740 2855 831 2890 dant
857 2855 989 2900 legatis
1016 2854 1102 2888 suis.
1153 2854 1258 2887 Fun.
