1728 3184
472 180 658 223 NOTAE
684 181 1065 229 POSTERIORES.
1401 180 1495 229 587

38 297 335 338 humanitatem
364 297 591 353 significet,
634 300 748 356 quod
783 302 859 341 sibi
899 304 1127 356 plusculum
1155 303 1369 360 indulgens
1394 307 1497 347 red..

43 355 152 396 didit
179 355 402 408 interpres.
432 371 516 395 non
546 357 698 397 mirum
727 364 865 398 autem
895 359 1162 401 Alexandriae
1188 363 1344 402 factum
1370 376 1497 402 oeco-

44 425 229 462 nomum,
258 409 444 465 illudque
459 413 670 466 aliquanto
697 419 886 466 tempore
913 416 1073 470 gessisse
1094 431 1253 468 munus,
1279 419 1351 473 qui
1379 424 1497 472 post-

42 467 214 507 modum
246 465 398 507 electus
428 475 488 508 est
517 483 613 508 eum
638 469 823 510 Palladio
856 472 1070 524 episcopus
1082 473 1370 524 Antiochenus,
1403 474 1499 529 qui-

45 537 129 578 que
157 523 236 564 CP.
263 522 306 562 in
334 523 484 564 maiori
516 525 684 564 ecclesia
728 534 953 566 conventus
981 527 1141 580 agebat,
1170 529 1297 583 iisque
1327 529 1498 584 Euphe-

41 579 127 619 mio
146 578 340 619 molestus
359 587 473 627 erat;
506 587 552 620 ut
570 581 726 635 ubique
753 583 865 622 velut
883 582 1079 622 clericum
1098 585 1340 636 praeferret,
1370 586 1498 625 homo

39 635 191 688 celebs,
219 641 392 690 tumque
421 635 619 677 duntaxat
660 638 820 677 iunctus
865 639 1029 693 nuptiiS‚
1069 653 1161 678 cum
1191 655 1270 679 una
1298 656 1391 680 cum
1421 643 1500 681 im-

37 691 160 747 perio
192 689 419 732 Ariadnam
448 707 621 733 uxorem
653 693 780 733 duxit.

159 757 255 810 213,
289 758 327 799 2.
384 758 460 799 καί
496 759 603 812 τοίγε
639 758 971 810 ὑποτοπάζοντος
1010 760 1085 815 τὴν
1110 758 1315 812 ἐπίθεσιν]
1346 767 1505 805 tametsi

39 816 294 856 invasionem
321 816 549 869 tyrannidis
584 817 890 871 suspicabatur;
931 832 1038 872 quae
1083 818 1258 871 suspicio
1300 821 1500 873 impedire

43 871 249 912 debuerat
280 886 332 912 ne
357 873 623 926 permitteret
650 873 773 913 exire.
834 873 935 912 nihil
963 881 1109 928 aptum
1134 876 1216 926 vel,
1244 876 1312 915 vel
1335 885 1447 915 certe.

154 936 250 988 219,
282 937 346 980 13.
403 940 606 979 παθοῦσα
635 937 829 979 διάκονον
858 935 969 991 ἔχων
1000 935 1244 992 ὀρθόδοξον]
1275 942 1500 981 ministrum

39 993 187 1034 hahens
239 995 462 1035 catholicae
503 997 789 1036 communionis
826 996 948 1035 valde
989 999 1169 1040 charum.
1235 997 1380 1038 suadet
1414 1003 1502 1037 tota

40 1050 164 1091 series
204 1055 251 1089 ut
281 1051 535 1106 intelligatur
580 1052 768 1091 minister
814 1054 1010 1105 profanus
1053 1054 1093 1092 in
1128 1053 1245 1103 aula,
1272 1067 1344 1092 seu
1374 1054 1499 1093 domo

40 1105 295 1147 Theuderici
324 1122 509 1159 merens,
539 1108 611 1162 qui
650 1109 709 1147 sic
753 1106 965 1147 dominum
995 1108 1072 1148 fide
1096 1109 1265 1162 prodita
1297 1110 1503 1150 studuerit

41 1162 278 1210 demereri;
304 1177 389 1203 non
421 1170 468 1203 ut
495 1164 689 1204 eeclesiae
706 1164 915 1214 diaconus,
950 1179 998 1204 ac
1026 1180 1141 1205 sacer
1157 1165 1357 1217 minister,
1388 1166 1502 1220 quod

40 1220 220 1259 alterum
248 1220 415 1260 vocavit
443 1220 720 1275 Theophanes
753 1227 847 1261 ante
880 1235 1029 1273 paucas
1060 1221 1200 1272 lineas,
1231 1222 1343 1262 forte
1375 1229 1419 1260 ut
1450 1222 1500 1261 ab

41 1275 124 1315 hoc
155 1275 458 1330 distingueret:
504 1292 628 1331 quem
667 1282 708 1316 et
738 1276 794 1316 illi
838 1277 1070 1316 ministrum
1102 1277 1153 1317 ad
1179 1278 1321 1332 turpia
1348 1277 1503 1318 indicat

44 1331 320 1386 NicephoruS.
377 1333 461 1373 eius
491 1334 614 1387 plura
643 1333 791 1373 Petrus
821 1332 1018 1388 magister
1047 1333 1089 1374 in
1119 1332 1239 1388 legat.

150 1397 246 1450 220,
275 1395 319 1439 4.
376 1395 706 1453 βλασφημήσας.

150 1465 261 1509 Ibid.
293 1464 332 1507 7.
389 1467 603 1521 καθεῖλεν]
646 1466 852 1523 deposuit3
891 1466 1051 1507 abstulit
1079 1466 1311 1522 imaginem,
1341 1481 1387 1507 ex
1417 1480 1502 1521 quo

43 1521 113 1563 die
142 1529 279 1563 secuta
309 1521 430 1573 ultio,
465 1537 549 1563 non
582 1538 670 1563 cum
699 1523 822 1563 vellet
848 1522 1063 1578 deponere.

44 1661 65 1687 z
106 1646 130 1685 λ
151 1588 259 1684 2Ξ111,ο
262 1587 340 1684 (519.
397 1595 493 1645 post
533 1586 677 1637 τόποις
708 1604 754 1631 ex
776 1590 900 1646 Peyr.
927 1587 1000 1630 καί
1028 1587 1224 1643 ὀξύτερον
1248 1586 1364 1643 εἴπερ
1395 1588 1428 1630 ε’.
1458 1604 1502 1641 μ.

154 1711 251 1760 221,
282 1659 322 1752 g.
377 1709 602 1753 ἐπίσκοπον
630 1711 904 1766 προσέταξεν]
942 1716 1078 1756 Anast.
1111 1713 1340 1768 episcopum
1367 1713 1505 1753 locare

34 1769 270 1824 praecipit.-
312 1767 502 1823 adeoque
532 1769 635 1809 desit
662 1783 744 1809 vox
771 1770 924 1825 aliqua,
963 1784 1089 1825 quam
1121 1769 1189 1810 ille
1211 1769 1371 1824 legerit,
1400 1773 1502 1823 puta

41 1823 314 1878 ἐνθρονίζειν,
348 1825 656 1865 καθίστασθαι.

149 1892 244 1943 222,
276 1891 340 1937 16.
371 1891 524 1948 α’πῄτει
547 1890 839 1933 'Aram-‹imov-

151 1958 249 2011 223,
283 1959 347 1999 15.
405 1958 645 2013 προδίδωσί
669 1974 731 2007 τις
757 1963 845 2008 τοῖς
877 1960 1087 2012 Πέρσαις]
1117 1960 1240 2000 Barb.
1268 1959 1390 2013 Peyr.
1419 1965 1499 1999 etc.

31 2014 174 2072 prodit
201 2017 418 2072 quispiam,
448 2023 495 2055 ut
518 2030 601 2056 non
621 2016 790 2072 Alypius
814 2017 1083 2071 intelligatur,
1113 2016 1165 2056 de
1194 2030 1279 2071 quo
1305 2016 1363 2055 sic
1389 2015 1499 2054 bona

37 2071 302 2125 praelocutus
331 2078 414 2123 est,
441 2071 511 2112 sed
538 2073 638 2113 alius
663 2074 753 2128 quis
772 2073 971 2121 incertus;
1006 2087 1100 2112 cum
1118 2078 1254 2112 tamen
1284 2072 1392 2112 edita
1421 2071 1499 2110 levi

34 2128 104 2167 illa
145 2129 365 2168 omissione
402 2142 490 2178 τις,
531 2128 667 2181 ipsum
709 2129 903 2184 Alypium
957 2129 1224 2183 proditorem
1262 2129 1497 2168 subnotent.

35 2184 218 2239 appellat
247 2184 289 2224 in
318 2185 506 2239 sequenti
534 2185 809 2238 Theophanes
837 2184 1036 2239 χρηστόν,
1057 2187 1188 2225 virum
1214 2185 1396 2240 probum,
1425 2183 1496 2238 qui

34 2246 78 2282 et
110 2241 318 2296 legatione
350 2242 521 2295 fungens
561 2242 603 2280 in
632 2242 801 2282 Perside
830 2243 940 2283 diem
969 2241 1136 2281 obierit.

148 2305 242 2359 224,
274 2305 336 2348 14.
392 2301 445 2347 οὗ
475 2303 663 2362 πρόσθεν
693 2305 1061 2362 ἐμνημονεύσαμεν
1090 2305 1161 2347 ἐπὶ
1186 2304 1404 2361 δυναστείᾳ
1421 2317 1496 2354 με-

34 2360 161 2419 γάλῃ]
195 2365 319 2405 Barb.
350 2365 474 2419 Peyr.
506 2371 584 2405 etc.
614 2367 723 2404 cuius
753 2366 936 2420 Asparis
968 2365 1215 2405 meminimus
1241 2375 1362 2416 supra
1382 2389 1394 2409 ‚
1422 2362 1497 2399 Izo-

39 2421 160 2460 minis
190 2423 234 2462 in
264 2435 411 2474 magna
426 2430 626 2477 potestate
653 2422 877 2461 constituti.-
907 2427 1020 2460 tanta
1039 2419 1205 2466 scilicet,
1235 2423 1281 2456 ut
1309 2422 1349 2456 et
1364 2416 1495 2456 Leoni

31 2475 200 2530 imperii
228 2478 355 2518 fasces
385 2479 637 2518 auctoritate
665 2477 878 2528 detulerit,
903 2477 977 2517 etsi
995 2478 1045 2516 ab
1075 2490 1124 2516 eo
1145 2479 1288 2527 postea
1317 2487 1496 2526 oppres·-

32 2546 98 2572 sus
123 2534 191 2578 sit.
248 2534 348 2574 nihil
385 2534 451 2573 hic
488 2534 808 2588 perturbatum,
853 2533 974 2590 quale
1010 2530 1244 2572 Buccardus
1288 2529 1494 2583 queritur,

35 2589 111 2629 nisi
142 2596 346 2645 quantum
387 2591 494 2632 mala
537 2591 822 2646 interpunctio
877 2590 1001 2640 feeit,
1035 2603 1082 2628 ac
1129 2587 1371 2640 importuna
1418 2599 1493 2639 pa-

41 2645 256 2688 renthesis.

155 2713 251 2765 225,
283 2712 322 2753 3.
379 2709 640 2764 Σαμοσάτοις
667 2711 808 2768 πόλει]
839 2712 961 2752 Barb.
991 2712 1114 2765 Peyr.
1145 2716 1224 2748 etc.

148 2781 256 2823 lbtd.
287 2781 326 2825 5.
384 2781 458 2824 καί
490 2777 728 2823 ’Λσουάδου
769 2780 847 2822 τοῦ
878 2774 1120 2835 φυλάρχου]
1151 2776 1246 2817 vat.
1278 2773 1296 2816 l
1331 2773 1490 2829 placet-
