1728 3184
220 170 322 222 464
735 179 792 221 IN
833 179 1210 222 THEOPHANEM

221 292 450 349 Nicephori
491 291 639 335 chron.
662 294 834 336 Ioannes
863 293 995 346 μέσον
1022 290 1286 347 Ευτυχιμου
1273 309 1316 335 m
1348 295 1579 339 canonibus
1606 310 1705 354 syn-

224 352 356 392 odicis
388 350 688 406 Seguierianae
715 350 998 392 bibliothecae
1026 351 1241 392 scribitur.

335 418 431 470 383,
446 383 536 463 ῧ14.
605 419 829 473 γενομένης
877 418 951 473 τῆς
991 417 1148 473 ευχῆς]
1188 418 1304 459 cuius
1335 418 1549 461 faciendae
1576 420 1706 460 ritum

222 476 495 531 expressimus
539 474 583 516 in
626 475 925 530 euchologicis.
991 475 1187 516 Tiberius
1230 476 1308 516 iste
1347 477 1507 531 primus
1548 482 1632 529 est,
1662 477 1706 516 in

222 534 339 574 cuius
378 531 707 587 inauguratione
745 547 894 587 preces
933 531 1138 574 adhibitas
1179 532 1366 588 legimus,
1447 532 1611 589 reliqua
1659 547 1707 574 ex

220 589 407 646 Euagrio
440 589 512 631 lib.
541 588 566 629 5
598 603 690 643 cap.
726 592 789 634 13.

334 660 431 713 384,
460 661 504 704 ὃ.
562 677 665 726 μηνι
686 660 942 719 Ὀκτωβρίῳ,
967 660 1196 704 ινδικτιῶνι
1226 659 1308 715 ιβ’]
1342 662 1573 703 chronicon
1593 663 1707 707 Alex.

224 720 519 776 adstipulatur.

334 788 444 831 Ibid.
468 787 510 832 7.
568 801 626 834 ως
650 788 943 841 προλὲλεκται]
975 785 1081 828 adeo
1110 791 1159 827 ut
1187 788 1267 829 alia
1299 787 1496 830 ecclesiae
1527 787 1709 844 inaugu-

223 845 335 886 ratio
371 844 560 886 adhibita
583 858 668 883 non
699 844 840 884 fuerit.

331 912 440 956 Ibid.
476 914 540 956 10.
598 909 831 963 μανὸάτον]
862 911 962 966 imp.
992 924 1240 965 responsum
1269 918 1394 952 vocat
1424 912 1682 954 mandaemn.

333 980 540 1023 Ibid.11.
597 977 868 1031 Δαγισθέως]
914 978 1019 1034 orig.
1064 978 1148 1019 CP.
1194 973 1215 1017 ὅ
1264 975 1523 1045 καλούμενος
1551 981 1711 1034 Διηγη-

223 1036 377 1088 σθέως,
409 1029 610 1090 α’θροισις
650 1036 784 1075 ἐκεῖσε
833 1036 995 1106 ἐγένετο
1021 1031 1067 1074 τὸ
1094 1030 1280 1075 παλαιὸν
1309 1034 1393 1075 τῶν
1422 1031 1500 1076 δύο
1534 1036 1712 1104 ὁημοτι-

221 1093 310 1135 κῶν
342 1092 511 1144 μερῶν·
570 1106 637 1132 και
670 1091 876 1144 τρίκλινος
915 1086 982 1158 ἦν
1002 1092 1138 1133 ἐκεῖσε
1176 1091 1477 1157 παμμεγέθης·
1538 1108 1609 1133 και
1640 1088 1713 1134 ότε

222 1147 262 1191 οἱ
293 1147 510 1202 δὴμαοχοι
548 1141 700 1202 ἤθελον
728 1148 903 1214 ποιῆσαι
938 1144 1011 1189 τὸν
1041 1147 1257 1201 σύλλογον,
1287 1144 1422 1189 ἐκεῖσε
1450 1147 1712 1202 η”.θροιζοντο

221 1208 337 1248 locus
370 1206 627 1259 Diegesclceos
655 1214 749 1246 erat
772 1205 808 1245 is
839 1206 903 1246 ad
926 1220 1044 1262 quem
1083 1205 1184 1246 olim
1213 1204 1318 1244 duae
1341 1207 1713 1261 populifacciones

221 1265 278 1316 (in
314 1263 430 1304 circo
462 1262 748 1316 aurigaturae)
795 1263 1115 1303 οοηυεηὶεεὸαηι
1157 1262 1216 1301 lbi
1240 1276 1365 1317 porro
1396 1263 1615 1304 triclinium
1645 1264 1712 1304 in-

217 1335 315 1375 gens
347 1320 494 1360 extitit.
549 1318 703 1359 tribuni
747 1333 848 1360 vero
875 1318 1111 1374 factionum
1139 1333 1303 1358 suorum
1348 1332 1506 1361 censum
1538 1321 1711 1372 facturi,

220 1392 310 1418 eum
340 1377 382 1417 in
409 1377 542 1417 locum
571 1391 612 1415 se
649 1376 914 1430 recipiebant.
994 1375 1247 1416 fictionibus
1277 1374 1420 1429 itaque
1454 1377 1712 1417 Anastasiam

219 1434 384 1475 Tiberii
416 1433 650 1487 coniugem,
691 1432 757 1473 vel
785 1433 1014 1486 Sophiam,
1048 1447 1154 1488 quae
1184 1432 1329 1472 Iustini
1359 1432 1452 1484 fuit,
1486 1436 1559 1474 Au
1552 1441 1714 1483 ‚gustam

221 1490 464 1532 renunciari
503 1489 775 1544 petentibus,
806 1490 893 1543 ipse
923 1489 1109 1544 Sophiae
1151 1488 1331 1544 querelis
1364 1489 1532 1531 obviam
1565 1492 1712 1542 iturus,

222 1556 266 1589 et
294 1547 445 1602 populi
478 1561 712 1587 assensurus
743 1546 901 1601 petitis,
918 1547 1172 1587 Anastasiam
1197 1546 1378 1599 Sophiae
1404 1562 1445 1588 se
1475 1549 1713 1602 praefer1e‚

224 1605 276 1645 ab
308 1619 355 1644 ea
387 1604 486 1643 licet
517 1602 762 1657 adoptatus,
803 1603 1077 1658 significavit3
1118 1602 1315 1644 ecclesiae
1363 1605 1545 1655 nomine,
1577 1620 1600 1644 a
1631 1618 1715 1658 po-

223 1661 341 1716 pulo,
373 1659 488 1716 quod
519 1659 571 1699 ad
599 1675 689 1700 eam
722 1666 763 1700 et
794 1661 1090 1716 Diegestheum
1124 1660 1373 1714 congregari
1402 1661 1571 1711 soleret,
1602 1676 1715 1701 sum-

223 1732 401 1772 mopere
432 1718 569 1756 cultae
598 1717 811 1781 prolato&
820 1732 906 1772 quo
941 1718 1092 1758 coniux
1114 1717 1325 1757 Anastasia
1354 1719 1611 1758 noscebatur
1642 1718 1714 1757 in-

223 1774 389 1830 signita.
449 1772 695 1814 acclamatio
734 1772 811 1815 τοῦ
838 1774 998 1828 βῆκας,
1030 1775 1177 1814 Latina
1220 1779 1293 1826 est,
1326 1782 1367 1813 m
1398 1775 1552 1827 vinca&
1582 1775 1715 1830 qualis

222 1832 554 1886 imperatorum.

336 1897 434 1947 385,
471 1901 510 1942 1.
539 1895 747 1939 ὑπατείαν
777 1892 951 1953 πολλήν]
983 1898 1217 1939 Anastasius
1245 1912 1394 1953 rogam
1428 1900 1609 1952 multam,
1640 1895 1718 1954 ῥό-

223 1969 305 2009 γαν
330 1956 398 1996 ille
426 1955 597 2010 legerat.

338 2022 449 2066 Ibid.
485 2025 550 2066 12.
607 2017 706 2062 τότε
739 2021 935 2074 Τιβέριος
963 2018 1151 2075 μεγάλας
1174 2020 1395 2075 δυνάμεις]
1427 2023 1607 2077 imperio
1638 2024 1716 2064 Ti-

225 2079 337 2120 herii
369 2080 541 2120 ineunte
570 2078 676 2119 haec
705 2085 818 2134 gesta
849 2079 1035 2120 declarat
1065 2080 1272 2135 Euagrius
1305 2081 1377 2121 lib.
1406 2080 1432 2122 5
1463 2095 1555 2135 cap.
1593 2080 1658 2125 14

334 2153 455 2196 Ibid
487 2151 554 2196 14.
611 2147 923 2192 Ἰουστινιανόν
941 2166 1035 2192 τινα
1062 2149 1298 2207 στρατηγὸν
1328 2151 1551 2209 ἀνατολῆς]
1580 2155 1717 2209 magi·-

228 2219 358 2251 stram
387 2210 564 2250 militam
600 2207 787 2248 Orientis
818 2207 959 2251 reddit
985 2210 1238 2251 Anastasius.

343 2283 457 2325 Ibid.
492 2281 556 2326 17.
612 2275 696 2321 ὑπὸ
728 2277 781 2321 τά
813 2281 924 2336 μέρη
956 2280 1176 2336 Χοσρόου]
1224 2283 1463 2325 Ormisdam
1494 2284 1534 2324 in
1565 2285 1718 2326 Persa-

230 2355 327 2381 rum
357 2354 504 2395 regum
534 2338 786 2378 laterculum
815 2339 866 2378 ab
898 2346 1072 2380 auctore
1107 2342 1286 2381 relatum
1308 2342 1442 2381 haec
1432 2342 1558 2396 ipsius
1586 2343 1718 2382 verba

229 2396 444 2437 indicant:
477 2410 609 2452 quare
636 2395 708 2436 sub
737 2394 910 2436 chosroe
934 2397 1034 2436 duce
1065 2397 1368 2452 interpretatus
1387 2413 1490 2438 sum.
1548 2400 1719 2453 placent

229 2454 359 2509 magis
390 2453 518 2494 codd.
546 2452 671 2493 Barb.
702 2459 745 2493 et
768 2452 856 2495 Pal.
889 2449 970 2492 ὑπὸ
1012 2453 1278 2506 Μεχοσρόου
1307 2455 1513 2520 legentes,
1529 2456 1602 2496 sub
1623 2456 1719 2495 Mc-

230 2512 405 2552 chosroe
436 2509 560 2550 duce.-
602 2510 644 2550 in
685 2508 747 2549 his
797 2510 957 2565 quippe
999 2512 1240 2551 correctior
1267 2511 1434 2552 littera.
1469 2507 1518 2552 τὸ
1549 2507 1633 2552 vind
1665 2507 1719 2552 τοὶ

228 2565 353 2622 μέρη,
388 2581 475 2608 non
507 2566 588 2607 nisi
618 2567 801 2622 vulgaris
832 2567 1047 2618 idiotismi,
1083 2582 1168 2622 quo
1199 2569 1584 2623 praepositionibus
1615 2582 1720 2609 cun-

230 2624 306 2665 ctis
337 2623 562 2665 accusandi
591 2638 703 2664 casus
736 2624 992 2679 adiungitur,
1022 2625 1251 2679 propnium
1282 2633 1357 2666 est.

340 2692 452 2734 Ibid.
476 2695 541 2737 18.
600 2691 668 2747 ἐφ’
697 2687 722 2731 ὃ
739 2690 897 2746 χρόνον
922 2692 1140 2752 τετραετῆ]
1175 2694 1230 2733 ita
1253 2693 1396 2749 legunt
1417 2693 1558 2733 cuncti
1590 2691 1716 2733 codd.

232 2747 349 2789 cuius
378 2749 472 2790 vice
513 2764 767 2804 reponerem
808 2749 953 2791 lubens
979 2749 1060 2814 ἐφ’
1083 2753 1115 2791 ὦ
1135 2766 1292 2820 ,super
1292 2727 1403 2802 ahoe,
1434 2750 1719 2805 paciscuntur.

231 2804 402 2860 Pcyrez.
433 2806 565 2849 codex
595 2806 697 2864 legit
725 2805 876 2850 deinde
902 2803 1060 2863 χρόνον
1091 2822 1161 2849 και
1190 2808 1344 2863 τριετῆ,
1373 2807 1491 2863 quod
1524 2822 1608 2848 non
1641 2807 1718 2847 ad-
