1768 3268
540 178 613 220 rx
650 177 1003 220 Tiissopnanss.
1094 158 1109 176 ⁸
1328 206 1330 208 >
1425 178 1519 223 113

51 289 216 342 videas,
243 305 388 333 omnes
421 292 496 348 qui
533 298 631 333 sunt
673 293 734 332 rei
780 292 977 346 publicae
1018 291 1147 333 vides.
1202 293 1372 336 intende
1398 293 1523 336 militi

53 355 141 392 tuo.
199 363 253 390 ne
279 349 431 389 milites
459 349 668 403 suscipiaS,
698 363 751 389 ne
772 349 915 390 dicant
944 349 1021 390 tibi
1047 350 1221 405 quidam
1252 352 1349 407 quia
1381 352 1524 395 deo&-

50 419 124 445 sor
155 406 253 446 tuus
280 406 424 446 taliter
465 412 735 446 conversatus
773 411 848 446 est.
908 405 1012 447 baec
1040 407 1150 447 enim
1179 407 1291 462 dico,
1319 424 1343 448 a
1373 409 1526 464 quibus

51 476 191 516 passus
219 476 324 503 sum.
384 463 455 518 qui
495 463 652 503 babent
690 463 954 514 substantias,
982 463 1183 504 fruantur
1212 465 1269 505 eis
1287 479 1301 504 ε
1332 465 1394 506 his
1421 479 1527 506 vero

52 518 126 573 qui
158 532 244 558 non
275 519 524 570 habuerint,
556 519 706 559 dona.’'
769 526 812 560 et
852 520 961 560 facta
987 520 1183 562 oratione
1219 536 1244 562 a
1271 522 1529 575 patriarcha,

51 589 147 614 cum
176 574 370 616 dixissent
395 590 538 619 omnes
566 591 702 628 amen,
731 574 885 616 cecidit
901 577 1052 618 Caesar
1071 578 1123 618 ad
1139 577 1266 632 pedes
1296 579 1530 632 imperato..

52 631 124 682 ris,
150 637 194 672 et
221 631 327 674 dixit
357 633 395 674 ei
422 633 484 673 “si
502 633 574 683 vis,
604 647 710 684 sum,
737 633 770 673 si
799 647 883 674 non
905 634 978 685 vis,
1009 650 1095 674 non
1113 638 1242 675 sum.''
1274 640 1317 675 et
1346 636 1531 690 impera-

54 694 127 729 tor
148 689 209 729 ait
236 688 382 742 “deus,
404 689 478 745 qui
496 689 600 730 fecit
620 691 781 730 caelum
800 695 843 730 et
871 695 1045 740 terram,
1065 691 1152 746 ipse
1173 692 1313 732 omnia
1341 707 1450 747 qnae
1469 692 1532 732 di-
1545 700 1662 749 p.384

53 758 150 786 cere
180 745 336 787 oblitus
363 761 468 797 sum,
497 746 538 786 in
570 760 648 787 eor
684 752 803 786 tunm
840 747 1076 788 immittat.'’
1134 762 1270 802 porro
1305 763 1400 789 cum
1430 748 1534 789 baec

51 809 388 857 prosequeretur
420 803 668 857 imperator,
701 804 893 858 replebat
921 804 1101 844 lacrimis
1130 810 1268 845 totum
1293 805 1532 861 collegium.

53 857 279 914 quodcum
293 861 476 900 solutum
499 860 652 910 fuisset,
665 860 860 901 Tiberius
876 861 986 903 dona
1007 861 1183 902 subditis
1206 862 1444 917 impertitus
1461 869 1535 914 est,

52 921 95 955 et
113 930 391 972 quaecunque
406 917 448 961 in
469 917 738 971 imperatoris
766 918 1122 972 appellationibus
1139 919 1270 959 moris
1286 919 1478 960 existunt.

163 983 311 1026 Mundi
341 999 452 1025 anno
482 982 607 1036 6071,
641 983 808 1025 divinae
850 985 1149 1026 incarnationis
1180 1001 1292 1027 anno
1322 985 1419 1039 571,
1455 988 1534 1027 im-

50 1053 206 1093 pei-are
234 1041 378 1096 coepit
394 1041 589 1082 Tiberius
618 1041 835 1083 redimitus
850 1043 902 1083 ab
916 1042 1127 1099 Eutychio
1153 1042 1410 1099 patriarcba,
1439 1059 1535 1084 cum

53 1104 158 1138 esset
188 1103 232 1139 ct
259 1098 347 1152 ipse
383 1113 538 1153 genere
578 1097 736 1139 Thrax.
806 1114 987 1155 cumque
1014 1100 1268 1154 imperaret,
1299 1100 1536 1141 clamabant

51 1159 194 1206 partes
214 1153 450 1205 “Anastasia
471 1159 665 1211 Augusta,
698 1162 744 1196 tu
765 1156 914 1196 vincas.
944 1155 1069 1207 salva,
1101 1156 1287 1211 domiue,
1318 1172 1423 1213 quos
1454 1158 1534 1198 im..

52 1224 204 1263 perare
233 1211 422 1253 iussisti.''
493 1211 664 1252 audiens
708 1218 849 1253 autem
878 1212 1036 1267 Sophia
1073 1213 1218 1258 Iustini
1248 1215 1401 1255 coniux
1429 1229 1536 1270 per-

51 1281 168 1309 cussa
196 1274 260 1316 est
286 1268 454 1309 animo:
486 1269 656 1309 volebat
686 1284 866 1324 namque
895 1270 1057 1311 nubere
1084 1270 1259 1312 Tiberio
1289 1276 1333 1311 et
1363 1285 1535 1326 perma-

52 1338 155 1365 nere
179 1325 388 1379 Augusta:
419 1325 629 1366 nesciebat
669 1326 777 1366 enirn
824 1326 942 1381 quod
979 1325 1157 1367 haberet
1189 1341 1377 1368 uxorem.
1437 1330 1538 1384 qui·-

51 1379 147 1422 dam
179 1386 321 1421 autem
349 1380 546 1421 dicebant
574 1380 691 1436 quod
735 1389 777 1422 et
806 1382 847 1422 in
878 1384 964 1423 vita
1004 1383 1148 1424 Iustini
1181 1384 1414 1425 adamicata
1440 1387 1536 1426 fue-

50 1438 108 1478 rit
134 1437 187 1489 ei,
215 1443 259 1478 et
286 1437 375 1492 ipsa
414 1438 669 1493 persuaserit
702 1439 860 1479 Iustino
907 1446 956 1480 ut
986 1454 1083 1480 eum
1115 1440 1334 1481 Caesarem
1359 1442 1533 1483 faceret.

49 1509 200 1535 verum
224 1494 420 1536 Tiberius
449 1494 618 1535 mittens
644 1493 762 1535 duxit
795 1495 1050 1536 Anastasiam
1079 1498 1304 1552 coniugem
1332 1513 1462 1550 suam,
1491 1504 1534 1540 et

49 1551 277 1592 coronavit
307 1566 399 1593 eam
416 1555 657 1607 Augustam,
689 1559 732 1592 et
765 1551 937 1592 iactavit
966 1567 1112 1608 rogam
1139 1555 1332 1595 multam.

160 1618 359 1659 Secundo
389 1619 559 1673 imperii
586 1619 748 1660 Tiberii
770 1634 882 1660 anno
897 1619 1173 1661 Alexandriae
1203 1621 1372 1663 antistes
1400 1621 1583 1676 habe-p.
1596 1629 1666 1665 385
1699 1631 1724 1665 3

48 1682 121 1716 tur
147 1676 343 1717 ecclesiae
373 1677 587 1730 Eulogius.
643 1675 758 1716 misit
785 1675 948 1718 interea
982 1677 1220 1731 imperator
1252 1678 1449 1720 Tiberius
1479 1678 1535 1720 ad

49 1747 191 1788 regem
213 1732 439 1774 Persarum
477 1732 711 1773 secundum
747 1748 935 1783 morem,
975 1735 1171 1774 nuntians
1214 1736 1532 1788 promotionem

47 1804 189 1837 suam3
219 1804 307 1845 quo
338 1803 486 1844 pacem
515 1804 601 1829 non
641 1789 891 1831 admittente
922 1790 1118 1831 Tiberius
1154 1806 1322 1846 magnas
1353 1792 1531 1834 virtutes

46 1846 334 1901 congregavit,
362 1853 406 1887 et
438 1846 712 1887 disseminatis
745 1847 869 1900 regiis
908 1847 1113 1888 thesauris
1142 1849 1298 1889 multos
1325 1848 1428 1889 fecit
1456 1865 1531 1890 ex-

47 1904 232 1955 ercitns,
275 1917 422 1944 ereans
451 1904 695 1957 magistrum
733 1903 917 1945 militum
942 1904 1134 1946 Orientis
1162 1905 1375 1961 quendam
1402 1907 1531 1947 lusti-

48 1975 237 2000 manum.

92 2010 94 2012 i
156 2017 306 2058 Tertio
337 2016 506 2072 imperii
529 2016 691 2058 Tiberii
714 2032 826 2058 anno
870 2032 942 2059 rex
969 2017 1199 2059 Persarum
1237 2020 1412 2073 sumptis
1437 2019 1525 2061 vir-
1540 2041 1575 2076 p.
1590 2030 1664 2066 386

44 2073 206 2114 tutibus
231 2074 316 2114 suis
358 2074 400 2113 in
429 2073 672 2116 Armeniam
703 2080 923 2129 properat.
992 2074 1163 2116 audiens
1194 2081 1337 2117 autem
1365 2079 1527 2118 Roma-

43 2144 199 2171 norum
230 2129 313 2170 dux
341 2144 484 2185 regem
509 2130 737 2171 Persarum
765 2146 844 2186 per
871 2137 1002 2173 semet
1039 2131 1176 2186 ipsum
1205 2132 1409 2186 praelium
1440 2134 1523 2174 ini-

44 2192 204 2237 turum,
233 2187 447 2241 expeditus
493 2187 662 2228 effectus
690 2194 763 2229 est.
841 2188 972 2228 timor
1015 2189 1127 2229 enim
1156 2188 1359 2244 ingressus
1386 2196 1447 2231 est
1479 2192 1521 2230 in

42 2245 248 2298 populum
275 2245 581 2294 Romanorum,
612 2244 839 2285 etidcirco
870 2244 1118 2286 Iustinianus
1148 2244 1203 2286 ad
1232 2246 1408 2293 virtutes
1428 2261 1522 2287 ser-

41 2301 238 2342 monibus
275 2315 368 2341 usus
408 2301 670 2354 compescuit
711 2300 947 2342 formidinis
983 2316 1180 2357 pugnam.
1253 2317 1349 2343 cum
1379 2310 1520 2343 autem

40 2357 199 2398 bellum
228 2358 350 2398 fieret
378 2363 421 2397 et
464 2358 676 2411 sagittatio
707 2358 933 2399 Persarum
974 2359 1084 2400 facta
1114 2359 1246 2399 multa
1276 2360 1429 2410 fuisset,
1460 2361 1521 2401 ita

44 2421 92 2455 ut
120 2415 246 2454 etiam
274 2414 429 2455 solares
456 2414 566 2455 radii
594 2414 850 2464 celarentur,
882 2415 982 2455 dum
1004 2415 1201 2456 videlicet
1229 2416 1411 2455 Romani
1439 2417 1520 2457 cli-

41 2471 129 2524 peis
158 2471 306 2525 iacula,
335 2485 444 2526 quae
485 2484 535 2510 ex
564 2471 746 2511 arcubus
773 2472 1061 2523 mittebantur,
1091 2473 1343 2513 continuatis
1379 2473 1518 2526 proii-

42 2542 139 2568 cere
175 2530 426 2570 niterentur.
485 2542 580 2567 cum
610 2535 751 2568 autem
778 2528 987 2582 profunda
1020 2530 1269 2570 consisteret
1298 2529 1517 2570 Romano-

43 2599 139 2624 rum
166 2585 287 2635 acies,
315 2585 468 2625 Persae
497 2585 610 2624 ferre
638 2599 722 2623 non
741 2591 956 2638 poterant,
984 2585 1056 2626 sed
1088 2586 1128 2625 in
1160 2587 1301 2638 fugam
1332 2586 1518 2628 vertitur

42 2640 374 2697 Babyloniorum
403 2649 600 2693 caterva,
639 2647 683 2681 et
720 2642 935 2682 intereunt
971 2641 1258 2682 multitudines
1301 2642 1514 2696 copiosae.

32 2698 253 2752 -accipiunt
278 2699 439 2739 interea
472 2703 516 2738 et
546 2698 768 2739 Persarum
808 2699 1137 2753 suppellectilem
1173 2704 1216 2737 et
1253 2699 1416 2753 regium
1448 2707 1517 2740 ta-

42 2753 317 2797 bernaculum
347 2761 569 2809 totumque
599 2755 872 2796 clarissimum
901 2761 1169 2810 apparatum.
1202 2761 1347 2795 tenent
1374 2762 1514 2798 autem

42 2816 83 2851 et
105 2811 345 2867 elephantes
369 2811 562 2864 Romani,
591 2817 633 2853 et
658 2812 711 2853 ad
735 2812 956 2853 Tiberium
979 2814 1154 2852 mittunt
1171 2811 1347 2866 insignes
1374 2820 1417 2854 et
1442 2828 1512 2854 re-

178 2884 413 2932 Theophanes
438 2886 486 2920 11.
1232 2883 1256 2917 8
