1728 3184
690 190 888 234 NOTAE.
1421 188 1518 240 499

54 301 194 344 cundo
227 302 391 345 insidias
427 303 479 344 ab
508 302 707 360 Olympio
752 306 931 345 exarcho
972 305 1047 346 sibi
1092 314 1256 360 paratas
1287 309 1522 352 sustinuisse

55 360 270 401 declarant
298 360 384 401 eius
424 360 535 400 dicta
582 361 661 400 iam
690 360 961 414 proferenda.
1039 364 1181 411 tertio,
1215 365 1255 404 in
1287 367 1521 407 Constantis

56 416 264 457 decimum
293 422 337 456 et
365 417 639 457 indictionem
671 416 872 457 decimam
903 418 1112 459 incidente
1140 420 1369 475 Calliopam
1400 438 1520 463 exar-

53 473 179 513 chum
215 473 392 513 Romam
418 474 658 528 profectum
689 473 869 527 excipit,
914 480 956 512 et
996 475 1046 513 ab
1088 489 1137 514 eo
1176 477 1253 516 CP.
1285 478 1520 522 abducitur.

53 530 139 569 eius
172 530 330 584 quippe
358 529 582 570 adventum
624 529 807 569 referens
853 530 1018 569 scribit:
1047 544 1118 583 ego
1146 547 1243 572 vero
1277 535 1370 588 ipse‘
1385 537 1522 588 gravi-

50 595 114 624 ter
138 585 320 639 infirmus
359 601 473 626 eram
510 586 567 626 ab
602 586 795 627 octobrio
834 601 965 625 mense
1011 601 1131 641 usque
1177 588 1235 627 ad
1266 592 1522 643 praedictum

51 651 214 696 tempu-5,
243 642 289 681 id
314 650 392 693 est,
424 657 544 698 usque
589 642 648 681 ad
681 641 1042 682 sextumdecimum
1082 643 1275 682 kalendas
1300 646 1448 686 Iulias.
1480 654 1523 687 et

52 697 186 738 infra:
214 712 306 737 cum
334 707 374 738 et
401 699 445 738 in
464 696 639 737 adventu
667 699 837 750 infamis
857 698 1045 753 Olympii
1070 700 1178 738 vani
1206 701 1416 740 cuiusdam
1447 704 1522 743 ho-

50 755 173 794 minis
202 768 294 793 cum.
321 755 448 794 armis
477 769 539 793 me
566 756 671 793 hunc
693 755 874 810 potuisse
903 756 1095 810 repellere
1105 756 1364 806 faterentur.
1424 759 1521 797 anni

49 810 177 864 primi
210 825 261 850 eo
290 815 508 864 tempore,
540 824 623 865 quo
665 810 887 851 concilium
928 810 1102 863 habuit,
1135 818 1384 865 aegrotasse,
1415 829 1522 868 quae

51 868 138 921 ipse
168 866 289 920 gessit
316 865 444 906 homo
474 881 595 906 sanae
624 867 771 906 mentis
801 872 843 906 et
882 866 1105 906 firmorum
1138 867 1316 907 laterum
1350 870 1522 911 credere

47 921 305 977 prohibent:
338 923 560 978 Olympius
592 937 762 978 quoque
791 928 833 962 et
869 923 1074 977 Calliopas
1104 923 1271 963 exarchi
1302 926 1478 978 septimo
1500 942 1523 966 a

50 978 229 1019 concilio
261 979 472 1019 celebrato
513 993 678 1029 mense,
700 978 804 1019 datis
846 980 961 1032 prius
1004 980 1086 1019 CP.
1124 979 1285 1031 litteris,
1316 983 1521 1035 responsis

49 1035 244 1090 acceptu,
277 1035 474 1089 susceptis
494 1035 780 1090 confectisque
809 1035 890 1074 CP.
920 1036 1172 1087 Ravennam,
1206 1038 1404 1077 Ravenna
1430 1040 1520 1078 Ro..

49 1107 160 1132 mam
190 1092 426 1147 itineribus,
456 1091 588 1131 varias
609 1093 794 1131 Martino
825 1090 1073 1143 vexationes,
1100 1107 1207 1147 quae
1240 1107 1405 1133 moram
1434 1096 1519 1134 exi-

49 1154 153 1203 gunt
184 1154 226 1188 et
256 1149 554 1189 successionem
582 1162 667 1187 uno
699 1142 898 1201 tempore*
934 1156 1148 1203 nequeunt
1178 1149 1385 1202 ingerere.
1444 1152 1523 1192 ah-

50 1205 221 1244 ducitur
248 1205 390 1260 itaque
413 1206 546 1245 Roma
580 1204 674 1244 anni
698 1205 825 1253 tertii,
860 1211 907 1243 ut
931 1205 1021 1244 vult
1049 1205 1297 1250 Sirmondus
1336 1207 1375 1246 in
1410 1207 1521 1261 Syn-

50 1261 141 1316 opsi
182 1260 382 1301 chronica
425 1260 477 1300 ad
523 1255 719 1300 Anastasii
763 1259 1016 1300 collectanea
1057 1276 1194 1301 mense
1232 1262 1363 1312 lunio,
1398 1277 1444 1302 ac
1476 1271 1522 1304 ut

46 1318 253 1358 Martinus
286 1318 371 1372 ipse
415 1317 588 1357 scribit:
629 1319 893 1372 pervenimus
925 1317 1117 1356 kalendas
1148 1319 1280 1358 Iulias
1309 1319 1522 1358 Mesenam

49 1374 282 1425 (Misenum,
316 1374 368 1413 ad
398 1374 502 1414 ostia
520 1373 718 1413 Tiberina
746 1374 1106 1427 promontorium)
1138 1374 1181 1413 in
1209 1388 1296 1429 qua
1324 1384 1413 1415 erat
1442 1389 1521 1415 na-

46 1431 124 1482 vis,
152 1430 200 1470 id
225 1439 299 1481 est,
333 1436 477 1470 carcer
495 1445 617 1469 meus.
677 1444 834 1469 menses
864 1435 947 1469 tres
974 1429 1069 1469 inde
1097 1444 1176 1483 per
1208 1430 1341 1470 varias
1373 1431 1520 1470 insulas

46 1486 183 1541 exigit,
214 1486 266 1526 ad
295 1487 393 1526 anni
426 1486 624 1526 nimirum
662 1486 801 1540 quarti
840 1486 1101 1540 primordia:
1135 1487 1223 1539 ipso
1255 1485 1444 1527 dicente:
1478 1489 1522 1527 in

39 1543 230 1598 plurimis
257 1543 482 1583 insularum
521 1545 564 1582 iu
593 1543 736 1598 quibus
763 1556 837 1582 nos
876 1542 940 1581 vel
965 1543 1091 1581 tribus
1121 1543 1317 1583 mensibus
1344 1553 1520 1598 peccata

46 1599 333 1656 impedierunt,
367 1600 521 1639 nullam
551 1599 870 1654 compassionem
900 1598 1074 1652 adeptus
1103 1613 1204 1637 sum.
1235 1613 1386 1637 annum
1422 1600 1519 1639 Naxi

46 1661 359 1706 commoratur,
401 1657 474 1710 qui
515 1655 805 1709 assumptionis
837 1655 922 1694 cius
955 1660 1141 1708 quartus,
1172 1660 1214 1693 et
1241 1654 1387 1694 circuli
1420 1671 1521 1695 cur..

46 1714 174 1753 rentis
205 1711 380 1753 indictio
406 1712 636 1752 undecima.
694 1720 858 1766 excepto
889 1711 1098 1751 duntaxat
1128 1711 1362 1764 (superiora
1392 1712 1520 1751 verba

43 1770 330 1824 prosequitur)
378 1769 587 1809 ininsula
615 1768 767 1807 Naxia
783 1797 795 1818 ,
837 1767 1026 1822 quoniam
1066 1768 1122 1806 ibi
1154 1782 1300 1807 annum
1323 1769 1518 1818 fecimus,

42 1833 122 1867 etc.
182 1825 291 1866 unde
322 1825 523 1880 digressus
555 1824 792 1864 indictionis
823 1822 1095 1863 duodecimae
1120 1824 1260 1876 primo
1279 1838 1416 1863 mense
1437 1825 1517 1863 (ΣΡ.

42 1882 228 1937 adpellit.
301 1896 473 1935 cumque
510 1882 679 1922 tandem
703 1882 948 1935 pervenisset
988 1880 1238 1931 Byzantium,
1268 1880 1407 1934 inquit
1433 1880 1518 1919 eius

41 1939 236 1993 martyrii
267 1939 466 1992 scriptor,
510 1939 643 1978 heatus
686 1938 755 1976 ille
780 1938 949 1991 septimo
981 1937 1139 1976 decimo
1181 1937 1248 1976 die
1277 1935 1519 1991 Septembrii

39 1997 188 2035 mensis
209 1996 254 2034 in
283 2004 446 2051 portum
483 2009 613 2051 prope
657 1994 957 2049 Euphemiam,
987 2000 1066 2032 etc.
1137 1992 1255 2032 vario
1288 2006 1517 2043 carcerum,

39 2052 287 2102 examinum,
320 2057 363 2091 et
392 2057 701 2091 tormentorum
732 2050 873 2103 generi
899 2048 1102 2098 subditus,
1133 2048 1241 2088 exilii
1270 2050 1517 2088 sententiam

38 2108 309 2163 postmodum
340 2108 506 2161 accipit.
545 2109 657 2158 fecit
683 2121 777 2160 ergo
816 2107 1147 2145 reverentissimus
1170 2120 1282 2160 papa
1312 2106 1354 2144 in
1379 2105 1516 2144 eodem

40 2161 261 2206 Diomedis
290 2165 485 2218 ergastulo
525 2166 730 2218 octoginta
772 2163 946 2218 quinque
975 2163 1061 2201 dies
1085 2171 1181 2216 post
1199 2164 1362 2216 primas
1389 2175 1515 2199 nona-

37 2223 158 2276 ginta
187 2230 268 2260 tres
302 2221 363 2274 (in
394 2219 686 2259 excubitorum
708 2219 918 2272 custodia)
941 2219 1014 2258 hoc
1030 2227 1089 2258 est
1115 2232 1251 2258 omnes
1279 2218 1400 2263 simul
1423 2215 1512 2255 178.

41 2280 147 2318 venit
173 2279 296 2331 igitur
324 2277 529 2329 Sagoleba
565 2277 698 2316 scriba
741 2274 897 2326 dicens,
935 2275 1033 2329 quia
1064 2274 1191 2313 iussus
1231 2288 1314 2313 sum
1345 2270 1512 2326 auferre

39 2343 79 2376 te
107 2336 210 2384 hinc,
238 2344 277 2374 et
302 2334 517 2384 tranfirre
542 2332 586 2372 in
611 2333 771 2373 domum
810 2346 952 2381 meam,
985 2341 1023 2370 ec
1044 2340 1136 2384 post
1163 2329 1248 2368 dies
1276 2327 1376 2367 duos
1405 2328 1512 2367 diri-

39 2406 130 2446 gere
160 2400 208 2440 te,
234 2405 313 2447 quo
359 2390 515 2429 iusserit
557 2389 823 2428 sacellarius.
895 2393 937 2427 et
970 2387 1102 2425 infra:
1142 2386 1290 2424 dictum
1333 2393 1390 2422 esc
1418 2398 1512 2437 ergo

36 2449 135 2504 quia
162 2449 207 2487 in
236 2448 484 2488 Clcersonam
512 2446 715 2485 exalatur.
774 2454 811 2484 et
839 2453 932 2499 post
958 2444 1042 2483 dies
1068 2443 1222 2497 aliquot
1239 2441 1510 2492 cognovimus,

35 2506 131 2561 quia
160 2504 257 2544 illuc
297 2503 484 2542 clanculo
511 2502 676 2555 navigio
693 2510 934 2540 transvectus
962 2509 1028 2538 est.
1062 2499 1146 2552 ipse
1179 2497 1372 2536 discessus
1402 2502 1511 2536 tem-

35 2575 114 2615 pus
142 2559 274 2615 signat
306 2559 347 2597 in
379 2559 496 2612 epist.
524 2567 740 2613 postquam
770 2557 918 2611 egressi
942 2570 1070 2595 sumus
1098 2568 1153 2593 ex
1180 2568 1223 2592 eo
1253 2552 1362 2606 quod
1390 2553 1512 2591 Ieron

36 2617 186 2656 dicitur
210 2631 237 2656 a
265 2615 355 2656 CP.
397 2616 633 2668 navigantes
662 2623 806 2654 sancta
846 2613 984 2668 quinta
993 2612 1116 2662 jeria
1144 2624 1292 2648 coenae
1330 2607 1509 2659 domini,

34 2674 376 2726 pertransivimus
406 2673 605 2721 Pharum,
631 2684 711 2726 per
738 2669 895 2709 diversa
922 2669 1015 2708 loca
1043 2672 1343 2712 transmeantes,
1382 2663 1510 2703 idibus

35 2729 185 2781 ΛῙαίἰε,
232 2739 272 2769 et
312 2730 551 2769 chersonem
584 2728 850 2782 pervenimus,
910 2723 1111 2764 sexdecim
1153 2721 1319 2761 tandem
1352 2735 1508 2760 menses

35 2786 199 2826 exitium
229 2786 280 2826 ad
319 2786 405 2825 eius
449 2789 631 2825 mortem
672 2783 845 2824 dilatum
881 2780 1060 2821 coniicio
1101 2793 1146 2818 ex
1189 2778 1248 2817 his
1291 2777 1508 2830 scriptoris
