1728 3184
687 145 886 189 NOTAE.
1418 146 1516 193 367

162 257 260 308 129,
282 257 344 300 9.·
374 254 582 311 Ἡσιὶχιος
610 257 897 312 πρεσβύτερος
921 258 1243 314 Ἱεροσολῧμων]
1271 262 1523 322 Hesychium

52 314 477 371 llierosolymitanum
508 313 633 356 alium
665 330 748 356 non
781 316 969 370 agnoscit
997 316 1308 361 Possevinus.in
1341 337 1523 376 appara-

51 379 110 424 tu,
141 372 218 412 nisi
250 371 323 427 qui
352 371 550 427 Gregorii
587 387 722 427 papae
752 373 1040 427 temporibus,
1074 379 1115 414 et
1148 375 1188 416 in
1226 380 1310 418 cius
1341 379 1524 433 epistolis

43 428 161 478 *baud
191 428 441 483 presbyter,
468 427 538 469 sed
569 429 655 470 eius
695 428 800 469 sedis
831 428 1075 483 patriarcha
1105 432 1359 475 celebratur.
1420 434 1524 475 duos

51 484 332 525 hocnomine
362 483 589 540 insignitos,
620 500 750 525 unum
779 484 1008 527 Theodosii
1036 487 1222 542 senioris,
1253 489 1431 532 alterum
1462 492 1525 532 iu.

51 541 180 581 nioris
205 547 342 582 aetate
371 541 590 582 florentem
619 547 826 582 memorat
846 543 984 583 Sixtus
999 543 1212 586 Senensis:
1243 544 1356 586 hunc
1386 552 1524 590 tamen

50 612 94 638 ex
125 596 305 652 quadam
340 596 471 651 glossa
521 599 757 652 praesulum
788 599 916 639 infula
949 599 1197 640 decoratum
1227 601 1376 642 dubius
1409 603 1524 644 affir.

48 659 149 697 mat.
208 653 298 708 lego
327 653 592 709 Hesychium‚
622 655 672 696 ad
706 670 830 711 quem
862 656 1113 711 Augustinus
1143 657 1196 697 78
1223 664 1265 698 et
1296 657 1351 698 80
1382 658 1526 714 dirigit

51 709 270 765 epistolas:
302 716 346 751 at
366 722 461 751 cum
491 712 790 767 coepiscopum
820 718 861 752 et
892 713 1335 769 compresbyterorum
1363 721 1526 769 patrem

54 767 225 807 salutari
262 765 423 806 videam
442 795 455 818 ,
478 781 583 808 ⁴num
611 770 642 809 is
669 775 722 809 sit
762 768 1176 824 Ilicrosolymitanus,
1206 770 1376 811 haereo.
1432 787 1526 812 cum

50 822 211 863 Photio
251 823 394 877 itaque
421 830 611 876 auctore,
639 832 681 866 et
713 825 994 866 bibliothecae
1023 827 1286 867 Graecorum
1316 828 1401 869 ΡΡ.
1433 829 1525 868 col..

47 879 232 931 lectore,
277 880 364 920 sola
410 882 726 938 presbyteratus
776 882 979 936 dignitate
1006 889 1232 937 provectus
1260 883 1362 925 mihi
1393 885 1524 941 Hesy-

48 935 162 976 chius
189 935 266 976 istc
297 937 498 978 manebit.

156 1019 356 1065 Ibid.12.
414 1015 631 1075 Κύριλλος
659 1016 734 1074 ἔτη
749 1019 823 1077 λγ]
857 1022 982 1076 ponit
1003 1021 1282 1065 Ecchellensis
1314 1024 1524 1078 annos3l‚

45 1075 129 1141 dies
161 1077 470 1142 155.uoptime:
502 1079 609 1119 solos
637 1077 794 1133 quippe
823 1077 877 1119 32
909 1085 1060 1120 auctor
1092 1080 1178 1133 ipse
1211 1088 1404 1123 numerat
1436 1082 1523 1124 aliis

48 1149 88 1173 m
120 1147 319 1174 canoniis.

156 1207 264 1308 11!ch
309 1205 374 1247 13.
467 1205 659 1247 Ἰουδαῖοι
704 1207 764 1256 εἰς
813 1205 884 1248 τὸν
916 1201 1094 1260 ’[μμον]
1146 1210 1339 1252 Socrates
1389 1211 1457 1252 lib.
1498 1209 1522 1250 7

46 1278 136 1319 cap.
226 1293 236 1304 .

155 1337 265 1380 Ibid.
299 1339 363 1381 19.
421 1334 632 1377 Λεοντίου
663 1337 741 1377 τοῦ
773 1335 1015 1392 φιλοσόφου
1048 1336 1285 1392 θυγατέρα]
1316 1343 1364 1377 ut
1393 1338 1523 1379 Athe..

48 1394 134 1435 nais
162 1393 304 1434 infimo
337 1393 431 1433 loco
467 1399 559 1432 nata
590 1392 643 1433 ad
671 1393 773 1446 imp.
814 1393 1040 1434 thalamum
1069 1401 1211 1446 evecta
1244 1395 1385 1446 suerit,
1416 1409 1524 1449 pro..

47 1451 124 1491 lixa
156 1449 362 1491 orationis
391 1449 496 1489 serie
527 1456 672 1490 narrat
713 1449 946 1490 chronicon
974 1450 1322 1492 Alexandrinum:
1357 1451 1521 1505 nuptias

47 1506 146 1557 illas,
179 1506 328 1564 quibus
365 1505 561 1561 pronuba
600 1507 773 1546 fortuna
804 1505 976 1561 disparis
1027 1507 1159 1547 cultus
1186 1508 1345 1548 animos
1375 1509 1521 1547 conci..

47 1563 176 1615 havit,
204 1563 348 1618 paucis
378 1563 532 1603 refero.
591 1563 827 1616 imperator
844 1563 1119 1614 Theodosius,
1154 1563 1446 1605 exardescente
1480 1564 1520 1603 in

47 1620 256 1661 Venerem
287 1618 578 1671 adolescentia,
609 1633 733 1674 quam
751 1625 960 1660 maturam
983 1619 1195 1674 attigerat,
1223 1620 1422 1675 sanguine
1450 1634 1521 1659 so-

49 1690 192 1717 rorem
220 1675 486 1716 Pulcheriam
535 1675 701 1731 imperii
746 1676 940 1731 vitaeque
969 1676 1166 1717 tutricem
1198 1676 1249 1718 de
1278 1691 1409 1717 uxore
1438 1676 1521 1730 iam

48 1733 207 1788 saepius
233 1733 438 1787 expetita,
479 1732 555 1772 sibi
586 1731 824 1788 quaerenda
855 1732 1118 1774 sollicitabat.
1181 1732 1218 1772 ei
1252 1732 1523 1773 nobilissimas

53 1789 229 1844 quasvis,
260 1795 302 1830 et
323 1794 441 1829 tanto
462 1788 659 1843 coniugio
684 1788 826 1844 dignas
855 1789 1210 1844 circumspicienti
1238 1790 1371 1831 frater
1383 1789 1522 1830 Theo-

50 1845 186 1886 ‹losius
216 1845 412 1900 suggerit,
443 1860 520 1886 nec
551 1844 814 1886 nobilitatem
846 1860 923 1887 nec
948 1859 1048 1900 opes
1069 1860 1196 1886 curae
1215 1845 1293 1886 sibi
1325 1860 1423 1897 esse,
1451 1845 1523 1886 sed

49 1904 227 1942 sormam
255 1903 296 1941 in
324 1902 462 1956 puella
490 1902 723 1957 requirere,
754 1917 861 1957 quae
892 1902 1073 1958 reliquas
1100 1902 1199 1943 illuc
1227 1903 1430 1957 temporis
1457 1902 1523 1942 vi-

46 1973 107 1999 sas
135 1958 168 1998 si
199 1972 282 1998 non
325 1965 520 2013 superet,
547 1958 719 1999 minime
757 1959 835 2000 sibi
864 1958 1129 1999 sociandam:
1163 1974 1366 2000 summam
1399 1959 1521 2011 enim,

50 2029 156 2070 quae
186 2012 375 2055 nondum
409 2014 538 2055 oculis
556 2015 722 2056 obiecta
747 2015 896 2067 fuerat,
927 2015 1132 2056 foeminae
1161 2015 1340 2070 speciem
1368 2014 1523 2071 deper-

49 2072 149 2111 ibat.
206 2085 285 2125 per
326 2071 515 2112 omnium
550 2086 626 2112 ora
647 2071 896 2126 puellarum,
926 2073 1041 2128 quasi
1064 2087 1143 2126 per
1172 2072 1295 2111 saltus
1313 2072 1522 2113 Venerem

49 2135 122 2168 aut
152 2126 385 2183 Nympham
416 2127 525 2167 illam
552 2124 681 2168 oculis
713 2128 893 2184 indagat,
925 2134 968 2169 et
995 2133 1200 2169 vaenatur
1217 2128 1451 2179 pulcheria,
1480 2134 1522 2169 et

45 2183 267 2226 Paulinum
308 2184 471 2224 comitis
513 2184 842 2225 domesticorum
886 2185 1017 2226 filium
1048 2184 1352 2226 adolescentem
1378 2185 1521 2225 Theo..

49 2240 167 2281 dosio
198 2240 373 2280 charum
414 2241 456 2293 <a
494 2241 676 2295 pueritia
715 2242 874 2296 quippe
913 2242 951 2282 ei
998 2242 1217 2282 adiunctus
1264 2241 1520 2282 educationis

47 2296 229 2338 eiusdem
258 2298 387 2337 factus
429 2298 567 2338 fuerat
608 2298 839 2352 particeps)
881 2306 1056 2339 naturae
1088 2297 1266 2348 delicias,
1300 2304 1342 2338 et
1371 2311 1521 2351 supre-

45 2367 159 2394 mum
191 2353 276 2393 eius
310 2368 439 2407 opuS,
479 2354 509 2393 si
544 2354 655 2394 forte
692 2361 905 2406 occurrat,
935 2369 1014 2409 per
1039 2354 1278 2409 provincias
1307 2354 1520 2409 quaesitu..

48 2424 143 2450 rum
171 2410 379 2453 amandat.
451 2409 603 2451 accidit:
633 2411 800 2451 interim
843 2418 890 2451 ut
918 2411 1112 2452 Athenais
1143 2410 1311 2450 Athenis
1340 2409 1519 2450 oriunda

47 2466 168 2521 virgo
188 2466 445 2507 Graecanica
467 2467 712 2522 Byzantium
735 2467 787 2507 ad
820 2467 989 2509 amitam
1010 2482 1104 2507 cum
1126 2466 1312 2521 cognatis
1342 2481 1384 2507 se
1412 2480 1520 2505 con-

46 2523 189 2573 ferret,
223 2524 338 2564 cuius
379 2523 654 2578 profectionis
685 2524 847 2564 occasio
882 2524 957 2565 ista
989 2524 1078 2566 fuit.
1137 2522 1369 2563 Heraclitus
1397 2527 1521 2576 pater

44 2578 331 2634 philosophus,
359 2580 583 2620 Leontium
617 2579 686 2619 alii
717 2587 897 2631 vocant,
930 2581 1153 2621 Valeriano
1187 2584 1229 2619 et
1258 2578 1381 2620 Gesio
1410 2579 1520 2629 filiis,

45 2648 144 2688 quas
173 2637 403 2690 collegerat
430 2652 477 2677 ex
494 2635 718 2687 academia,
754 2637 970 2678 facultates
992 2651 1038 2677 ex
1057 2640 1301 2676 testamento
1334 2634 1520 2690 reliquit,

45 2689 152 2731 (iliae
182 2692 267 2733 sola
297 2700 467 2734 centum
498 2693 770 2744 numismata,
819 2700 861 2734 et
889 2694 1084 2734 fortunae
1113 2691 1331 2745 promissa.
1389 2691 1518 2732 Athe-

47 2745 132 2786 nais
161 2750 271 2800 apud
305 2751 454 2790 fratres
484 2749 600 2804 quasi
630 2748 902 2791 haereditatis
935 2749 1026 2789 iure
1056 2749 1268 2798 mulctata,
1297 2753 1345 2788 ut
1376 2746 1520 2789 lauda-
