1728 3184
215 164 315 217 408
731 175 786 216 m
834 172 1209 216 TnEoPHANEM

208 287 331 327 bibus
365 286 487 328 aliter
516 279 659 328 sentit
673 289 882 329 Abrabam
910 287 1184 329 Ecchellensis
1216 302 1308 343 pag.
1346 286 1438 338 155,
1471 301 1555 344 qua
1585 301 1682 329 cum

209 343 437 384 Thalabam
466 352 684 396 memoret,
717 346 948 400 principem
971 345 1168 386 Aretham
1201 359 1248 385 ex
1278 344 1363 385 eius
1389 342 1507 384 tribu
1537 351 1682 385 ortum

207 399 329 440 facile
357 400 613 454 putaverim3
654 402 845 456 adeoque
876 416 959 442 non
1004 417 1026 441 a
1061 408 1194 441 matre
1224 401 1296 442 sed
1325 417 1347 440 a
1377 400 1491 441 tribu
1521 399 1681 441 dictum

206 456 514 508 Thalabanem,
547 459 618 513 qui
656 458 935 499 Badicbarimi
966 458 1083 509 filius,
1114 457 1238 512 Agari
1270 463 1405 512 pater,
1438 456 1680 498 Thalabita-

206 527 304 553 rum
332 513 461 554 fuerit
490 515 749 555 contribulis.

318 581 412 631 222,
432 579 470 621 9.
529 580 574 621 ἐν
595 581 927 636 Νεοκαισαρειά]
958 582 1061 623 haec
1088 596 1195 637 pene
1225 582 1356 622 verbo
1387 587 1505 622 tenus
1535 579 1680 621 Theo-

210 635 339 678 dorus
374 637 506 678 actor
534 637 584 677 ad
615 637 685 678 lib.
716 639 739 679 2
776 638 937 679 collect.
969 639 1106 678 finem.

314 711 420 751 Ibid.
458 710 520 751 15.
601 707 859 764 Καβάδης
840 727 860 752 ο
887 712 971 751 τῶν
1002 712 1188 763 Περσῶν
1218 707 1438 766 βασιλεύς]
1474 709 1679 760 Amidam,

207 773 328 822 capta
360 767 706 822 Theodosiopoli,
743 784 764 807 a
786 769 954 809 Cabade
985 769 1188 808 obsessam
1221 774 1262 807 et
1291 774 1470 822 captam,
1499 782 1544 807 ex
1562 767 1679 807 Eua-

201 825 281 878 grii
313 823 381 864 lib.
412 822 438 864 3
470 839 560 878 cap.
584 822 639 865 38
667 825 867 864 scribunt*
887 825 1137 878 ehronoligi.
1195 839 1348 865 annum
1380 838 1426 864 ex
1456 822 1675 863 Eustathio

201 881 362 920 notavit
392 880 597 934 Euagrius
636 881 833 920 Anastasii
873 880 1193 931 duodecimum,
1235 881 1305 934 qui
1337 879 1607 933 Theophanis
1653 895 1676 919 a

200 936 441 991 Septembri
462 937 717 976 numerantis
741 938 901 977 decimo
922 938 1050 977 tertio
1073 935 1311 977 coincidere
1331 942 1483 990 potest.
1514 937 1676 991 reliqua

198 993 461 1033 Marcellinus
494 1008 630 1033 comes
645 994 846 1034 Anastasii
876 993 1056 1034 eiusdem
1077 1007 1185 1032 anno
1217 992 1481 1043 duodecimo,
1510 993 1672 1034 Proco-

198 1051 290 1103 pius
324 1051 374 1089 de
403 1049 512 1090 bello
543 1049 716 1090 Persico
749 1050 820 1090 lib.
857 1051 894 1104 1,
925 1049 1114 1091 nonnihil
1142 1049 1310 1104 attingit
1334 1047 1583 1090 Theodorus
1613 1050 1674 1090 le-

198 1112 294 1146 ctor
325 1105 395 1146 lib.
425 1106 463 1146 2.

309 1178 403 1229 224,
436 1177 477 1219 7.
546 1178 766 1218 στέλλεται
809 1177 889 1231 πρὸ
932 1177 1010 1218 τοῦ
1049 1177 1285 1233 βασιλέως]
1330 1178 1588 1232 Procopium
1631 1183 1673 1218 et

194 1235 485 1275 Malcellinum
514 1237 707 1290 sequitur
746 1242 894 1275 auctor
922 1234 1220 1289 Theophanes:
1261 1234 1371 1274 hunc
1420 1234 1562 1290 quoad
1597 1249 1673 1274 an-

194 1307 346 1331 norum
379 1292 611 1344 rationem,
655 1292 836 1332 alterum
873 1291 1010 1347 quoad
1051 1291 1250 1333 historiae
1293 1291 1419 1332 fidem
1461 1291 1531 1331 lib.
1564 1290 1584 1331 1
1619 1292 1671 1332 de

191 1349 304 1389 bello
335 1349 524 1389 Persico.

306 1421 410 1461 Ibz'd.
441 1420 480 1461 8.
540 1419 733 1471 Βεσσῶν]
768 1421 877 1461 Bessi
908 1420 959 1460 ad
994 1421 1195 1461 Haemum
1223 1427 1422 1471 montem,
1454 1426 1496 1461 et
1526 1421 1672 1461 Danu-

190 1478 310 1518 bium
339 1477 501 1533 populi.
528 1477 727 1520 Ortelius.

305 1549 399 1600 227,
429 1549 468 1588 4.
537 1545 714 1589 ἱππικοῦ
749 1549 997 1605 γενομένου]
1041 1549 1235 1590 circensis
1275 1549 1342 1589 hie
1388 1555 1522 1590 motus
1563 1548 1674 1589 idem

192 1606 325 1646 videri
359 1612 510 1660 posset,
543 1606 615 1660 qui
650 1606 691 1645 in
724 1606 930 1646 chronico
952 1606 1256 1646 Alexandr.·ad
1287 1606 1486 1646 Anastasii
1521 1621 1674 1646 annum

193 1662 217 1702 7
250 1663 418 1718 legitur,
449 1663 489 1701 in
521 1676 606 1716 quo
630 1663 863 1703 Anastasius
896 1664 984 1718 ipse
1015 1663 1154 1718 lapide
1185 1677 1418 1718 percussus.
1452 1662 1590 1703 videat
1618 1663 1677 1703 le-

194 1723 305 1770 ctor,
337 1726 379 1760 et
408 1719 657 1759 sententiam
687 1719 893 1773 proferat.

305 1803 416 1842 Jhid.
440 1801 478 1842 9.
540 1802 749 1856 Κέλλωρα
771 1799 843 1843 τὸν
869 1798 1117 1856 μάγιστρον]
1149 1816 1238 1842 rem
1257 1801 1379 1842 aliter
1399 1808 1554 1858 gestam
1577 1817 1675 1842 nar-

194 1865 263 1900 rat
290 1858 524 1912 Ριοοορίυε
562 1859 721 1899 citatus.

309 1930 488 1984 229,14.
548 1929 764 1971 ἐκέλευσεν
789 1927 1095 1980 Ἀναστάσιος]
1131 1945 1176 1970 ex
1198 1931 1324 1987 Gyllii
1354 1931 1518 1985 scriptis
1555 1932 1624 1971 lib.
1650 1931 1676 1971 3

193 1989 245 2030 de
277 1987 563 2043 topographia
593 1988 671 2026 CP.
705 2002 798 2042 cap
827 1985 853 2027 6
895 1987 1119 2041 plurimam
1150 1989 1284 2028 lucem
1314 1989 1548 2042 plaesentia
1579 2003 1674 2027 rnn-

193 2053 381 2086 tuantur.

309 2130 419 2170 Ilml.
447 2129 510 2172 19.
565 2126 762 2180 Ἰωάννης
788 2125 809 2167 ὅ
840 2123 1099 2180 Νικαιώτης]
1142 2129 1316 2168 clausam
1349 2134 1472 2168 vocat
1499 2128 1673 2169 Ecchel..

192 2187 327 2238 lensis,
356 2193 397 2227 et
428 2187 699 2241 pontificatus
728 2198 856 2223 annos
888 2183 954 2236 21,
988 2183 1071 2224 dies
1104 2183 1155 2224 23
1184 2185 1349 2224 tribuit.

307 2250 816 2307 930,1.Ἀιαστᾱσιος
851 2249 1034 2315 αἰεθείς]
1081 2251 1221 2292 eadem
1261 2251 1512 2291 Theodorus
1541 2252 1673 2292 lector

194 2312 264 2351 lib.
301 2311 336 2350 2.
368 2310 443 2350 τοῦ
486 2309 532 2349 δὲ
575 2310 784 2362 βασιλέως
824 2303 930 2358 ποὸς
962 2308 1140 2359 Πέοσας
1188 2304 1373 2354 σποιόας
1402 2306 1671 2360 ποιήσαντος.

193 2375 234 2408 ct
262 2367 393 2407 infra:
438 2363 721 2411 Ἀναστάσιος
761 2364 806 2403 ὸὲ
837 2363 897 2409 εἰς
935 2360 983 2402 τὰ
1015 2361 1220 2415 πολεμικοὶ
1258 2361 1574 2415 ἀσχολούμενος
1600 2364 1674 2417 τῆς

192 2420 298 2463 κατὰ
328 2424 410 2463 τῶι
453 2419 695 2474 ὀοθοὸόξων
736 2420 950 2459 ἐπαύσατο
991 2420 1112 2469 fiii-ag
1182 2418 1303 2471 ηνίκα
1346 2419 1393 2459 δὲ
1439 2417 1595 2470 μικράν
1624 2420 1671 2459 ἐκ

190 2495 273 2519 των
303 2478 511 2528 πολεμιων
554 2471 698 2517 ἄνεσιν
728 2473 772 2515 ὲ)
778 2477 902 2527 αβεν,
932 2471 1059 2514 πάλιν
1101 2474 1204 2516 κατὰ
1235 2476 1310 2528 τῆς
1342 2474 1574 2529 ἐκκλησίας,
1601 2473 1674 2516 καί

190 2536 269 2574 τοῦ
300 2532 572 2576 Μακεδονίαν
605 2531 834 2582 ω’πλίζετο·
891 2508 964 2570 ⁹sed
993 2533 1148 2587 absque
1169 2533 1370 2586 temporis
1404 2537 1529 2570 nota·
1562 2546 1670 2586 quae

191 2592 322 2631 nihilo
354 2592 485 2631 secius
516 2605 563 2630 ex
581 2589 735 2629 Persici
766 2587 862 2628 belli
895 2589 1008 2626 annis
1030 2589 1317 2642 supexioribus
1348 2587 1546 2641 adscnipti
1577 2594 1668 2628 ter..

190 2649 306 2687 mino
357 2648 477 2686 facile
521 2646 641 2685 mnia
621 2646 748 2700 gitur.
818 2644 1013 2683 Eleusum
1056 2660 1192 2709 porro
1236 2646 1275 2685 in
1309 2644 1577 2699 Cappadocia
1604 2658 1668 2685 se-

193 2704 328 2744 cunda
364 2703 478 2743 uibis
510 2703 753 2757 episcopum
784 2708 993 2740 memorat
1022 2702 1227 2756 Euz·ig1ius
1259 2702 1332 2741 lib.
1362 2699 1388 2741 3
1419 2714 1510 2755 cap.
1542 2698 1610 2740 31.

303 2782 411 2822 Ιὸίᾱ.
453 2784 515 2826 10.
578 2779 644 2823 τὸν
674 2776 862 2832 ἔπασχον
902 2779 947 2820 ἑν
978 2783 1067 2826 ταῖς
1100 2776 1316 2830 συνάξεσι]
1345 2778 1501 2823 clarioi
1531 2777 1668 2819 Theo-
