1728 3184
209 187 311 238 454
721 198 777 239 IN
798 194 1177 240 THEOPHANEM

210 312 295 367 gati
315 310 438 377 apud
457 308 735 354 Menandrum
762 313 935 355 citatum
965 329 1057 369 pag
1088 313 1166 354 100
1198 327 1246 352 ac
1279 312 1448 353 inferius
1479 328 1576 367 pap.
1599 313 1691 354 102.

208 343 399 408 καλωδια
429 369 580 424 χρυσῶ
617 368 993 421 διαπεποικιλμένα
1034 385 1094 418 εις
1139 366 1183 409 τὸ
1216 367 1372 421 εἴργειν
1406 369 1451 410 τί
1474 369 1557 411 τῶν
1585 363 1692 410 ἄπο·

209 421 522 475 ὁιὸρασκόντων
551 424 862 480 ἐπινενοημένα.
901 428 1121 478 fictziczclos
1151 425 1342 477 (armillas
1374 427 1528 467 absone
1547 425 1694 467 reddi-

211 481 272 521 dit
304 481 528 536 interpres)
561 497 662 523 auro
680 484 900 539 mmlexos,
931 485 1073 539 quibus
1103 482 1217 538 quod
1229 483 1406 548 fluxum
1437 493 1506 535 est,
1525 497 1691 538 vagum,

211 547 253 577 et
279 539 458 578 volttans
489 539 716 580 innectztar.
777 540 899 596 quale
919 546 1113 594 togaium
1147 540 1268 591 sinus,
1301 539 1481 579 cincinni
1515 540 1694 600 capillo-

210 608 321 645 rum,
353 595 466 637 laxae
493 603 650 647 v‚estes
681 597 1026 651 ete.inte1pres
1057 597 1210 637 iteium
1241 611 1319 650 pei
1323 596 1525 636 absurde
1558 607 1600 636 ut
1629 611 1694 636 eos

208 664 240 692 a
268 665 312 692 se
345 652 395 692 d
375 652 518 718 ficere
545 654 778 708 impediret.
820 653 1029 709 Corippus
1067 654 1138 694 lib.
1176 653 1195 693 1
1229 653 1280 694 de
1323 656 1507 694 Avarum
1537 653 1694 709 capillis

209 708 403 763 prandeo
425 699 640 750 revinctis.

383 781 679 824 Colubrimodis
709 783 897 824 Abaram
933 798 1029 838 gens
1056 798 1167 824 nexa
1196 784 1370 839 capillis.

213 860 311 903 hinc
340 857 620 914 ἀκειρεκόμην
647 858 848 914 Ἀβάρων
875 859 1068 916 στρατόν.
1127 863 1324 903 intonsum
1361 862 1545 903 Abarum
1574 877 1695 904 exer.

210 920 334 959 citum
362 927 480 958 vocat
512 918 730 974 Florilegii
759 919 965 974 epigram.
999 917 1050 959 16
1081 919 1151 959 lib.
1180 916 1220 960 4.

320 990 416 1042 359,
450 991 513 1032 11.
583 990 640 1046 τιὸ
676 991 723 1033 δὲ
769 992 1052 1049 Φεβρουαοίῳ
1093 992 1226 1046 μηνί]
1269 1007 1313 1033 ex
1343 992 1544 1046 Agathiae
1570 992 1641 1032 lib.
1670 991 1696 1031 5

212 1047 288 1088 sub
322 1048 502 1088 initium.
571 1049 710 1088 eodem
742 1063 882 1100 anno,
922 1064 1017 1089 vere
1047 1052 1135 1089 iam
1179 1050 1362 1101 i,ne1mce
1393 1049 1626 1103 derepente,
1657 1057 1696 1089 et

209 1105 350 1145 icet-aco
374 1105 511 1144 urbem
534 1106 728 1160 pestilens
754 1106 912 1146 morbus
940 1107 1112 1156 invastt,
1146 1112 1224 1147 etc.
1255 1121 1339 1161 quo
1374 1106 1575 1146 nimirum
1606 1113 1698 1148 ter-

211 1176 284 1202 rae
314 1168 432 1202 motu
464 1162 564 1202 urbs
593 1176 790 1203 concussa
822 1168 895 1203 est.

323 1235 440 1278 Ibid.
475 1233 542 1275 16.
600 1236 706 1289 μηνί
744 1235 881 1292 Μαΐῳ
910 1231 1089 1291 ἑβδόμῃ]
1130 1242 1298 1277 sanctae
1327 1235 1512 1290 Sophiae
1552 1236 1698 1290 templi

212 1298 334 1332 mutu
360 1292 589 1346 superioris
629 1293 727 1332 anni
773 1294 960 1334 fissuram
991 1294 1212 1334 excitatam
1254 1293 1351 1333 dum
1384 1299 1604 1348 repararet
1635 1295 1700 1333 lu-

211 1349 440 1397 sumanus,
479 1365 525 1389 ea
567 1349 746 1404 contigit
790 1351 912 1390 ruina
944 1365 1069 1405 quam
1107 1350 1299 1391 breviter
1338 1350 1506 1404 attingit
1534 1357 1699 1400 auctor,

211 1406 338 1446 fusius
372 1405 592 1460 descripsit
623 1407 817 1462 Agathias
847 1408 947 1449 loco¹
975 1407 1118 1458 citato,
1150 1413 1192 1447 et
1221 1407 1458 1462 Procopius
1493 1408 1543 1447 de
1575 1407 1699 1447 aedif.

213 1465 310 1505 lust.
357 1462 429 1503 li.b
479 1464 522 1516 1,
568 1463 774 1518 Euagrius
806 1466 875 1508 lib.
917 1463 967 1515 4,
1011 1464 1211 1518 graphice
1246 1480 1350 1519 prae
1395 1464 1586 1504 omnibus
1629 1479 1703 1504 re-

215 1521 338 1616 ieirt
329 1520 515 1560 Codinus
543 1522 746 1575 opusculo
781 1521 967 1563 nondum
1010 1521 1125 1562 edito
1153 1520 1204 1562 de
1234 1522 1393 1577 templo
1425 1526 1589 1563 sanctae
1619 1521 1701 1561 So-

213 1591 240 1631 p
259 1592 298 1616 ιι·
302 1591 351 1617 ie.

327 1648 422 1700 360,
451 1649 489 1690 9.
548 1650 607 1705 τῶ
636 1649 676 1690 δ’
706 1649 823 1707 αὐτῷ
855 1645 937 1691 ἔτει
967 1649 1256 1704 ἐπανέστησαν
1276 1644 1444 1704 Ovium,
1474 1664 1544 1689 και
1562 1646 1701 1689 >Suni-

213 1708 300 1759 βοι]
333 1713 467 1747 totam
506 1706 726 1747 historiam
764 1691 914 1748 oidine
959 1709 1214 1762 copioseque
1263 1707 1448 1762 pertexit
1487 1707 1701 1762 Agathias,

215 1763 330 1803 cuius
360 1764 430 1803 lib.
461 1763 486 1803 5
517 1779 562 1803 ea
604 1755 737 1804 sotum
770 1779 877 1819 quae
906 1765 1119 1819 praesenti
1147 1779 1195 1804 ac
1226 1765 1448 1819 superiore
1472 1778 1581 1803 anno
1601 1778 1704 1803 con-

216 1821 344 1860 tiaxit
383 1820 685 1874 Theophanes,
718 1821 885 1875 prolixo
928 1821 1094 1862 dicendi
1138 1835 1292 1875 genere
1333 1827 1629 1874 recensentur
1663 1825 1707 1859 et

215 1878 564 1931 praecedentibus
598 1893 674 1917 ceu
719 1885 914 1932 tempore
953 1878 1147 1918 connexis
1180 1878 1480 1933 adiunguntur.
1538 1877 1706 1918 Sclavos

215 1949 352 1989 porro
385 1935 579 1988 Agathias
608 1941 733 1974 vocat
766 1935 1018 1989 Cotriguros
1049 1935 1237 1975 Hunnos.

331 2008 443 2050 Ibid.
477 2005 548 2048 14.
602 2008 680 2048 τοῦ
710 2006 878 2060 τείχους
907 2007 1273 2063 Ἀναστασιακοῦ]
1302 2009 1415 2049 muri
1444 2008 1565 2058 itlius,
1596 2009 1710 2061 longi

218 2071 517 2119 cognomento,
548 2065 600 2105 ab
646 2065 862 2105 Anastasio
904 2064 1117 2114 exstructi,
1148 2065 1265 2105 cuius
1300 2065 1534 2117 conditum,
1567 2065 1707 2119 longi-

220 2122 428 2174 tudinem,
458 2122 743 2175 munimenta,
774 2122 996 2162 utilitatem
1044 2122 1176 2162 refert
1204 2122 1411 2177 Euagrius
1458 2122 1531 2162 lib.
1558 2121 1584 2162 3
1617 2136 1707 2175 cap.

220 2178 286 2233 38,
317 2180 424 2235 orig.
457 2179 542 2224 CP.
555 2179 792 2234 Procopius
822 2178 874 2220 de
906 2178 1067 2219 aedific.
1099 2179 1313 2220 Iustiniani
1333 2180 1405 2220 lib.
1424 2177 1467 2232 4,
1494 2178 1705 2235 Agathias,

220 2243 262 2277 et
295 2237 375 2276 aiii.

334 2310 441 2352 Ibid.
500 2305 828 2365 Χιτουκὸμεως]
864 2309 1157 2351 Chetumesum
1188 2308 1593 2364 appeliatAgathias.
1611 2308 1709 2349 vide

221 2367 356 2407 varias
379 2366 592 2408 lectiones.

335 2441 443 2484 Ibid.
478 2440 540 2482 18.
599 2435 877 2493 ἑδημὸτευσε]
907 2455 954 2481 ex
983 2440 1183 2495 plebeiis,
1224 2439 1400 2491 rusticis,
1431 2444 1474 2481 et
1503 2438 1606 2480 circi
1637 2438 1705 2478 sa-

222 2498 439 2539 ctionariis
469 2498 794 2538 tumultuarium
826 2498 965 2552 coegit
995 2499 1236 2538 exercitum.

334 2581 432 2633 361,
471 2586 507 2626 1.
565 2578 726 2636 μακρὸν
747 2585 914 2634 τεῖχος]
955 2583 1292 2633 Anastasiacum,
1323 2581 1375 2622 de
1404 2596 1489 2636 quo
1528 2595 1677 2635 nuper.

337 2654 449 2697 Ibzssd
481 2655 520 2696 5.
578 2656 652 2696 τοῦ
682 2655 850 2707 τείχους
880 2656 957 2695 τοῦ
976 2654 1286 2706 Θεοδοσιακοι]
1317 2654 1428 2695 muri
1459 2670 1480 2695 a
1503 2653 1710 2694 Theodo-

223 2709 282 2750 sio
318 2713 504 2763 reparati
545 2712 597 2753 ad
649 2712 835 2768 Chrysen
877 2718 1073 2766 portam,
1120 2727 1227 2767 quae
1272 2714 1452 2752 Romam
1496 2717 1537 2752 ct
1578 2711 1707 2751 Occi-

224 2766 392 2863 dientem
422 2770 613 2825 respicit,
645 2784 727 2825 qua
757 2769 962 2812 harba'uos
1001 2770 1283 2824 expectabant
1307 2769 1565 2824 iimiuptuios
1598 2770 1709 2823 Aga-

229 2829 239 2861 t
259 2838 330 2863 nas
