1728 3184
197 168 295 224 374
712 184 768 224 m
810 181 1183 224 THEOPHANEM

195 300 386 339 vicesimo
415 292 483 338 die
502 326 515 347 ‚
545 306 662 337 noctu
703 311 730 336 a
765 297 1000 337 Troadesiis
1024 294 1248 352 porticibus
1289 310 1413 352 usque
1439 297 1500 336 ad
1522 311 1679 337 aereum

201 355 242 394 T
236 355 465 408 etranylum
484 362 548 394 sat
568 354 640 394 diu
668 354 859 404 durante,
889 355 947 393 ita
966 362 1009 393 ut
1037 367 1151 392 nemo
1177 352 1341 392 auderet
1364 353 1477 393 domi
1504 365 1679 404 manere,

194 411 265 450 sed
289 424 426 450 omnes
440 411 636 465 sugerent
661 425 704 450 ιη
737 423 949 465 campum,
978 409 1141 464 diesque
1167 417 1207 448 et
1235 417 1369 449 noctes
1390 409 1582 463 precibus
1611 411 1677 448 in-

193 467 424 507 tenderent.
455 476 493 506 et
532 467 618 522 ipse
650 467 870 522 imperator
908 479 997 506 cum
1024 473 1185 514 senatu,
1221 474 1260 504 et
1283 466 1448 520 populo,
1491 464 1680 519 cleroque

194 523 324 563 nudus
349 523 472 577 pedes
514 523 651 562 multis
683 522 874 578 precibus
916 521 1037 561 deum.
1080 522 1182 560 votis
1214 521 1485 576 prop1tiabat.
1541 521 1679 586 ingens

193 581 304 618 enim
336 588 483 629 terror,
515 579 652 644 qualis
694 591 900 633 nunquam
922 579 1085 630 suerat,
1117 591 1251 617 omnes
1272 576 1524 642 perculerat.
1579 578 1676 632 qui-

193 635 294 675 dam
325 633 596 701 affirmabant
625 635 735 687 ignes
760 649 801 674 se
829 634 873 673 in
896 634 1006 674 caelo
1036 634 1195 673 vidisse.
1253 633 1358 673 unde
1387 634 1677 674 anniversaria

194 705 392 731 memoruz
416 705 584 757 precum
614 691 841 731 celebratur
865 691 986 730 etiam
1011 689 1162 730 hodze'
1145 703 1189 730 ιιι
1215 703 1384 745 campo,
1414 690 1474 729 ad
1498 688 1570 729 dei
1593 690 1673 728 cle-

192 748 384 787 mentium
414 750 456 787 in
481 762 606 801 genus
633 747 837 787 hominum
868 747 1139 788 laudandam.
1199 744 1501 799 menologium.
1513 743 1579 809 ωτῇ
1620 742 1676 784 κε’

192 798 330 859 ἧμέρα
370 804 663 867 Σεπτεμβρίου
705 801 777 843 ε’πί
807 802 881 854 τῆς
922 803 1146 853 βασιλείας
1181 775 1414 842 Θεοδοσίου
1454 799 1533 841 τοῦ
1563 800 1675 851 νέου,

193 858 337 913 γέγονε
367 856 544 910 σεισμὸς
574 856 778 911 φοβερός·
836 855 910 898 καί
939 855 1010 897 διὰ
1032 857 1155 896 τοῦτο
1175 857 1252 897 τοῦ
1279 857 1389 897 λαοῦ
1415 853 1568 904 παντὸς
1594 871 1677 897 συν

194 914 252 969 τῶ
283 917 460 967 βασιλεῖ
488 914 713 969 emanatio,
741 913 816 954 καί
841 911 1024 979 Πρόκλῳ
1054 913 1113 969 τῶ
1140 910 1398 968 πατριάρχη,
1426 910 1533 965 μετὰ
1565 927 1677 953 παν-

193 970 262 1019 τὸς
290 971 366 1011 τοῦ
403 985 479 1023 της
509 970 730 1035 ἐκκλησίας
771 952 1099 1036 πληρώματος,
1121 968 1196 1008 καί
1231 968 1370 1022 πάσης
1382 970 1481 1035 τῆς
1513 967 1675 1016 πόλεως

194 1023 275 1077 ἔξω
307 1023 614 1067 λιτανευόντων
647 1022 717 1065 διὰ
746 1022 819 1066 τὸν
848 1022 984 1080 φόβον
1013 1024 1058 1064 ἐν
1090 1026 1148 1078 τῷ
1178 1038 1346 1081 καμπῳ,
1375 1018 1458 1091 ηδη
1488 1024 1561 1078 τῆς
1591 1024 1675 1065 τῶν

197 1083 511 1135 Θεοπασχητων
554 1081 755 1134 αιρέσεως
795 1082 839 1131 ἐξ
871 1081 1066 1133 ἐπερειάς
1110 1064 1321 1131 διαβόλου
1337 1078 1476 1148 ςἀρχὴν
1506 1083 1673 1132 λαμβα-

192 1136 359 1205 νούσης,
389 1153 459 1178 και
490 1137 548 1194 τῶ
576 1136 777 1193 τρισαγίῳ
803 1134 868 1186 τό,
901 1135 921 1176 ὁ
954 1136 1220 1187 σταυρωθεις
1237 1135 1296 1176 δι’
1322 1133 1466 1205 ἡμᾶς,
1476 1139 1672 1206 βλασφη-

191 1192 408 1248 μοὺντων·
468 1178 671 1247 εξαιφνῆς
698 1194 880 1247 παιδίον,
910 1194 970 1241 εἰς
992 1189 1066 1233 τὸν
1075 1193 1201 1275 γαῖέρα
1220 1191 1410 1260 ἁρπαγὲν
1438 1191 1673 1263 ἀνεφέρετο

191 1251 358 1292 πάντων
388 1250 432 1290 ὲν
461 1248 677 1302 ἐκπλήξει,
721 1266 791 1290 και
828 1249 950 1307 φόβῳ
989 1245 1228 1315 κραζόντων
1267 1247 1339 1288 ἐπὶ
1369 1247 1525 1296 πολλὰς
1558 1246 1673 1302 ω’ρας

191 1306 253 1360 τό,
286 1305 407 1359 κύριε
440 1306 635 1358 ἐλέησον·
711 1300 841 1354 αὖθις
872 1291 1113 1372 κατηνέχθη
1143 1303 1190 1345 τὸ
1225 1305 1395 1345 παιδίον
1426 1304 1483 1352 ὥς
1512 1302 1583 1345 ini
1607 1319 1674 1345 νε-

194 1364 325 1418 φελης
342 1341 603 1416 καθήμενον,
633 1377 704 1402 και
723 1364 846 1427 φωνῇ
873 1359 1033 1428 μεγάλη
1066 1358 1418 1429 παρεκελεύσατο,
1450 1358 1514 1402 ότι
1533 1359 1572 1401 οἱ
1590 1361 1673 1402 τῶν

194 1419 469 1485 α’ρχαγγέλων
485 1417 612 1471 χοροὶ
631 1414 732 1458 α’νευ
763 1418 835 1471 τῆς
862 1416 1105 1473 προσθήκης
1133 1417 1225 1468 τοῦ,
1253 1415 1275 1456 ὅ
1296 1418 1584 1486 σταυρωθείς,
1604 1414 1674 1458 τὸν

194 1474 428 1541 τρισιίγιον
430 1470 573 1540 ν’μνον
604 1473 900 1539 οἷναπὲμπουσι
927 1476 983 1515 τσῦ
1001 1475 1120 1543 3⁶19·
1197 1470 1315 1526 ἅγιος
1344 1488 1364 1513 ο
1400 1471 1520 1526 θεός,
1556 1470 1674 1527 ἅγιος

195 1528 382 1598 ισχυρός,
412 1545 527 1583 αγιος
558 1526 772 1579 α’θάνατος
790 1516 970 1584 ἐλέησον
990 1515 1113 1583 ἡμᾶς.
1173 1531 1246 1570 καί
1275 1529 1438 1577 εὐθέως
1464 1545 1558 1577 ταις
1585 1544 1674 1571 τοι-

196 1584 350 1635 αύταις
379 1591 544 1652 φωναῖς
576 1585 767 1626 α’πὲδωκε
797 1586 872 1637 τὴν
898 1584 1046 1640 ψυχὴν
1074 1602 1130 1643 τῳ
1161 1586 1265 1643 θεῳ.
1324 1601 1396 1626 και
1428 1601 1448 1626 ο
1480 1587 1557 1629 τοῦ
1584 1600 1672 1627 σει-

193 1644 307 1693 σμοῦ
340 1639 480 1689 κλόνος
513 1639 745 1682 ἐπαύσατο
807 1644 879 1683 die
910 1644 961 1683 25
989 1628 1249 1699 Septembris,
1278 1646 1502 1700 imperante
1537 1645 1671 1683 Theo-

192 1701 304 1740 dosio
333 1701 504 1750 iuniore,
535 1700 692 1739 accidit
718 1701 927 1741 horribilis
965 1709 1095 1739 terrae
1127 1709 1253 1740 motus
1269 1716 1282 1740 .·
1310 1715 1387 1756 quo
1398 1702 1571 1752 factum
1600 1709 1669 1751 est,

193 1766 239 1796 ut
264 1766 366 1796 totus
398 1756 572 1811 populus
624 1770 714 1795 cum
756 1757 1005 1811 imperatore
1052 1757 1300 1808 Theodosio,
1338 1766 1379 1796 et
1414 1758 1673 1811 patriarcha

193 1813 360 1862 Proclo,
393 1826 445 1851 ac
471 1813 658 1851 universo
687 1812 880 1852 ecclesiae
897 1821 1020 1863 coetu,
1047 1822 1129 1852 tota
1145 1813 1240 1852 urbe
1269 1813 1435 1864 exierit,
1459 1814 1503 1852 in
1527 1813 1668 1863 locum,

191 1869 262 1924 qui
289 1868 444 1908 dicitur
467 1882 654 1923 campus,
683 1869 742 1908 ad
776 1869 978 1909 orandum
1002 1883 1105 1924 prae
1134 1871 1287 1909 timore.
1345 1870 1431 1909 iam
1481 1870 1670 1925 Theopa-

191 1926 409 1964 schitarum
438 1926 620 1963 haeresis
647 1939 703 1963 ex
729 1926 893 1966 diaboli
920 1934 1008 1965 astu
1037 1926 1226 1965 sumebat
1252 1925 1493 1976 initiunz‚'et
1521 1927 1669 1977 hymno

191 1981 358 2034 trisagio
398 1994 487 2020 cum
538 1981 796 2037 blasphemia
836 1981 1064 2022 addebant:
1109 1981 1183 2036 qui
1218 1982 1440 2021 crucifixus
1487 1989 1548 2022 est
1585 1996 1667 2035 pro

193 2036 326 2079 nobis.
386 2037 590 2099 extemplo
617 2052 722 2091 puer
747 2039 791 2077 in
820 2053 953 2078 aerem
983 2047 1123 2094 raptus
1150 2038 1365 2089 volitabat,
1394 2039 1670 2079 clamantibus

191 2095 341 2134 cunctis
366 2107 475 2147 prae
503 2093 661 2144 timore,
691 2102 729 2132 et
749 2103 909 2149 stupore
933 2109 1014 2150 per
1039 2094 1189 2134 multas
1209 2095 1358 2134 horas:
1391 2095 1559 2135 domine
1590 2095 1669 2133 rni-

192 2164 345 2191 serere.
422 2158 580 2205 repente
614 2150 817 2190 descendit
846 2165 953 2206 puer
970 2151 1145 2206 perinde
1190 2165 1240 2190 ac
1282 2152 1379 2190 nubi
1403 2151 1596 2200 msidens,
1631 2159 1671 2190 et

191 2221 342 2261 magna
379 2221 473 2246 voce
513 2206 767 2247 admonebat
805 2207 862 2247 ab
904 2208 1236 2261 archangelorum
1282 2209 1415 2247 choris
1453 2209 1671 2262 trisagium

191 2264 306 2302 illum
338 2264 525 2316 hymnum
547 2263 622 2302 deo
654 2264 856 2315 concinni,
886 2265 969 2303 sine
999 2265 1071 2304 illo
1099 2265 1387 2315 additamento,
1422 2265 1494 2319 qui
1526 2263 1671 2303 cruci-

194 2320 296 2359 fixus
328 2326 400 2362 est.
456 2319 529 2359 sed
557 2320 636 2358 ita.-
672 2325 812 2360 sancte
844 2320 968 2368 dem,
1000 2326 1142 2361 sancte
1172 2321 1309 2370 fortis,
1342 2328 1483 2361 sancte
1515 2326 1557 2361 et
1588 2320 1671 2359 im-

191 2375 403 2425 mortalis,
434 2375 631 2415 miserere
670 2375 804 2416 nobis.
860 2386 898 2416 et
923 2377 1039 2418 illico
1079 2393 1168 2417 cum
1195 2378 1258 2417 lzis
1288 2378 1455 2419 vocibus
1483 2378 1672 2418 animam

191 2433 265 2472 cleo
293 2433 485 2483 reddidit,
518 2441 556 2471 et
581 2432 657 2471 illa
683 2440 812 2472 terrae
856 2434 1028 2487 agitatio
1069 2435 1234 2490 quievit.
1295 2434 1548 2475 Contiaenus
1579 2433 1670 2486 epi-

190 2503 340 2542 scopus
369 2488 720 2529 Herculianarum
750 2490 867 2542 epist.
897 2489 948 2529 ad
984 2490 1160 2530 Petrum
1192 2489 1438 2543 episcopum
1471 2490 1669 2532 Antioch

189 2546 340 2585 concil.
373 2546 454 2585 CP.
483 2546 559 2585 sub
593 2546 715 2584 Mena
749 2551 829 2584 act.
867 2545 886 2584 1
932 2547 1106 2587 eandem
1136 2548 1269 2587 1efert
1300 2546 1532 2596 historiam,
1561 2560 1669 2600 pue-

191 2616 371 2655 rumque
402 2602 443 2641 in
477 2608 611 2642 terras
644 2600 859 2666 delapsum
886 2616 993 2653 μετα
1023 2602 1205 2655 τρίωρον
1236 2603 1388 2656 στῆναι
1416 2602 1461 2643 ἐν
1489 2617 1545 2657 τῳ
1573 2616 1668 2654 τρι.-

187 2656 400 2713 βουναλίῳ
432 2673 548 2711 παρα
587 2671 688 2724 τους
715 2655 852 2704 πόδας
891 2658 967 2698 τοῦ
999 2657 1228 2708 Πρόκλου·
1302 2659 1412 2698 ultra
1452 2668 1528 2699 tres
1551 2660 1670 2698 horas

190 2713 254 2752 acl
280 2698 420 2753 Procli
451 2715 575 2768 pedes
618 2716 663 2754 in
703 2715 837 2768 cimpi
878 2715 1099 2755 tribunalzo
1141 2715 1299 2756 orantis
1328 2717 1475 2755 stetisse
1504 2720 1662 2754 narrat.

190 2769 362 2809 Aeacius
393 2770 473 2811 ΕΡ.
517 2770 569 2813 ud
609 2770 787 2813 cundem
815 2771 989 2813 Petrum
1022 2771 1074 2812 ad
1104 2772 1273 2815 tertiam
1318 2772 1423 2813 caeli
1452 2772 1665 2828 regionem
