1768 3268
266 203 358 251 196
458 209 736 266 ANASTASH
782 208 1039 252 HISTORIA
1080 204 1495 250 ECCLESIASTICA

261 333 398 366 autem
425 324 557 365 classis
588 331 828 365 moraretur
855 330 897 364 et
915 323 1116 379 suggestio
1145 322 1256 362 nulla
1284 319 1458 369 veniret,
1490 316 1613 357 sensit
1643 318 1714 357 Iu-

260 382 455 421 stinianus
485 395 662 428 causam,
695 381 949 435 sumptisque
977 395 1114 420 secum
1139 377 1197 418 his
1228 377 1297 430 qui
1328 381 1448 415 erant
1472 372 1646 423 obsicii,
1674 377 1716 411 et

260 445 382 493 parte
415 437 792 486 Thracesiensium‚
823 435 1005 476 ascendit
1044 449 1170 489 usque
1202 433 1402 486 Sinopem
1439 429 1491 470 ad
1522 427 1715 469 discenda

261 509 367 548 quae
397 493 629 534 Chersonae
660 494 824 533 fuerant
854 498 973 547 gesta.
1034 504 1211 544 cumque
1237 488 1475 528 intueretur
1496 485 1716 526 interiores

261 556 414 604 partes,
442 549 556 589 videt
583 549 747 589 classem
777 548 827 588 ad
865 548 1010 588 urbem
1039 546 1127 586 vela
1161 550 1409 594 moventem,
1439 542 1717 595 frendensque

263 612 310 645 ut
338 606 418 656 leo,
448 612 490 645 et
517 605 604 658 ipse
632 605 684 644 ad
714 605 857 644 urbem
888 616 1139 651 reversuruS,
1163 600 1366 654 impetum
1399 596 1713 639 demonstravit.

262 676 409 702 verum
433 660 666 715 Philippico
697 659 964 715 perveniente
989 659 1074 710 ipse
1098 656 1150 696 ad
1168 655 1421 696 Damastrim
1446 655 1612 695 veniens
1641 667 1716 692 ca-

262 725 347 757 stra
378 722 552 757 metatus
581 722 652 759 est.
711 721 752 755 at
780 729 880 754 vero
899 710 1151 767 Philippicus
1173 712 1374 752 continuo
1406 710 1537 752 mittit
1564 713 1714 749 contra

260 773 479 814 Tiberium
512 771 678 827 quidem
700 773 889 811 Maurum
934 769 1156 823 patricium
1193 782 1288 808 cum
1316 769 1473 808 Ioanne
1500 764 1714 820 spathario

263 835 541 880 cognomento
573 827 772 876 Strutho,
814 826 970 866 Heliam
1004 839 1101 865 vcro
1134 824 1322 865 similiter
1350 839 1446 864 cum
1479 822 1716 862 incursione

261 885 430 925 militari
470 890 618 923 contra
647 882 912 922 Iustinianum
959 882 998 920 in
1032 880 1296 930 Damastrim,
1326 881 1561 934 iterumque
1590 877 1716 917 alium

262 948 411 981 contra
429 939 770 987 Barisbacurium‚
804 939 874 992 qui
896 938 988 992 fuga
1012 938 1146 977 fuerat
1167 951 1272 977 usus.
1293 942 1335 976 et
1351 938 1520 977 Maurus
1542 934 1712 989 quidem

263 1011 344 1036 una
375 1011 469 1036 cum
493 996 571 1035 iam
588 995 699 1035 dicto
717 994 892 1034 Strutho
918 1008 1009 1033 cum
1028 993 1078 1033 ad
1096 992 1337 1033 Blachernas
1365 993 1540 1046 abiisset,
1561 989 1718 1030 invenit

262 1053 478 1093 Tiberium
517 1051 645 1091 altera
678 1055 888 1090 tenentem
918 1065 1042 1089 manu
1070 1049 1328 1089 columellam
1358 1054 1523 1089 sanctae
1553 1060 1718 1087 mensae

263 1109 331 1149 dei
357 1107 565 1162 genitricis
587 1106 724 1146 altaris
747 1111 788 1145 et
812 1105 940 1146 altera
969 1106 1152 1159 pretiosa
1183 1105 1304 1159 ligna,
1334 1111 1375 1145 et
1399 1106 1439 1144 in
1468 1104 1577 1144 collo
1608 1102 1716 1156 phy-

262 1164 393 1215 lacta,
437 1169 548 1204 extra
590 1161 773 1203 tribunal
813 1167 951 1202 autem
994 1161 1241 1202 residentem
1271 1161 1551 1209 Anastasiam,
1584 1158 1715 1213 patris

262 1221 345 1260 eius
377 1225 576 1269 matrem,
617 1232 723 1273 quae
760 1218 894 1257 Mauri
937 1218 1112 1271 pedibus
1156 1217 1382 1272 provoluta
1420 1216 1634 1272 flagitabat
1666 1229 1717 1254 ne

260 1290 355 1315 suus
388 1274 649 1315 occideretur
687 1287 814 1327 nepos
863 1274 1083 1323 Tiberius,
1117 1280 1264 1329 utpote
1305 1274 1378 1329 qui
1409 1273 1511 1313 nihil
1539 1277 1717 1328 gesserat

126 1352 162 1387 p.
177 1339 244 1374 583
260 1346 450 1385 pravum.
520 1344 697 1384 cumque
736 1329 803 1370 illa
842 1331 965 1384 pedes
1010 1331 1094 1371 cius
1136 1335 1299 1371 teneret
1340 1337 1382 1370 et
1411 1345 1504 1370 cum
1537 1327 1718 1369 lacrimis

255 1388 521 1440 supplicaret,
555 1386 754 1440 ingressus
782 1392 841 1426 est
871 1386 1067 1427 Struthus
1098 1388 1207 1427 intra
1237 1387 1435 1438 tribunal,
1469 1390 1511 1426 et
1539 1386 1579 1425 vi
1609 1384 1717 1424 arri-

255 1446 348 1497 puit
379 1443 515 1493 illum,
562 1449 603 1482 et
633 1443 816 1496 pretiosa
860 1442 1028 1497 quidem
1070 1444 1178 1496 ligna
1221 1444 1272 1483 ab
1313 1457 1363 1483 eo
1399 1442 1559 1484 sublata
1591 1455 1718 1494 supra

255 1515 433 1540 mensam
461 1498 612 1553 posuit,
641 1498 833 1554 phylacta
864 1513 964 1539 vero
996 1500 1036 1539 in
1057 1495 1166 1540 collo
1193 1514 1268 1540 suo
1295 1499 1524 1553 suspendit.
1581 1511 1718 1552 puero

256 1562 392 1595 autem
423 1556 531 1594 foras
562 1554 712 1594 educto
743 1562 868 1609 atque
888 1555 1109 1609 dispoliato
1139 1570 1349 1610 supraque
1371 1556 1492 1595 limen
1525 1566 1717 1608 expanso,

256 1618 402 1666 guttur
426 1612 509 1651 eius
539 1610 664 1650 instar
693 1611 779 1650 ovis
809 1618 1015 1662 secarunt,
1047 1620 1089 1653 et
1118 1608 1230 1652 hunc
1254 1613 1295 1651 in
1317 1612 1474 1666 templo
1496 1611 1719 1654 SS.Anar-

256 1682 471 1721 gyrorum,
506 1667 620 1721 quod
639 1667 835 1708 Paulinae
865 1675 1056 1720 vocatur,
1086 1669 1250 1723 sepeliri
1279 1668 1544 1708 mandarunt.
1603 1680 1719 1706 com-

255 1723 479 1776 prehensus
510 1737 609 1762 vero
644 1729 860 1776 praeterea
905 1730 946 1764 et
973 1725 1298 1775 Barisbacurius‚
1325 1726 1485 1778 primus
1516 1722 1718 1777 patricius

255 1784 297 1819 et
326 1793 460 1818 comes
502 1778 685 1833 obsequii
710 1812 719 1828 ‚
766 1780 1035 1835 interemptus
1066 1788 1139 1822 est.
1197 1795 1332 1836 porro
1363 1781 1480 1822 Helia
1513 1794 1594 1819 una
1624 1793 1719 1819 cum

255 1848 304 1874 eo
339 1834 410 1889 qui
439 1842 576 1875 secum
605 1841 695 1874 erat
736 1837 977 1878 ascendente
1012 1839 1052 1878 in
1081 1833 1332 1888 Dama‘strim
1360 1843 1402 1877 et
1431 1836 1482 1877 ad
1508 1848 1718 1876 sermones

253 1904 348 1953 cum
376 1903 426 1930 eo
458 1891 528 1945 qui
562 1891 643 1930 illic
675 1900 762 1931 erat
793 1894 977 1933 exercitu
1010 1896 1214 1945 veniente,
1242 1894 1503 1948 verbumque
1533 1891 1717 1946 impuni-

253 1950 347 1984 tatis
375 1947 532 2009 populo
564 1947 633 2001 qui
668 1955 756 1988 erat
798 1963 892 1988 cum
920 1951 1147 1991 Iustiniano
1192 1950 1437 2004 praebente,
1468 1947 1715 2004 sequestrati

253 2008 349 2041 sunt
377 2002 557 2042 universi
601 2010 642 2042 et
671 2003 939 2045 discesserunt
968 2022 990 2046 a
1029 2007 1269 2060 lastiniam,
1298 2006 1431 2046 solum
1461 2005 1572 2045 hunc
1600 2004 1717 2044 dese-

254 2064 390 2122 rentes
433 2063 474 2097 et
506 2057 556 2097 ad
585 2065 721 2112 partes
752 2061 973 2116 Philippici
1017 2064 1286 2104 confluentes.
1347 2070 1450 2104 tunc
1479 2061 1719 2116 praedictus

254 2113 389 2177 Helias
418 2113 649 2167 spatharius
681 2117 827 2157 furore
856 2133 1040 2171 currens,
1071 2120 1179 2160 collo
1209 2120 1294 2160 eius
1326 2118 1601 2174 apprehenso,
1633 2131 1718 2171 pu-

252 2183 387 2222 gione,
417 2183 499 2223 quo
521 2176 611 2210 erat
641 2172 856 2221 accinctus,
888 2178 1118 2229 amputavit
1145 2182 1271 2230 caput
1295 2176 1430 2230 ipsiuS,
1462 2181 1502 2215 et
1529 2188 1608 2228 per
1627 2175 1716 2213 Ro..

122 2230 418 2279 p.584manum
447 2226 704 2280 spatharium
734 2229 785 2267 ad
803 2229 1084 2284 Philippicum
1116 2233 1240 2272 misit.
1301 2227 1344 2271 a't
1374 2246 1474 2272 vero
1504 2229 1716 2284 Philippi„

252 2295 320 2320 cus
351 2295 428 2335 per
457 2283 634 2322 eundem
662 2285 918 2337 spatharium
939 2287 1019 2329 hoc
1049 2289 1101 2330 ad
1116 2288 1405 2330 Occidentales
1428 2293 1566 2343 partes
1589 2299 1717 2340 usque

251 2338 425 2377 Romam
455 2338 692 2379 transmisit.

252 2459 261 2468 .
357 2405 583 2469 Praeterea
621 2406 861 2461 priusquam
899 2410 1126 2464 imperaret
1163 2418 1255 2453 crat
1298 2412 1468 2467 quidam
1514 2409 1715 2449 inclausus

250 2474 290 2498 ln
324 2467 577 2513 monasterio
609 2462 829 2503 Callistrati
858 2468 1076 2518 praevisor
1118 2474 1159 2508 et
1188 2469 1437 2519 haereticus,
1467 2466 1539 2522 qui
1574 2480 1717 2504 ascen..

248 2514 364 2580 denti
410 2516 461 2556 ad
489 2532 530 2558 se
559 2517 796 2573 Philippico
839 2520 938 2560 dixit
966 2524 1221 2578 “imperium
1250 2532 1310 2566 est
1341 2525 1417 2565 tibi
1444 2522 1715 2576 repositum.''

252 2577 293 2610 at
322 2573 389 2612 ille
419 2574 607 2614 turbatus
637 2580 707 2614 est.
740 2582 780 2615 et
797 2576 853 2615 aii.
884 2577 1083 2619 inclausus
1113 2582 1170 2621 “si
1205 2582 1302 2622 deus
1333 2581 1462 2631 iubet,
1493 2586 1541 2618 tu
1568 2592 1716 2632 quam-

251 2628 399 2689 obrem
428 2630 707 2670 contradicis?
767 2631 847 2671 hoc
870 2639 1007 2674 autem
1037 2636 1128 2675 dico
1151 2638 1239 2688 tibi,
1271 2637 1369 2692 quia
1396 2640 1507 2677 sexta
1535 2633 1715 2690 synodus

250 2684 356 2747 rnalc
385 2685 491 2724 sacta
521 2692 595 2726 est.
663 2686 695 2726 si
737 2702 838 2741 ergo
884 2689 1162 2744 imperaveris,
1204 2693 1312 2733 hanc
1346 2693 1524 2746 proiice,
1558 2697 1600 2730 et
1629 2689 1718 2730 effi..

252 2745 387 2779 cietur
418 2742 638 2795 imperium
668 2743 743 2783 tibi
779 2745 892 2784 forte
924 2752 1048 2800 atque
1075 2747 1361 2803 longaevum‚”
1420 2747 1493 2803 qui
1525 2761 1620 2786 cum
1652 2743 1718 2784 ih..

253 2801 441 2836 ramento
475 2798 703 2851 spopondit
742 2799 778 2839 ei
820 2814 861 2841 se
880 2800 962 2841 hoc
994 2802 1215 2845 facturum.
1245 2820 1339 2846 cum
1367 2811 1506 2846 autem
1519 2801 1715 2843 Leontius
