1768 3268
530 213 602 257 Ex
633 211 982 257 'rumenam
1219 240 1222 244 -
1416 209 1478 256 91

10 327 492 384 latetur‚·fidiuctamq110
528 334 691 370 tantam
722 328 835 384 apud
880 329 1179 383 imperatorem
1218 328 1394 370 baberet
1437 334 1485 370 ut

9 387 135 428 etiam
164 386 365 428 Severum
394 386 665 441 praeciperet
683 386 837 427 eiiciet
866 386 1072 427 interimi:
1104 386 1220 424 nimis
1251 386 1363 426 enim
1391 391 1486 426 crat

10 441 270 484 orthodoxus
282 443 528 486 Vitalianus.
586 457 673 498 quo
705 442 850 484 audito
878 444 1056 484 Severus
1087 442 1205 496 sugit,
1237 450 1280 483 et
1305 443 1489 483 Iulianus·

9 499 527 555 Alicarnassiepiscopus.
593 501 832 555 Aegyptum
869 501 1080 550 abeuntes,
1111 498 1219 538 banc
1251 500 1512 540 conturba-⁴

8 563 197 609 verunt,
214 571 451 598 sermonem
487 557 540 598 de
566 556 840 612 corruptibili
878 563 921 598 et
948 556 1264 610 incorruptibili
1292 571 1486 597 commoa

10 619 172 664 ventes&
194 613 294 655 dum
325 613 599 655 Alexandriae
612 613 843 655 Dioscorus
872 619 976 656 esset
1000 614 1237 668 episcopus.
1297 612 1485 667 episcopi

10 677 150 721 autem
178 675 221 710 et
248 670 392 712 clerici
421 671 598 711 Romam
626 671 865 723 venientes,
895 670 1147 711 auctoritate
1176 670 1227 710 ab
1259 669 1486 710 Hormisda

9 729 200 768 Romano
231 727 430 782 episcopo
459 728 598 768 studio
628 727 829 768 Vitaliani
859 734 1085 782 percepta,
1113 741 1208 767 cum
1249 726 1387 769 adhuc
1418 726 1485 766 vi-
1497 732 1620 777 p.255

10 789 129 824 veret
160 785 332 825 loannes
364 784 592 839 Cappadox
620 784 839 839 episcopus
855 783 1357 838 Constantinopolitanus,
1388 797 1485 823 san..

8 846 130 886 ctam*
159 839 539 882 chalcedonensem
583 840 790 897 synodum
828 841 871 881 in
915 840 1123 896 diptychis
1164 840 1486 891 ordinaverunt,

11 911 94 937 una
123 911 222 939 cum
248 897 337 941 aliis
363 899 489 939 sacris
520 899 653 939 tribus
683 898 882 938 conciliis.
940 913 1035 939 cum
1060 912 1162 938 vcro
1193 899 1371 939 Severus
1402 897 1485 937 im.

8 954 226 1009 pius-,fuga
258 953 392 1009 lapsus
420 960 525 996 esset
551 955 742 1007 effectus,
770 955 925 995 Paulus
953 961 1219 996 consecratus
1247 960 1307 994 est
1335 953 1491 995 Antio-.

8 1009 141 1063 chiae,
171 1016 216 1052 et
243 1010 417 1052 donavit
439 1011 678 1067 imperator
712 1012 872 1052 civitati
902 1012 1187 1052 Antioclienae
1214 1010 1326 1051 mille
1358 1011 1486 1050 libras

8 1067 118 1107 auri.
173 1067 245 1109 sed
275 1073 318 1111 et
343 1068 493 1109 ceteris
523 1069 698 1109 urbibus
729 1068 1064 1110 benevolentiam
1102 1068 1340 1122 praestitit,
1372 1067 1485 1107 inhi-

8 1124 110 1164 bens
172 1138 313 1179 noque
341 1130 387 1166 et
415 1125 601 1179 publicas
623 1125 978 1180 perturbationes.
1037 1126 1240 1166 Xeuaiam
1259 1139 1379 1175 vero,
1411 1124 1488 1178 qui

9 1187 51 1221 et
81 1179 158 1220 Phi
177 1195 332 1223 oxenus
360 1180 593 1233 dicebatur,
623 1182 867 1236 episcopum
885 1182 1131 1236 Ierapole05‚
1156 1197 1251 1222 cuin
1270 1187 1374 1222 esset
1392 1183 1486 1220 Ma-

9 1237 218 1287 nichae-is,
243 1244 288 1278 et
311 1237 487 1279 Petrum
518 1239 718 1293 Apamiae
759 1254 856 1280 cum
890 1239 1082 1279 omnibus
1128 1239 1254 1293 ipsius
1297 1236 1486 1279 maculae

10 1293 286 1348 participibus
329 1293 450 1335 exilio
481 1295 698 1350 relegavit.
772 1296 987 1336 revocavit
1017 1301 1157 1336 autem
1186 1310 1328 1336 omnes
1358 1301 1485 1350 quot-

8 1356 116 1404 quot
145 1350 293 1391 iniuste
321 1351 490 1392 fuerant
527 1353 579 1393 ab
610 1353 821 1392 Anastasio
871 1353 1004 1393 exules
1048 1351 1279 1393 constituti.
1337 1350 1409 1392 sed
1443 1353 1625 1399 etp-256

7 1409 245 1462 Appionem
271 1407 524 1462 patricium,
552 1423 676 1464 quem
709 1409 749 1448 in
777 1408 958 1449 Nicaena
987 1409 1156 1452 civitate
1184 1409 1226 1449 iu
1260 1408 1485 1464 presbyte-

8 1479 103 1504 rum
131 1470 478 1516 consecraverat,
514 1480 725 1521 quemque
752 1466 1010 1520 imperator,
1043 1472 1090 1506 ut
1117 1480 1264 1507 revera
1293 1465 1483 1519 pruden-

7 1527 106 1572 tem,
134 1520 398 1575 praefectum
430 1521 529 1563 fecit
565 1521 896 1576 praetoriorum.
965 1523 1159 1578 sequenti
1204 1527 1342 1563 autem
1373 1535 1482 1561 anuo

11 1578 166 1618 Ioanne
196 1576 488 1632 Cappadociae
528 1578 1000 1633 Constantinopolitano
1025 1581 1226 1634 episcopo
1271 1577 1487 1630 defuncto,

7 1633 264 1688 Epiphanius
292 1635 515 1692 presbyter
544 1635 669 1690 ipsius
700 1635 895 1676 ecclesiae
925 1643 1053 1692 atque
1081 1636 1284 1692 syncellus
1313 1650 1487 1690 promo-

9 1697 75 1731 tus
107 1695 188 1740 est;
218 1691 411 1732 similiter
437 1696 482 1733 'et
514 1692 740 1734 Hormisda
782 1695 977 1734 Romano
1028 1693 1269 1735 dormiente
1313 1694 1488 1733 loannes

8 1747 297 1802 episcopatum
328 1749 521 1804 suscepit.

120 1815 270 1856 Tertio
305 1817 448 1858 Iustini
488 1814 693 1873 principis
723 1833 864 1870 anno,
893 1817 1006 1858 bello
1036 1822 1156 1858 moto
1189 1817 1301 1858 inter
1327 1817 1488 1857 Roma-

7 1885 83 1912 nos
110 1878 154 1912 et
184 1872 344 1925 Persas,
373 1874 483 1915 misit
513 1873 622 1915 idem
647 1875 823 1916 Iustinus
852 1875 1011 1930 legatos
1041 1879 1084 1915 et
1114 1888 1289 1915 munera
1322 1873 1375 1914 ad
1407 1874 1488 1915 Ze-

10 1927 146 1969 licben
177 1944 319 1985 regem
354 1931 631 1980 Hunnorum;
670 1937 712 1974 et
746 1932 989 1986 repromisit
1031 1946 1127 1971 cum
1168 1929 1411 1972 iuramentis
1444 1946 1487 1972 sc

10 1985 259 2039 imperatori
293 1994 444 2028 contra
473 1987 618 2029 Persas
659 1988 855 2030 auxilium
894 1994 1221 2044 praestaturum.
1292 1988 1488 2029 mittente

6 2049 147 2082 autem
176 2049 220 2083 et
248 2042 417 2086 cabade
450 2045 694 2099 repromisit
721 2053 764 2086 et
790 2045 880 2101 ipsi.
947 2045 1031 2086 hoc
1058 2059 1155 2086 sane
1184 2045 1364 2086 Iustinus
1395 2044 1487 2085 edi-

8 2113 122 2139 scens
147 2099 334 2141 tristatus
363 2107 424 2142 est
452 2101 586 2142 valde.
661 2116 797 2157 porro
844 2102 997 2143 direxit
1037 2101 1090 2142 ad
1131 2102 1274 2142 Persas
1301 2101 1487 2142 Zelicbes

7 2155 155 2210 viginti
189 2156 304 2197 milia
335 2156 387 2198 ad
432 2159 751 2214 expugnandum
795 2160 1017 2199 Romanos·
1092 2165 1136 2199 at
1173 2173 1277 2199 vero
1309 2158 1487 2199 Iustinus

8 2212 230 2253 destinavit
272 2214 428 2255 Cabadi
464 2216 554 2256 reni
598 2217 824 2257 Persarum
862 2216 1112 2271 legationem
1158 2229 1240 2270 pro
1282 2230 1414 2271 pace,
1445 2220 1488 2255 et

9 2269 126 2323 quasi
147 2284 274 2324 super
303 2270 384 2310 alio
417 2246 601 2327 quodam
628 2273 812 2314 scribens
841 2273 965 2314 etiam
998 2271 1050 2313 de
1079 2273 1247 2314 Zelicbe
1275 2272 1486 2328 significa-

7 2325 83 2377 vit,
115 2325 215 2381 quia
250 2328 538 2382 opitulationis
579 2330 814 2370 iuramenta
856 2344 953 2371 cum
980 2330 1178 2370 Romanis
1212 2329 1355 2383 habet,
1387 2327 1485 2382 quia

7 2387 50 2422 et
81 2397 256 2424 munera
287 2385 451 2439 accepit
479 2386 640 2439 multa,
681 2392 723 2427 et
754 2385 846 2426 vult
885 2385 1086 2442 proditor
1113 2386 1339 2427 Persarum
1368 2385 1485 2436 fieri,

7 2442 51 2478 et
78 2439 181 2494 quia
210 2447 385 2496 oportet
405 2456 494 2489 nos,
528 2457 624 2482 cum
651 2442 773 2483 simus
794 2444 961 2494 fratrem
995 2443 1047 2483 ad
1065 2443 1291 2483 amicitiam
1319 2441 1484 2493 venire,

8 2499 51 2535 et
83 2509 168 2536 non
197 2512 222 2539 a
255 2499 424 2539 canibus
467 2498 551 2538 istis
596 2498 729 2540 illudi.
800 2507 902 2541 tunc
939 2498 1122 2541 Cabades
1164 2499 1390 2540 accersiens
1417 2512 1485 2539 se-

7 2557 126 2592 creto
155 2553 366 2606 Zelicben,
395 2555 624 2597 sciscitatus
657 2562 717 2597 est
746 2555 779 2595 si
808 2556 1032 2611 accepisset
1059 2572 1081 2596 a
1109 2555 1305 2596 Romanis
1332 2569 1485 2596 mune-

7 2620 69 2660 ra,
100 2607 292 2651 hortatus
325 2611 519 2653 adversus
568 2612 744 2664 Persas;
788 2613 860 2668 qui
903 2612 1006 2654 dixit
1033 2613 1226 2654 “etiam.''
1285 2617 1327 2652 et
1353 2611 1484 2652 iratus

8 2663 193 2707 cabades
226 2667 385 2709 occidit
419 2684 527 2718 eum,
559 2674 601 2709 et
629 2685 708 2725 per
730 2676 895 2710 noctem
927 2671 1045 2710 missa
1075 2667 1345 2710 multitudine
1375 2668 1484 2710 Per..

6 2733 147 2761 sarum
174 2723 386 2766 interfecit
416 2726 621 2780 populum
666 2727 773 2778 eius,
801 2727 1029 2781 suspicatus
1072 2725 1187 2781 quod
1215 2725 1314 2766 dolo
1346 2726 1483 2765 venis-

5 2784 96 2818 sent
123 2779 177 2819 ad
205 2780 347 2833 illum3
377 2788 591 2838 quotquot
629 2791 767 2824 autem
812 2790 1048 2838 potuerunt
1073 2784 1232 2837 fugere,
1264 2780 1484 2822 redierunt

1499 1829 1533 1864 p.
1548 1818 1618 1855 257
1647 1818 1671 1853 9

5 2834 58 2874 ad
83 2837 272 2891 propria.
331 2847 551 2893 praeterea
582 2840 835 2896 Euphrasius
853 2839 1134 2881 Antiochenus
1167 2839 1479 2881 Chalcedonen-
1495 2850 1529 2885 p·
1550 2840 1620 2875 258
1645 2839 1670 2875 8
