1768 3268
262 216 354 263 162
454 221 733 264 ANAS‘rAsu
776 218 1036 262 HlS'l'ORlA
1079 211 1491 259 ECCLESIASTICA

258 335 421 390 imperii
454 335 630 375 Heraclii
662 334 714 374 ΩΟ
746 329 986 373 Hormisdas
1015 337 1159 386 regnat
1184 330 1224 368 in
1254 328 1401 368 Persis.
1459 340 1552 366 cum
1583 330 1720 365 autem

260 392 472 432 Heraclius
508 397 611 432 esset
652 391 763 444 apud
805 388 1082 442 Hierapolim,
1114 387 1227 426 venit
1267 384 1318 424 ad
1353 397 1448 424 eum
1477 381 1720 422 Athanasius

257 448 495 503 patriarcha
527 447 830 496 lacobitarum,
868 446 933 485 vir
962 444 1065 484 acris
1096 450 1137 483 et
1181 455 1358 494 nequam
1388 438 1556 493 ingenii,
1587 439 1720 494 Syro-

258 519 353 545 rum
386 504 535 544 inditas
576 503 774 543 versutias
816 501 1050 556 possidens:
1082 504 1123 539 et
1166 503 1282 536 moto
1313 495 1364 536 de
1393 495 1474 536 fide
1503 496 1557 535 ad
1586 494 1721 548 impe-

258 568 443 600 ratorem
469 574 672 609 sermone,
702 557 942 612 repromisit
969 556 1006 596 ei
1032 554 1254 603 Heraclius,
1283 553 1315 592 si
1343 552 1722 593 chalcedonensem

255 616 458 671 synodum
499 615 760 669 suscepisset,
808 611 1088 667 patriarcham
1136 610 1251 650 illum
1287 608 1531 649 Antiochiae
1560 622 1602 649 se
1630 609 1724 648 fore

255 674 479 712 iacturum.
557 678 599 711 at
632 671 698 722 ille
725 669 912 709 simulate
937 666 1118 720 suscepit
1140 666 1360 721 synodum,
1391 666 1592 706 confitens
1623 665 1723 705 duas

257 730 392 769 unitas
420 728 460 767 in
496 726 660 767 Christo
694 733 878 766 naturas.
952 721 1228 776 interrogavit
1257 728 1395 762 autem
1425 723 1724 776 imperatorem

259 786 310 826 de
340 784 585 838 operatione
608 798 654 823 ac
688 779 984 831 voluntatibus,
1014 779 1194 834 qualiter
1223 785 1447 833 oporteret
1479 778 1520 818 in
1552 778 1719 818 Christo

257 842 339 881 dici
372 841 513 893 duplas
546 845 618 878 aut
647 839 825 892 simplas.
881 843 972 877 tum
1004 836 1235 889 imperator
1263 835 1377 876 vocis
1407 835 1594 876 novitate
1621 848 1725 874 con·

258 903 493 946 sternatus,
522 895 668 935 scribit
696 893 841 947 Sergio
872 891 1291 945 Constantinopoleos
1321 891 1534 946 episcopo.
1593 891 1724 931 advo-

260 960 327 993 cat
351 952 475 993 etiam
517 958 558 991 et
589 953 743 1005 Cyrum
771 949 952 990 Phasidis
993 948 1232 999 antistitem,
1273 954 1315 988 et
1346 948 1426 989 hoc
1460 949 1723 1002 interrogato

261 1009 420 1063 reperit
466 1021 559 1047 eum
603 1006 928 1048 consentientem
977 1004 1124 1058 Sergio
1167 1004 1207 1044 in
1240 1019 1366 1045 unam
1391 1004 1651 1046 voluntatem
1684 1008 1726 1043 et

259 1080 385 1105 unam
426 1063 726 1117 operationem.
799 1062 966 1116 Sergius
996 1061 1118 1113 enim,
1159 1066 1308 1115 utpote
1332 1062 1461 1117 Syrus
1493 1075 1646 1115 genere
1677 1074 1726 1099 ac

258 1120 497 1175 parentibus
542 1119 731 1160 laeobitis
754 1118 951 1168 existens,
981 1132 1104 1158 unam
1133 1118 1366 1159 naturalem
1395 1117 1655 1158 voluntatem
1686 1122 1727 1157 et

260 1193 382 1216 unam
411 1176 696 1229 operationem
745 1174 786 1214 in
817 1173 983 1214 Christo
1012 1174 1226 1228 rescripsit
1255 1181 1381 1230 atque
1410 1175 1619 1215 confessus
1650 1177 1725 1213 est.

259 1240 318 1273 ast
349 1233 578 1286 imperator
607 1230 824 1285 utriusque
856 1231 1116 1285 acquiescens
1146 1231 1321 1272 consilio
1352 1230 1515 1286 reperit
1546 1229 1728 1271 etAtha-

122 1312 157 1346 p.
178 1299 245 1333 507
262 1289 415 1330 nasium
445 1287 499 1327 eis
530 1287 876 1328 consentientem:
911 1292 1088 1327 noverat
1131 1287 1243 1327 enim
1275 1288 1392 1343 quod
1422 1287 1481 1328 ibi
1510 1302 1592 1328 una
1622 1300 1729 1341 ope-

260 1345 366 1386 ratio
399 1343 623 1397 reperitur,
654 1343 726 1383 ubi
755 1349 796 1384 et
834 1358 914 1383 una
956 1349 1106 1384 natura
1137 1345 1421 1399 cognoscitur.
1479 1349 1618 1384 certus
1650 1359 1730 1383 au-

256 1408 339 1441 tem
371 1401 602 1453 imperator
644 1414 771 1453 super
798 1399 880 1440 hoc
910 1400 1040 1440 factus
1082 1400 1230 1441 scribit
1260 1401 1314 1442 ad
1353 1401 1552 1442 Ioannem
1577 1414 1730 1454 papam

256 1459 488 1498 Romanum
524 1456 840 1510 praedictorum
869 1457 1140 1506 sententiam3
1184 1457 1258 1512 qui
1287 1472 1436 1498 eorum
1469 1471 1733 1512 nequaquam

257 1519 408 1554 sectam
438 1511 612 1555 admisit.
687 1527 821 1567 porro
868 1514 1053 1568 Georgio
1082 1514 1361 1555 Alexandrino
1403 1515 1601 1555 defuncto
1633 1513 1733 1554 mit-

261 1570 365 1608 titur
394 1567 525 1623 Cyrus
554 1568 771 1623 episcopus
801 1569 1071 1611 Alexandriae
1108 1571 1434 1625 praeferenduS,
1480 1572 1553 1626 qui
1594 1569 1734 1609 unitus

259 1623 488 1665 Theodoro
532 1625 728 1679 episcopo
762 1627 898 1666 Faran
934 1627 1032 1667 fecit
1062 1626 1348 1668 decoloratam
1394 1627 1573 1683 hydram
1622 1626 1734 1666 illam

262 1682 477 1731 unitatem,
507 1680 589 1721 imo
621 1682 864 1736 vanitatem,
896 1698 1021 1723 unam
1055 1689 1097 1725 et
1129 1684 1206 1738 ipsi
1234 1684 1461 1725 scribentes
1494 1685 1534 1723 in
1565 1683 1734 1724 Christo

263 1736 497 1778 naturalem
538 1738 841 1792 operationem.
904 1739 967 1779 his
1009 1739 1068 1780 ita
1117 1741 1469 1797 prosequentibus
1511 1741 1549 1780 in
1593 1740 1736 1795 ingens

263 1792 542 1847 opprobrium
557 1794 884 1836 Chalcedoneuse
916 1797 1140 1838 concilium
1169 1803 1210 1838 et
1239 1797 1442 1838 catholica
1472 1797 1639 1838 corruit
1666 1811 1740 1837 ec-

265 1849 408 1890 clesia:
440 1849 728 1903 gloriabantur
757 1852 865 1892 enim
884 1853 1093 1894 lacobitae
1119 1867 1167 1894 ac
1192 1854 1486 1904 Theodosiani,
1507 1853 1740 1908 perhiben-

267 1912 326 1946 tes
357 1904 454 1959 quia
481 1906 638 1961 synodo
672 1908 996 1950 Clialcedonensi
1031 1925 1115 1950 non
1158 1925 1258 1963 nos,
1285 1910 1356 1953 sed
1387 1912 1528 1964 potius
1563 1911 1740 1950 Chalce-

269 1961 459 2001 donensis
487 1964 663 2017 synodus
695 1965 811 2004 nobis
830 1966 1169 2018 communicavit,
1193 1982 1272 2023 per
1290 1983 1417 2009 unam
1448 1967 1739 2021 operationem

271 2032 395 2057 unam
434 2019 672 2059 confitendo
718 2026 909 2062 naturam
950 2023 1117 2065 Christi.
1178 2024 1291 2066 inter
1331 2025 1434 2065 haec
1477 2023 1740 2079 sophronius

271 2079 541 2137 consecratur
568 2076 783 2130 episcopus
814 2079 1235 2136 Hierosolymitanus,
1270 2082 1343 2137 qui
1371 2080 1636 2136 congregatis
1665 2080 1741 2120 sub

272 2143 314 2169 se
342 2130 582 2183 degentibus
612 2133 813 2187 episcopis
836 2135 1008 2190 impium
1039 2137 1424 2189 monothelitarum,
1454 2137 1494 2178 id
1527 2144 1587 2178 est
1617 2151 1742 2176 unam

274 2186 533 2250 voluntatem
582 2187 973 2244 dogmatizantium,
1027 2193 1176 2249 dogma
1225 2210 1429 2236 mucrone
1471 2193 1742 2234 anathematis

275 2241 475 2295 perculit,
504 2247 546 2282 et
591 2244 785 2299 synodica
829 2248 974 2304 Sergio
1018 2251 1483 2307 Constantinopolitano
1526 2256 1568 2291 et
1598 2250 1743 2291 Ioanni

273 2298 464 2337 Romano
494 2313 626 2352 papae
655 2303 889 2344 transmisit.
950 2306 1007 2346 his
1039 2323 1140 2363 ergo
1174 2308 1322 2349 auditis
1353 2307 1565 2349 Heraclius
1595 2307 1745 2347 confu-

276 2368 341 2393 sus
371 2358 444 2418 est,
475 2361 518 2395 et
548 2355 760 2399 destruere
797 2361 963 2415 quidem
1003 2365 1178 2418 propria
1209 2365 1392 2417 nolebat,
1423 2371 1464 2406 et
1495 2378 1633 2404 rursus
1664 2377 1744 2416 op·

277 2410 501 2473 probrium
540 2427 623 2452 non
662 2415 830 2456 serebat.
901 2425 1001 2459 tunc
1046 2436 1145 2475 ergo
1192 2422 1431 2473 Heraclius,
1475 2427 1522 2461 ut
1550 2434 1746 2475 magnum

279 2465 446 2519 quidem
475 2468 614 2532 facere
641 2471 842 2513 arbitrans
862 2508 871 2526 ‚
907 2478 1076 2529 exponit
1116 2479 1318 2532 seriptum
1352 2477 1456 2518 illud
1489 2476 1604 2532 quod
1635 2492 1746 2531 nun-

280 2529 459 2575 cupatur
487 2522 680 2589 edictum,
710 2529 925 2571 continens
952 2547 1085 2587 neque
1116 2550 1241 2574 unam
1273 2549 1408 2590 neque
1435 2533 1535 2574 duas
1560 2534 1601 2573 in
1625 2533 1747 2573 Chri-

146 2598 180 2633 p.
202 2584 639 2644 5088t000peract10nes
666 2583 876 2646 dicendas.
910 2603 994 2643 quo
1026 2590 1131 2629 lecto
1163 2591 1204 2630 hi
1237 2592 1310 2646 qui
1342 2606 1450 2646 quae
1477 2591 1621 2630 Severi
1651 2595 1748 2630 sunt

282 2642 467 2693 S'ffl‘fflnt,
499 2652 539 2701 ¹3¹
572 2641 738 2693 popinis
779 2648 820 2682 et
860 2644 1012 2684 balneis
1050 2646 1279 2688 catholicae
1305 2648 1584 2688 detrahebant
1612 2646 1747 2686 eccle-

283 2703 377 2737 siae,
407 2692 669 2754 perhibentes
701 2698 909 2750 “primum
954 2701 1122 2755 quidem
1157 2719 1263 2758 quae
1292 2710 1388 2744 sunt
1414 2704 1593 2745 Nestorii
1622 2702 1747 2742 Chal..

285 2743 515 2812 cet-lqmtae·
540 2752 757 2792 sentientes
803 2756 1095 2808 resipuerunt,
1135 2761 1185 2799 ad
1227 2762 1442 2800 veritatem
1475 2760 1677 2813 conversi,
1708 2764 1750 2798 et

285 2808 389 2842 uniti
419 2803 535 2845 nobis
568 2821 645 2859 per
676 2824 798 2850 unam
830 2814 1118 2866 operationem
1147 2823 1188 2857 et
1218 2832 1341 2858 unam
1363 2817 1517 2859 Christi
1543 2824 1748 2857 naturam.
