1728 3184
676 177 877 220 NOTAE.
1396 182 1426 225 5
1434 185 1455 226 1
1462 182 1492 226 3

35 289 195 341 volunt,
225 289 376 346 quibus
416 290 599 332 auctoris
636 292 766 332 verba
807 293 1124 348 adstipulantur.
1200 298 1310 340 inter
1348 299 1491 353 ipsam,

34 351 78 385 et
103 351 344 401 sequentem
366 346 695 400 Adrianopoleos
724 355 896 402 portum
924 365 1063 391 versus
1083 357 1366 396 continentem
1394 355 1492 395 Bla-

33 401 285 456 chernarum
311 402 515 457 palatium
543 404 668 444 situm
694 404 787 445 fuit.

142 478 238 532 573,
268 481 352 520 21..
383 478 650 535 ‘Hodxtsmfl
694 483 899 536 Apsimari
947 485 1080 526 frater
1107 486 1384 528 Orientalium
1415 503 1491 530 co-

32 535 199 591 piarum
229 535 324 581 dux.

141 607 236 660 574,
260 607 299 651 2-
355 608 400 650 ἐν
425 607 483 663 τῷ
505 609 636 663 τείχει
657 606 819 657 πάντας
844 607 1114 664 ἐφούρκισεν]
1144 610 1251 667 πρὸς
1275 615 1335 671 τῷ
1361 617 1493 668 τείχει

30 659 255 712 ἕπε’-ξύλου
285 663 532 719 α’νήρτησεν.

142 735 251 776 Ιόἰᾰ.
272 732 312 776 4.
370 733 648 794 ἒμπρᾰκῐους]
668 747 830 779 actores
849 739 978 779 vertit
998 741 1245 792 Anastasius,
1277 742 1391 781 cuius
1415 743 1494 782 alia

30 790 156 832 lectio
186 802 376 833 auctores
407 793 548 834 habet.

136 868 252 910 Ibid.
277 869 318 911 9.
373 869 620 920 ἀπολύσεως
658 873 736 912 τοῦ
765 868 935 924 πρώτου
965 871 1110 924 βαΐου]
1144 868 1493 932 dn67.vm;,fln1's‚

28 931 70 965 et
97 924 316 966 demissio:
348 923 495 982 βάϊον,
517 930 684 984 palma,
714 936 755 969 et
780 931 1020 984 praemium.
1089 930 1157 970 adi
1192 938 1309 972 notas
1337 934 1382 972 in
1412 935 1492 972 Ce-

27 981 206 1022 drenum
232 985 505 1036 posteriores.

136 1055 247 1098 Ibid.
281 1054 343 1095 13.
403 1055 449 1095 ἐν
486 1058 539 1111 τῇ
566 1052 677 1113 νήσῳ
695 1051 947 1112 ”Αμαστρις]
977 1057 1026 1098 ad
1056 1060 1272 1116 Bithyniae
1299 1067 1492 1115 pontum.

32 1112 264 1152 correctius
288 1108 542 1165 Ἀμαστρίδι
571 1115 712 1167 posuit
744 1114 1014 1168 Nicephorus.

135 1184 245 1225 Ibid.
277 1184 341 1225 18.
399 1181 675 1242 κλητορεύων]
706 1186 753 1228 ἐν
783 1186 937 1243 δείπνῳ
969 1188 1200 1240 συγκαλῶν.
1232 1189 1361 1230 idem.

136 1261 233 1314 575,
266 1262 333 1304 10.
387 1260 616 1318 καθολικὴν
646 1265 903 1317 Δαμασκοῦ]
932 1265 1132 1320 templum
1163 1267 1214 1306 ad
1246 1267 1361 1321 quod
1392 1282 1493 1308 con-

29 1317 220 1367 veniendi
258 1320 489 1374 promiscui
530 1335 643 1361 sexus
674 1322 772 1361 viris
816 1336 865 1361 ac
910 1322 1152 1362 mulieribus
1195 1329 1375 1377 potestas
1419 1331 1493 1375 est,

26 1375 201 1416 maxime
231 1376 347 1430 quod
378 1376 418 1415 in
461 1377 699 1417 civitatibus
738 1377 989 1431 primarium
1018 1383 1102 1428 est,
1131 1384 1173 1419 et
1204 1380 1398 1420 antistitis
1427 1395 1494 1420 se-

26 1431 121 1484 des,
154 1431 350 1472 catholici
382 1447 534 1474 nomen
578 1433 805 1474 obtinuisse
849 1448 895 1475 ex
924 1434 1165 1475 Balsamone
1193 1435 1492 1476 declaravimus

25 1488 68 1529 in
101 1488 396 1544 euchologicis.
1121 1498 1128 1505 ·

132 1566 240 1608 Ibid.
269 1567 334 1607 15.
390 1562 603 1607 ἀδύνατον
628 1565 680 1622 τῇ
698 1566 865 1607 ἐκείνων
882 1562 1066 1623 γλώσσῃ]
1098 1567 1197 1607 hinc
1218 1581 1492 1610 numerorum

23 1627 143 1673 notas
168 1629 213 1663 et
240 1623 529 1674 characteres,
557 1624 680 1676 cg‘fi-as
698 1653 710 1675 ‚
744 1623 868 1678 vulgo
897 1623 1030 1664 dictos
1048 1654 1060 1677 ‚
1090 1624 1316 1665 Arabicum
1346 1624 1493 1665 inven-

22 1683 127 1730 tum,
153 1685 229 1720 aut
258 1680 452 1720 Arabia-os
483 1678 594 1718 nulla
636 1681 801 1720 ratione
834 1680 1068 1730 vocandos,
1101 1680 1174 1735 qni
1200 1680 1305 1720 haec
1330 1679 1491 1735 legerit,

21 1750 184 1776 mecum
213 1735 451 1776 contendet.
511 1736 665 1776 etenim
691 1737 723 1775 si
754 1736 939 1776 Arabum
969 1736 1121 1790 lingua,
1150 1736 1192 1776 id
1223 1743 1296 1788 est,
1326 1737 1490 1790 linguae

21 1792 335 1833 characteribus
355 1793 501 1842 unitas,
528 1792 729 1842 binarius,
757 1793 979 1841 ternarius,
996 1800 1074 1832 etc.
1105 1793 1230 1832 scribi
1261 1800 1487 1847 nequeant:

23 1848 96 1903 qui
121 1848 382 1889 characteres
407 1853 481 1888 aut
502 1849 645 1902 ψῆφοι
684 1849 1043 1903 nuncupabantur
1071 1849 1268 1889 Arabici?
1324 1855 1366 1889 et
1393 1849 1488 1889 licet

21 1905 215 1959 deinceps
258 1906 443 1946 Arabum
478 1905 616 1960 lingua
659 1911 958 1959 computorum
1004 1905 1134 1945 libros
1161 1904 1283 1946 Valid
1324 1905 1487 1946 iusserit

20 1961 212 2013 describi,
240 1976 434 2002 numeros
474 1969 613 2002 tamen
655 1976 703 2001 ac
730 1976 908 2001 summas
946 1975 1120 2015 expense
1148 1968 1192 2002 et
1219 1961 1272 2002 ad
1299 1962 1485 2015 longum,

14 2017 153 2070 χωρίς
179 2014 338 2071 ψήφων
356 2018 526 2059 Graecis
555 2017 820 2072 εἰθισμένων,
850 2017 986 2058 voluit
1017 2018 1191 2072 apponi,
1225 2017 1341 2073 quod
1368 2018 1485 2058 Basi-

17 2073 95 2113 lius
123 2073 394 2128 postmodum
422 2090 445 2114 a
475 2075 645 2115 Graecis
663 2103 675 2125 ,
703 2079 807 2114 teste
840 2073 1048 2126 Cedreno,
1077 2076 1223 2114 statuit
1252 2074 1483 2114 observari.

17 2136 137 2171 notas
171 2131 311 2185 itaque
328 2131 685 2185 characteresque‚
714 2130 865 2185 quibus
893 2143 1089 2170 numeros
1118 2130 1354 2171 summatim
1384 2144 1483 2170 exa-

18 2201 182 2237 ramus,
218 2187 238 2227 1
283 2187 309 2227 2
352 2186 379 2228 3
408 2184 438 2227 4
461 2194 544 2227 etc.
585 2187 637 2227 ab
682 2188 790 2227 Indis
819 2194 862 2227 et
899 2187 1115 2227 Chaldaeis
1155 2201 1285 2241 usque
1326 2186 1378 2226 ad
1407 2200 1480 2226 nos

16 2242 119 2284 scite
147 2243 274 2298 magis
306 2242 485 2284 advocat
513 2244 741 2283 Glareanus
773 2243 813 2282 in
856 2243 1144 2283 arithmeticae
1171 2242 1409 2297 praeludiis.

124 2317 235 2359 Ibid.
254 2316 318 2358 18.
371 2311 667 2363 Ἰουστινιανὸς
683 2312 759 2369 τὴν
775 2312 1034 2369 ἄναμεταξύ]
1069 2316 1241 2356 eandem
1260 2314 1477 2355 historiam

13 2373 101 2414 fuse
130 2374 407 2429 prosequitur
438 2372 710 2425 Nicephorus.

123 2449 220 2502 576,
237 2451 302 2493 18.
356 2449 507 2505 α’ββᾶς]
527 2450 714 2501 Σολιμᾶν
737 2455 860 2490 vocat
890 2450 957 2489 ille
980 2445 1085 2489 κατὰ
1119 2445 1196 2501 τὴν
1223 2445 1353 2488 αὕτοῧ
1379 2444 1476 2487 διά-

12 2508 169 2549 λεκτον.

19 2617 21 2619 .
122 2579 219 2630 578,
251 2579 292 2621 6.
347 2574 632 2632 μυριοβόλων]
658 2575 943 2631 μυριαγώγων
971 2578 1095 2617 habet
1123 2577 1291 2630 Peyrez.
1325 2575 1472 2615 codex.

10 2634 108 2677 ideo
136 2637 245 2677 verti
272 2638 502 2677 onerarias:
545 2650 645 2690 quas
682 2636 914 2676 Anastasius
939 2636 1146 2673 chimeras.-
1181 2633 1318 2671 forsan
1347 2631 1474 2673 etiam

8 2690 305 2748 πνριοβόλους,
337 2693 430 2747 igne
458 2695 623 2732 Graeco
655 2692 796 2748 plenas
827 2697 869 2732 et
895 2696 1082 2730 armatas.

117 2765 226 2807 Ibid.
259 2763 322 2806 16.
387 2751 641 2820 Τουδοῦνον]
673 2765 864 2807 Petavius
895 2763 1050 2818 ubique
1067 2760 1167 2816 legit
1194 2757 1266 2800 τὸν
1294 2760 1471 2812 Δοῦνον,

145 2849 382 2897 Theophanes
414 2850 460 2884 11.
1156 2841 1202 2876 33
