1728 3184
170 184 270 236 448
656 194 716 235 IN
754 191 1129 237 THEOPHANEM

172 305 300 348 κατὸν
342 305 528 359 α’κριβῶς
569 299 696 348 ουσαι
739 308 824 348 τῶν
853 305 931 357 τ’ξε
980 309 1058 348 τοῦ
1096 305 1295 347 ἐνιαυτοῦ
1333 303 1516 361 ἦμερων.
1573 321 1658 349 των

170 361 247 417 γὰρ
279 362 531 427 τριακοσίων
557 360 604 404 τὸ
648 361 849 415 ὸεκατόν,
896 362 948 405 τοὶ
991 360 1246 415 τριάκοντα·
1317 364 1392 404 καί
1432 363 1517 404 ταῖν
1559 359 1658 417 ἐξῆ-ι

171 434 326 473 κοντα,
361 417 432 468 ἐξ·
505 435 577 460 και
618 421 703 461 τῶν
741 421 862 460 πέντε
903 417 948 461 τὸ
995 435 1140 473 ημισυ.
1205 420 1302 459 baec
1330 421 1405 460 tibi
1435 421 1657 461 observan-

171 478 239 517 da.
313 477 384 516 lex
421 485 503 516 lota
539 486 651 517 vetus
680 491 863 517 visarum
905 492 980 533 ope
1016 491 1151 517 rerum
1189 477 1373 516 altarum
1403 491 1432 517 a
1461 478 1550 517 visu
1590 493 1658 518 re-

171 543 375 574 motarum
415 533 681 574 conditionem
722 535 924 589 quondam
967 534 1128 574 edocere
1172 534 1350 583 solebat,
1391 543 1431 574 ec
1462 548 1543 588 per
1569 549 1659 574 cor.

165 605 383 647 porearum
425 604 538 630 usum
578 590 855 646 spiritualium
893 591 1196 656 dispositionem
1244 599 1392 629 rectam
1430 590 1509 629 sibi
1541 604 1657 631 com·—

165 661 341 703 parat-‚e
402 648 508 686 inter
533 656 691 686 caetera
721 661 821 687 vero
852 648 1056 700 maxime,
1080 647 1340 698 facultatum
1367 647 1553 686 decimas
1580 662 1659 686 atz-

171 706 235 744 nis
262 703 483 769 quibusque
513 703 768 743 redeuntibus
797 703 875 743 deo
908 702 1053 757 offerre
1084 704 1128 743 in
1151 712 1373 758 praecepto
1392 701 1494 758 fuit.
1551 718 1658 760 quae

166 775 294 817 porro
323 760 374 799 ab
402 761 498 815 ipsis
528 761 570 800 in
583 758 730 814 figur
707 775 748 798 ·1s
773 768 964 814 peracta,
989 769 1151 811 mystice
1176 775 1204 799 a
1234 760 1357 802 nobis
1380 760 1658 816 excipiuntur.

173 831 315 857 verum
355 830 445 856 cum
488 830 608 856 sacer
644 817 930 872 apostolorum
977 826 1110 855 coetus
1153 815 1269 856 haud
1321 817 1448 868 legem
1485 818 1657 866 solvere,

172 874 401 929 qumimmo
432 886 528 912 eam
553 872 781 928 adimplere
811 872 889 911 szbi
910 876 1199 927 proposuisset,
1228 886 1309 912 non
1322 871 1562 927 fluxarum
1594 888 1658 913 re-

171 945 279 980 rum,
311 928 385 968 sed
410 930 536 983 ipsius
562 930 670 968 vitae
698 938 857 969 nostrae
884 928 1061 969 decimas
1089 931 1261 982 singulis
1291 943 1488 969 annorum
1519 943 1661 983 perto-

172 987 237 1027 dis
264 986 341 1026 deo
370 985 656 1026 consecrandas
689 994 942 1025 sanxerunt:
984 995 1028 1025 uc
1069 987 1203 1025 studio
1240 999 1320 1040 per
1360 1001 1428 1025 eas
1462 987 1659 1035 exhibito,

167 1043 516 1099 poeni‘tentzaeque
538 1040 711 1096 fervore
744 1051 973 1081 contractas
1002 1050 1083 1081 toto
1109 1044 1211 1082 anni
1236 1042 1402 1087 decursu
1433 1042 1660 1098 infirmita..

173 1110 256 1149 tes,
286 1098 513 1154 opitulante
549 1099 626 1138 deo
644 1128 655 1150 ,
698 1112 843 1138 curare
890 1112 1102 1163 possemus.
1170 1100 1239 1138 Izos
1279 1112 1381 1138 vero
1416 1099 1660 1138 ieiuniorum

173 1156 261 1195 dies
304 1165 472 1210 partem
517 1156 618 1194 anni
657 1154 864 1193 decimam
912 1169 956 1194 ιη
991 1169 1076 1194 sese
1117 1154 1326 1194 includere
1357 1155 1660 1210 praedicamus.
1700 1151 1702 1154 ’

172 1211 447 1254 hebdomades
476 1211 678 1265 Siquidem
709 1225 852 1250 eorum
885 1219 1050 1266 septem,
1078 1212 1331 1251 sabbatorum
1360 1221 1399 1251 et
1427 1211 1662 1250 dominica-

172 1284 266 1309 rum
300 1268 435 1307 diebus
464 1268 641 1308 exclusis
656 1297 667 1317 ,
705 1281 881 1324 qumque
923 1282 976 1307 ac
1012 1269 1184 1322 triginta
1221 1268 1306 1307 dies
1336 1277 1595 1323 componunt:
1626 1266 1664 1306 si

172 1339 270 1366 vero
303 1338 494 1377 magnum
536 1324 753 1364 addideris
788 1324 1023 1374 sabbatum,
1067 1339 1117 1364 ac
1156 1325 1328 1364 illuseris
1365 1334 1404 1364 et
1431 1325 1661 1375 lucfimnis

173 1383 299 1422 noctis
319 1390 480 1437 partem
519 1381 700 1421 mediam
719 1410 731 1431 ,
772 1382 944 1433 triginta
987 1395 1066 1420 sex
1102 1391 1141 1421 ec
1181 1382 1336 1420 medius
1379 1383 1664 1420 constituentur

172 1439 279 1486 dies,
324 1439 395 1492 qui
427 1446 692 1478 trecentorum
737 1438 961 1490 sexaginta
1003 1439 1180 1493 quinque
1210 1439 1329 1477 totius
1371 1439 1475 1478 anni
1500 1437 1661 1477 dierum

173 1510 231 1535 ex
272 1508 407 1547 aequo
445 1508 551 1548 pars
589 1494 747 1533 decima
792 1502 883 1532 sunt
918 1493 1187 1559 ‘agnose-endi.
1255 1503 1513 1534 trecentorum
1555 1494 1662 1533 enim

171 1566 278 1608 pars
307 1549 485 1600 decima,
515 1552 713 1604 triginta:
745 1551 992 1603 sequentium
1014 1554 1245 1603 sexaginta,
1276 1565 1377 1591 sex.-
1405 1549 1664 1590 residuorum

175 1610 372 1664 quinque,
403 1607 520 1646 unius
552 1606 736 1646 medzum
777 1608 929 1646 existit.
1002 1606 1146 1648 diebus
1191 1607 1275 1647 istis
1314 1622 1380 1648 sex
1413 1615 1454 1648 et
1490 1606 1665 1660 triginta

176 1665 285 1704 adde
312 1664 483 1704 sabbata
521 1664 734 1718 quinque,
766 1667 808 1702 et
849 1662 1079 1703 dominicas
1109 1664 1303 1728 totidem,
1343 1665 1492 1718 quibus
1525 1663 1665 1703 oleum

178 1721 418 1761 comeditur
449 1719 683 1772 (sabbatum
723 1720 833 1759 enim
871 1734 1068 1774 magnum
1107 1721 1294 1774 rigorem
1336 1720 1480 1760 ieiunii
1510 1724 1664 1769 selvat‚

171 1779 414 1832 palmarum
444 1791 546 1817 vero
580 1776 791 1816 dominica
815 1776 992 1829 piscium
1023 1777 1242 1840 esculentis
1274 1777 1561 1816 austeritatem
1593 1790 1665 1816 re..

178 1837 323 1883 mittit)
356 1836 619 1874 Graecorum
642 1832 1003 1887 quadragesimam
1033 1847 1101 1873 sex
1130 1838 1172 1873 et
1190 1833 1470 1897 (madri-ginta
1500 1833 1665 1873 dierum

177 1905 358 1931 numero
391 1889 616 1929 conflatam
634 1889 867 1942 peieipies.
900 1888 1094 1944 diemque
1110 1891 1451 1944 quadra‹esii1iae
1477 1889 1666 1944 primum

178 1963 225 1988 ac
255 1962 410 2002 putum
434 1946 540 1985 illius
561 1945 782 1986 exoidium
812 1945 914 1985 feria
937 1952 1034 1999 post
1061 1947 1446 2012 quinquagesimum
1467 1945 1664 1996 secunda,

179 2019 306 2060 quam
337 2003 396 2043 ilii
426 2017 473 2043 ex
505 2003 701 2043 ciborum
726 2001 941 2042 defaecata
967 2002 1208 2056 sumptione
1236 2001 1434 2057 καθαρὰν
1463 2002 1667 2054 δευτέραν

179 2061 421 2108 nominant,
462 2060 700 2100 constitues.
771 2057 977 2098 dominica
1026 2073 1163 2113 porro
1216 2059 1559 2114 quadragesimae
1589 2059 1667 2098 inis

178 2119 344 2172 pariter
374 2131 516 2156 cursus
545 2114 909 2171 quadragesimalis
949 2116 1085 2169 prima
1120 2122 1180 2156 est
1214 2116 1325 2156 inte1
1353 2116 1593 2167 dominicas,
1623 2121 1666 2155 et

178 2173 430 2229 ὀρθοδοξιάς
462 2186 615 2212 nomen
658 2171 836 2222 obtinet,
878 2171 1061 2212 eiusdem
1091 2171 1190 2213 licet
1221 2173 1342 2214 stadii
1376 2187 1550 2228 gressus,
1584 2171 1666 2212 hoc

179 2234 253 2285 est,
283 2228 367 2271 dies
389 2229 444 2270 sit
458 2228 680 2283 septimus.
707 2227 868 2283 primus
893 2229 1049 2283 quippe
1072 2224 1255 2282 τυρινὴν,
1280 2229 1667 2285 quinquagesimam

180 2287 378 2341 intellige,
411 2287 619 2341 sequitur.
685 2291 981 2338 argumentum
1011 2286 1179 2339 piofert
1209 2288 1421 2326 Graecum
1454 2285 1668 2349 evangeli-

179 2344 373 2395 starium,
403 2357 476 2383 seu
505 2343 614 2383 liber
634 2341 962 2410 evangeliprum‚
991 2357 1077 2407 quo
1109 2348 1206 2396 post
1236 2339 1443 2408 κυριακὴν
1474 2336 1666 2395 τυροφά-

177 2414 251 2455 γον
273 2406 510 2441 occurrunt
543 2398 770 2451 εὐαγγέλια
805 2393 1178 2450 α’ναγινωσκόμενα
1200 2397 1260 2445 εἰς
1291 2395 1369 2445 τὰς
1397 2397 1667 2450 παννυχίδας

178 2457 254 2510 τῆς
284 2455 456 2510 πρώτης
483 2451 719 2508 ἑβδομάδος
746 2469 828 2493 των
854 2454 1068 2509 νηστειῶν,
1095 2456 1316 2510 evangelia
1343 2453 1514 2509 legenda
1535 2469 1579 2494 m
1597 2455 1667 2494 vi..

177 2515 303 2568 giliis,
334 2513 386 2553 id
413 2522 490 2564 est,
518 2514 561 2552 in
587 2511 771 2576 vesperis
787 2511 960 2576 primae
969 2512 1218 2552 ieiuniorum
1248 2509 1542 2552 hebdomadis:
1575 2517 1668 2550 tum

183 2585 284 2610 vero
314 2570 368 2625 τῇ
397 2569 575 2634 δευτέρα
604 2563 815 2622 ἑσπέρας·
847 2567 897 2622 τῇ
926 2563 976 2620 γ’,
1004 2568 1057 2622 τῇ
1088 2566 1137 2618 δ’,
1167 2568 1218 2622 τῇ
1246 2565 1290 2618 ε’,
1323 2568 1377 2623 τῇ
1401 2567 1667 2619 παρασκευῇ,

180 2641 238 2681 τω
268 2612 470 2681 σαββάτω
502 2619 696 2677 εσηὲρας.
738 2624 863 2677 seria
893 2624 918 2663 2
947 2623 972 2664 3
1003 2625 1031 2663 4
1061 2624 1099 2664 5.
1126 2639 1377 2691 parasceue,
1401 2623 1578 2663 sabbalo
1605 2610 1669 2661 ad

180 2697 390 2746 vesperas:
420 2697 469 2723 ac
503 2682 671 2722 demum
700 2680 884 2734 κυριακῇ
915 2678 1058 2735 πρώτῃ
1087 2696 1171 2720 των
1200 2694 1414 2734 νηστειων.
1442 2681 1581 2733 prima
1611 2680 1668 2717 ie-

180 2739 386 2778 iuniorum
434 2738 668 2779 domini-wa
711 2752 794 2793 qua
825 2737 910 2787 lib„
944 2739 1016 2791 qui
1049 2736 1262 2778 thesaurus
1293 2736 1571 2787 insmibitur,
1599 2735 1666 2774 in-

182 2801 249 2835 ter
278 2797 529 2836 eorumdum
561 2794 697 2837 officia
728 2796 1008 2846 Damascenus
1053 2794 1227 2836 studites
1255 2807 1491 2835 sermonem
1526 2792 1666 2843 habet,
