1728 3184
133 166 228 212 738

177 285 304 319 scopus
315 270 580 307 Monothelitas
591 273 750 318 exagitat
759 272 840 316 507,

180 322 235 354 13.
266 320 348 363 516,
377 321 432 354 14.
460 321 627 354 Umarum
663 323 840 367 pietatem

178 369 445 415 praeferentem
456 369 766 403 abominationem
776 369 842 403 de-

180 419 373 451 solationis
394 424 501 452 vocat
522 417 609 455 520,
639 417 671 451 7.

129 465 341 499 Soterichus
361 466 557 499 Caesareae
585 465 839 511 Cappadociae

177 515 369 560 episcopus
382 514 586 547 haereticus
598 526 727 547 novam
755 526 839 558 syn-

177 561 287 596 odum
316 561 490 596 Sidoniae
518 568 686 607 procurat
702 562 785 604 236,
805 563 837 596 1.

176 611 404 652 Flavianum,
432 616 469 644 et
482 610 595 644 Eliam
619 610 784 644 mitiores
801 611 839 644 in

177 658 355 703 synodum
381 664 527 693 accusat
558 658 608 692 ib.
639 658 695 692 10.

129 707 325 752 Spanicius
352 706 553 740 scholarius
578 712 729 741 necatus
758 705 838 747 197,

176 755 234 789 20.

128 803 337 837 stauracius
354 802 530 848 patricius
550 801 689 849 publici
716 813 838 835 cursus

175 850 391 896 Logotheta,
403 851 440 884 in
459 851 542 883 aula
557 849 622 883 sub
637 851 741 883 Irene
761 851 838 895 pri-

173 911 252 933 mus
282 898 362 940 706,
381 898 435 933 10.
459 898 647 931 Sclavinos
678 898 838 939 edomat,

174 959 216 980 ac
243 947 288 981 de
316 948 359 980 iis
379 946 579 992 triumphat
607 945 688 987 707,
701 945 736 979 4.
767 947 837 978 nii-

176 996 282 1030 litum
299 996 612 1040 praetorianorum
642 994 836 1028 factionem

175 1044 329 1089 dissipat
358 1043 438 1083 715,
455 1042 507 1076 16.
526 1042 835 1087 conspirationem

177 1093 216 1125 in
252 1093 390 1125 lrenem
425 1090 566 1136 detegit
602 1089 682 1132 720,
710 1090 744 1123 4.
797 1096 838 1124 ut

172 1139 326 1174 Alexius
365 1139 481 1172 oculis
522 1139 685 1185 privetur
711 1144 838 1172 auctor

175 1188 300 1221 existit
325 1187 405 1228 725,
436 1187 490 1220 17.
542 1186 839 1229 Constantinum,

171 1235 213 1269 'in
240 1247 321 1269 eum
348 1235 571 1275 coniuratus,
598 1235 836 1276 deludit730,

177 1283 232 1317 19.
258 1284 400 1317 Attium
418 1283 669 1317 adversantem
700 1284 838 1329 patitur

174 1331 256 1373 733,
287 1331 342 1366 19.
388 1331 469 1374 735,
501 1331 556 1366 10.
606 1331 837 1376 tyrannidem

173 1381 212 1413 in
239 1381 379 1413 lrenem
407 1380 543 1414 excitat
567 1379 618 1413 ib.
636 1380 689 1414 18.
719 1391 839 1414 erum-

173 1434 285 1474 pente
313 1440 332 1461 e
349 1427 538 1462 stomacho
557 1429 734 1473 sanguine
758 1441 839 1462 mo-

173 1478 266 1510 ritur
292 1475 373 1518 736,
400 1477 433 1510 7.
463 1477 541 1510 eius
572 1483 656 1523 post
685 1483 838 1511 mortem

177 1527 213 1558 in
239 1525 385 1559 Aetium
411 1525 581 1559 detectae
607 1525 762 1559 insidiae
789 1525 839 1559 ib.

128 1620 335 1654 Slauracius
362 1620 562 1666 Nicephori
595 1622 693 1655 filius
720 1622 839 1668 impe-

176 1675 275 1703 rator
300 1681 319 1702 a
346 1674 449 1714 patre
477 1676 670 1704 coronatus
698 1669 778 1711 745,
803 1670 839 1704 9.

177 1717 494 1762 Theophanonem
517 1729 651 1762 sponso
680 1719 839 1753 ablatam

176 1777 325 1799 uxorem
354 1765 456 1798 ducit
482 1765 563 1806 750,
592 1767 647 1801 13.
695 1768 840 1814 puellas

176 1814 266 1847 alias
295 1819 508 1859 constuprat
539 1815 590 1848 ib.
624 1815 679 1850 15.
732 1822 835 1862 patre

178 1863 296 1895 occiso
326 1862 524 1906 imperator
540 1863 744 1898 declaratur
758 1863 839 1906 765,

180 1910 235 1944 18.
290 1915 521 1954 paternorum
547 1924 685 1945 morum
713 1912 840 1946 haeres

177 1958 392 1999 avaritiam,
424 1969 464 1990 ac
494 1961 680 1993 saevitiam
716 1960 841 2007 prodit

178 2005 259 2047 766,
290 2005 346 2039 13.
395 2005 434 2038 in
460 2008 652 2052 coniugem
681 2015 744 2042 aut
770 2021 839 2053 po—

179 2055 306 2100 pulum
327 2065 446 2087 rerum
465 2066 636 2089 summam
663 2057 839 2090 transfer-

179 2115 216 2135 re
257 2102 394 2147 cogitat
432 2101 480 2135 ib.
518 2103 573 2137 19.
621 2104 839 2140 Michaclem

178 2151 436 2197 Ciiropalatam
465 2162 657 2186 excaecare
697 2154 842 2199 quaerit

178 2199 270 2240 767,
305 2198 340 2231 4.
406 2198 560 2233 audiens
601 2201 841 2234 acclamatum

180 2248 449 2290 imperatorem,
475 2248 694 2282 monachum
717 2249 841 2283 induit

179 2295 260 2336 763,
285 2295 319 2329 9.
363 2294 503 2329 irritato
530 2297 691 2331 vulneris
718 2298 838 2331 ulcere

177 2343 272 2382 diem
301 2343 379 2378 obit
406 2343 488 2386 771,
512 2345 567 2379 15.

132 2393 165 2424 5.
206 2391 381 2437 Stephani
436 2403 567 2440 corpus
618 2392 664 2426 ad
708 2394 839 2437 Perga-

177 2441 272 2472 mala
305 2442 492 2473 inventum
538 2440 702 2482 133,14.
763 2442 840 2474 eius

178 2488 305 2521 dextra
344 2499 469 2520 manus
509 2489 556 2522 ad
592 2488 840 2523 Theodosium

178 2537 285 2569 missa
314 2537 380 2570 (ΞΡ.
408 2535 486 2575 134,
512 2535 546 2571 4.
574 2543 726 2584 apparet
751 2537 839 2570 Pul-

177 2583 322 2617 cheriae
358 2584 407 2617 ib.
438 2583 473 2618 6.
532 2591 742 2632 sumptuosa
776 2585 841 2618 illa

178 2632 269 2665 aede
308 2637 471 2665 extructa
507 2633 546 2667 in
591 2647 633 2668 ea
668 2634 840 2681 reliqui-as

180 2679 334 2725 deponit
363 2681 412 2713 ib.
442 2679 496 2714 10.

132 2727 340 2774 Stephanus
356 2730 507 2762 Arianus
520 2729 737 2764 Antiochiae
756 2730 838 2777 epi·

178 2787 309 2821 scopus
333 2775 392 2817 64,
420 2776 453 2808 1.

131 2824 339 2870 Stephanus
365 2825 501 2870 pietate
526 2825 738 2872 spectabilis
763 2826 839 2861 An·

786 170 955 212 INDEX

957 271 1114 306 tiochiae
1140 271 1333 317 episcopus
1359 272 1438 314 194,
1463 273 1498 308 7.
1552 286 1614 308 ac-

957 326 1101 354 cusatus
1127 331 1145 352 a
1161 321 1255 353 Petri
1275 321 1440 355 Fullonis
1467 323 1613 357 asseclis

957 374 998 401 ut
1024 368 1262 401 Neston-ianus
1290 368 1369 410 195,
1395 369 1429 404 7.
1461 371 1616 405 moritur

959 416 1038 458 198,
1069 415 1126 450 20.

909 464 1116 511 Stephanus
1149 464 1242 497 alter
1263 464 1439 510 Stephani
1469 477 1613 501 succes-

955 524 1014 546 sor
1041 511 1258 546 Antiochiae
1296 513 1499 559 episcopus,
1524 525 1613 548 acu-

956 561 1002 594 tis
1026 560 1173 594 calamis
1189 560 1234 594 ab
1250 559 1439 595 haereticis
1465 569 1616 597 necatus

957 607 1037 649 198,
1062 609 1120 642 21.

909 655 1116 702 Stephanus
1152 656 1350 691 monachus
1376 659 1513 705 pietate
1539 660 1615 692 cla-

957 717 1014 738 rus
1029 704 1246 738 Antiochiae
1257 706 1448 752 episcopus
1465 705 1546 750 640,
1562 707 1615 741 19.

907 751 1115 797 Stephanus
1155 754 1334 787 Asmictus
1380 753 1615 790 Chersonitas

954 800 1123 845 punitum
1151 801 1281 835 missus
1313 802 1393 843 578,
1420 802 1454 836 3.

907 847 1117 894 Stephanus
1157 849 1356 884 Caesareae
1388 851 1613 885 Palaestinae

955 897 1162 942 praefectus
1193 897 1410 932 Venetorum
1430 910 1469 932 ac
1494 900 1613 932 Prasi—

955 957 1081 978 norum
1096 944 1278 979 seditione
1305 947 1470 980 sublatus
1484 947 1567 988 356,
1577 946 1613 980 4.

907 992 1115 1038 Stephanus
1130 993 1248 1036 Cyzici
1269 995 1459 1040 episcopus
1485 995 1522 1029 in
1537 996 1614 1029 lle-

958 1041 1106 1074 raclium
1134 1041 1313 1076 etih-iosus
1339 1041 1420 1083 460,
1452 1043 1505 1077 17.

907 1089 1114 1134 Stephanus
1150 1090 1272 1123 iunior
1307 1091 1465 1127 inclusus
1503 1090 1548 1124 ad
1576 1092 1611 1126 S.

954 1138 1173 1171 Auxentium
1203 1145 1336 1185 martyr
1354 1141 1516 1184 egregius
1529 1139 1612 1181 674,

953 1185 988 1219 8.
1018 1185 1100 1225 685,
1130 1185 1185 1219 14.

907 1233 1113 1279 Stephanus
1148 1234 1349 1268 Iustiniano
1379 1246 1510 1275 comes,
1535 1236 1615 1269 eius

954 1282 1000 1315 ad
1039 1282 1261 1317 Therbelem
1290 1284 1432 1328 legatus
1468 1284 1550 1326 572,
1579 1284 1612 1319 7.

907 1378 1119 1425 Stephanus
1158 1379 1196 1412 in
1232 1379 1393 1413 Leonem
1431 1378 1617 1414 rebellans

955 1427 1074 1473 capite
1102 1427 1231 1473 plexus
1251 1426 1333 1468 623,
1362 1425 1417 1461 14.
1486 1455 1488 1458 ,

907 1475 1114 1521 Stephanus
1154 1487 1246 1521 papa
1285 1476 1451 1522 Pipinum
1495 1476 1614 1510 Maio-

957 1523 1163 1557 remdomus
1188 1525 1225 1557 in
1247 1525 1467 1558 Francorum
1496 1536 1615 1570 regem

956 1573 1149 1616 iuaugurat
1173 1571 1256 1614 619,
1288 1574 1316 1606 1.

909 1619 1117 1665 Stephanus
1147 1622 1280 1655 Romae
1318 1619 1511 1667 episcopus
1532 1619 1616 1660 681,

908 1716 1117 1762 Stephanus
1145 1716 1320 1763 patricius
1347 1716 1534 1749 Stauracio
1556 1727 1616 1749 re-

955 1776 1063 1809 gnum
1090 1765 1219 1799 asserit
1248 1765 1326 1799 765.
1355 1764 1411 1798 16.
1451 1764 1616 1798 Michae‹

955 1814 1001 1846 lis
1026 1813 1257 1858 promotione
1285 1812 1432 1846 obsistit
1449 1812 1530 1854 766,
1554 1813 1587 1847 3.

907 1860 1116 1907 Stephanus
1142 1862 1245 1894 Persa
1271 1860 1519 1894 cubicularius
1533 1862 1616 1902 562,

954 1909 989 1942 2.
1035 1908 1082 1942 ad
1112 1909 1228 1942 locum
1257 1910 1314 1941 cui
1345 1909 1450 1943 Bovis
1478 1921 1614 1945 nomeu

955 1957 1164 1990 combustus
1191 1956 1271 1998 566,
1298 1956 1332 1991 8.

908 2004 1114 2050 Stephanus
1141 2004 1456 2050 protospatharius
1476 2017 1496 2039 a
1528 2006 1617 2040 Bul-

955 2054 1046 2097 garis
1074 2054 1211 2087 occisus
1228 2054 1309 2095 725,
1340 2051 1375 2086 4.

907 2101 1116 2146 Stephanus
1133 2103 1309 2135 Rusiusin
1329 2102 1454 2135 urbem
1481 2103 1619 2136 saevire

955 2149 1074 2183 iussus
1100 2149 1182 2193 563,
1211 2150 1265 2184 18.

908 2196 1110 2241 strategius
1135 2199 1311 2244 patricius
1340 2198 1428 2233 fidei
1443 2210 1527 2244 ergo
1555 2210 1616 2233 oe-

956 2247 1051 2280 cisus
1077 2246 1159 2288 676,
1191 2247 1247 2281 12.

907 2295 1109 2339 Strategius
1145 2295 1372 2340 Podopaguri
1409 2295 1505 2329 filius
1530 2295 1617 2329 fidei

955 2355 1060 2377 causa
1085 2343 1223 2378 occisus
1248 2343 1331 2385 685,
1359 2342 1392 2378 9.

908 2391 1109 2436 Strategius
1143 2391 1332 2425 confessor
1357 2391 1438 2432 701,
1466 2391 1521 2424 11.

909 2440 1057 2474 Studius
1075 2440 1295 2473 insomnium
1308 2441 1518 2474 monasterii
1532 2439 1619 2474 fun-

956 2487 1061 2522 dator
1090 2488 1168 2530 175,
1191 2488 1226 2522 3.

909 2537 1038 2579 Styrax
1055 2537 1119 2571 Cp.
1146 2537 1277 2570 missus
1305 2536 1469 2582 captivus
1480 2534 1562 2577 269,
1580 2535 1615 2569 9.

908 2585 1072 2619 Suliman
1110 2584 1267 2618 Arabum
1323 2583 1396 2618 dux
1433 2595 1616 2617 successor

954 2633 1066 2667 Valid
1098 2632 1179 2674 589,
1211 2633 1264 2666 12.
1291 2632 1449 2666 Leonem
1472 2632 1617 2678 quaerit

956 2682 1085 2715 fallere
1109 2680 1191 2721 593,
1218 2680 1253 2714 4.
1309 2682 1461 2715 mor-itur
1487 2682 1616 2714 Umare

952 2740 1160 2764 successore
1175 2728 1256 2768 609,
1286 2728 1340 2763 11.

908 2777 1073 2812 Suliman
1099 2780 1190 2811 Isam
1217 2778 1314 2811 filius
1346 2777 1382 2810 in
1407 2776 1612 2811 Armeniam

956 2825 1079 2861 educit
1106 2826 1187 2869 632,
1199 2825 1234 2861 9.
1267 2838 1311 2861 ex
1340 2825 1423 2860 Asia
1449 2825 1613 2871 captivos
