1728 3184
671 187 871 230 NOTAE.
1381 185 1478 232 599

124 305 223 358 633,
249 306 295 348 5.
351 304 483 364 τούτῳ
512 306 571 362 τῷ
586 302 688 360 ἔτει]
721 306 836 347 addit
856 306 1098 358 Anastasius,
1125 307 1343 348 ιἰιᾱῐειίοηε
1369 317 1479 349 octa·

12 379 86 415 va,
116 365 295 418 optime:
327 379 422 404 nam
465 364 703 404 indictionis
745 364 927 403 circulus
954 364 1061 403 alter
1092 378 1187 403 cum
1217 365 1341 418 ipsius
1375 367 1481 405 Leo-

18 421 78 461 nis
112 434 225 476 auno
255 420 396 475 primo
427 421 655 475 inceperat.
713 420 772 460 de
794 434 880 474 quo
912 420 951 458 in
987 419 1093 458 notis
1122 420 1174 460 ad
1201 435 1297 476 pag.
1331 420 1429 480 3353

126 492 236 533 Ibid.
264 492 304 533 7.
360 491 407 532 ἐν
437 491 611 544 μυρίοις
635 490 909 543 μονοζαίιοις]
942 490 1080 531 reddit
1095 494 1349 534 Anastasius:
1379 508 1482 550 quo-

15 563 107 590 rum
132 549 225 590 dux·
252 558 346 590 erat
386 548 588 589 imidians
614 564 657 589 m
705 549 822 589 denis
860 549 1038 588 millibus
1074 549 1342 588 lacmncuhs:
1381 550 1480 590 alibi

8 603 532 701 “nmiidwvc'ssoedpediws
559 606 884 660 interpretatur,
913 604 965 646 de
995 618 1080 660 quo
1109 605 1298 658 superius
1330 606 1369 645 in
1402 622 1483 646 no-

11 662 62 701 tis
93 677 115 701 a
176 675 271 716 pag.

122 724 220 779 634,
247 727 286 768 5.
356 723 439 767 dud
477 723 733 779 Ἶερακιταῖν]
772 727 899 768 habet
928 728 1172 778 anastasim,
1200 742 1230 767 a
1260 728 1483 769 Racitensi-

9 785 110 824 bus.-
154 800 183 823 a
225 783 505 824 liuticensibus
547 783 743 823 miscella.
797 785 1082 824 Haracheuses
1124 791 1247 824 vocat
1276 785 1485 825 Abraham

9 841 282 882 Eccbellensis
311 854 408 894 pag.
439 838 506 879 65.
567 840 801 880 Har-abitas
831 855 872 894 p.
907 840 986 880 158
1020 843 1130 881 inter
1160 840 1385 881 Mahometi
1420 841 1485 882 di·

8 897 190 951 scipulos
211 897 403 951 privatos
431 910 570 936 sensus
600 903 756 946 tenere,
788 902 830 936 et
858 896 1057 937 sectarios
1076 897 1241 947 haberi,
1274 902 1316 938 et
1345 897 1413 938 hic
1440 897 1481 938 in

9 954 258 994 seditionem
289 966 443 1004 versos,
470 952 656 992 declarat
687 954 835 1007 priore
864 953 974 993 loco.

120 1021 232 1061 Ibid.
256 1019 295 1061 6.
354 1017 532 1071 σεισμὸς
558 1020 723 1073 γέγηνεν
737 1019 892 1076 μέγας]
919 1020 1093 1075 paribus
1122 1020 1259 1060 verbis
1286 1035 1381 1060 eum
1409 1020 1485 1061 de·

9 1077 156 1118 scribit
184 1076 445 1131 Nicephorus
483 1090 575 1131 pag.
606 1075 674 1117 38.
734 1084 894 1131 tempus
940 1083 982 1117 et
1018 1077 1103 1116 eius
1141 1076 1403 1117 characteres
1433 1076 1486 1117 ad

8 1133 276 1188 Theophanis
319 1139 499 1173 mentem
538 1134 694 1186 probat
724 1133 916 1173 Petavius
967 1138 1055 1173 not.
1098 1147 1192 1187 pag.
1224 1132 1292 1173 82.
1326 1140 1370 1173 at
1401 1147 1485 1172 non

11 1189 80 1230 ille
107 1189 335 1231 Theodosii
365 1194 558 1242 statuam,
592 1189 663 1230 sed
693 1190 862 1230 Arcadii
892 1189 944 1230 ad
974 1190 1269 1244 Xerolophum
1298 1189 1487 1230 cecidisse

7 1252 203 1287 testatur.

122 1309 221 1363 635,
240 1311 276 1352 1.
335 1310 410 1351 καί
436 1304 691 1352 ἀπαιτοῦσιν
719 1312 779 1360 εἷς
803 1309 962 1351 κανόνα
989 1308 1094 1351 κατὰ
1116 1309 1357 1363 ὅλοκοτίνιν]
1390 1325 1487 1352 ver-

9 1369 63 1408 tit
94 1368 350 1408 Anastasius:
374 1370 666 1423 praecepimus
696 1367 1115 1418 administratoribus,
1146 1378 1186 1408 et
1211 1370 1293 1424 ipsi
1319 1369 1485 1422 eaeigz’nt

8 1427 52 1466 in
82 1426 266 1480 regulam
289 1439 368 1479 pet·
392 1425 564 1477 singulos
582 1439 733 1464 aut-eos
761 1439 926 1464 numum
951 1434 1183 1478 argenteum
1212 1439 1346 1464 unum.
1402 1438 1485 1480 quo

8 1483 239 1536 imperator
260 1490 425 1535 accepto
467 1480 703 1536 aedficavzt
733 1495 895 1529 Μαι-οε,-
930 1490 968 1520 et
995 1490 1056 1520 tta
1078 1480 1205 1536 sacta
1235 1490 1293 1520 est
1320 1494 1487 1521 consue-

8 1539 106 1578 tudo
135 1537 268 1578 dandi
297 1537 414 1577 binas
441 1537 618 1600 siliquas
662 1537 1070 1580 adunantur-acoribus.
1128 1535 1244 1592 quod
1277 1551 1324 1576 ex
1354 1551 1487 1577 cano-

10 1594 71 1634 nis
100 1595 247 1634 amussi
269 1598 342 1644 est,
373 1593 545 1632 canonis
564 1593 688 1633 etiam
705 1594 1031 1646 appellationem
1061 1594 1266 1633 sortitur:
1298 1593 1357 1633 sic
1377 1607 1484 1647 poe-

8 1665 61 1691 na
93 1665 141 1691 ex
169 1650 368 1691 ecclesiae
395 1648 636 1703 disciplina;
667 1665 714 1689 ex
737 1650 823 1703 lege
844 1649 1012 1699 mulcta,
1042 1664 1215 1713 pensum
1243 1648 1485 1716 quodcum-

9 1722 92 1762 que
121 1713 164 1748 et
193 1707 403 1757 tributum
436 1720 483 1746 ex
521 1706 723 1760 principis
764 1706 961 1746 mandato
991 1702 1131 1746 κανών
1161 1711 1233 1745 est.
1292 1701 1484 1746 ὄλοκοτι-

5 1777 84 1814 νιν,
117 1777 282 1804 numum
325 1777 520 1811 aureum,
548 1762 835 1813 μιλιαρίσιον,
866 1771 1127 1828 argenteum3
1156 1757 1361 1812 κεράτιον,
1391 1762 1483 1800 sili.

3 1834 132 1875 quam
164 1819 312 1860 refert.
371 1815 418 1857 τὸ
451 1815 538 1884 γὰρ
561 1818 762 1869 ἀκέραιον
792 1816 981 1869 νόμισμα
1009 1814 1097 1869 ἔχει
1123 1817 1369 1868 μιλιαρίσια
1396 1815 1481 1857 ὀιό-

2 1875 130 1930 δεκα,
157 1869 252 1930 ἦτοι
285 1871 460 1928 κεράτια
502 1869 636 1916 εἴκοσι
678 1874 881 1927 τέσσαρα.
939 1889 1088 1914 numus
1117 1874 1280 1928 integer
1308 1873 1481 1913 miliari-

3 1932 61 1971 sia
93 1932 317 1972 duodecim
338 1931 544 1980 continet,
577 1931 716 1995 inquit
748 1929 984 1970 scholiastes
1013 1930 1173 1970 Basilic.
1205 1931 1336 1982 eclog.
1356 1928 1412 1969 23
1441 1934 1483 1969 et

4 1987 165 2038 Suidas,
195 1984 241 2028 τὸ
271 1984 548 2038 μιλιαρίσιον,
576 1983 623 2026 τὸ
652 1986 729 2026 τοῦ
754 1983 1012 2037 νομίσματος
1038 1983 1084 2026 τό
1115 1985 1379 2026 δωδέκατον
1435 1981 1479 2025 τό

3 2041 51 2084 ἓν
81 2040 277 2097 κεράτιον
306 2043 479 2097 φόλλεις
496 2042 582 2083 εἰσί
607 2040 788 2085 δώδεκα.
844 2042 1015 2097 siliqua,
1048 2042 1164 2082 folles
1193 2047 1289 2081 sunt
1319 2040 1483 2081 duode-

4 2102 100 2140 cim.
159 2100 337 2146 elarius3
369 2099 486 2138 folles
516 2098 739 2140 duodecim
768 2097 985 2154 siliquam,
1012 2099 1186 2154 siliquae
1214 2096 1319 2138 duae
1347 2096 1481 2136 milia-

5 2157 166 2207 risium,
198 2155 411 2196 miliarisia
452 2155 674 2196 duodecim
704 2170 876 2196 numum
917 2161 1190 2210 componunt.
1249 2169 1299 2192 an
1331 2166 1479 2192 aureus

3 2213 69 2263 sit,
98 2219 141 2253 et
168 2210 424 2262 ὁλοκοτίνιν,
454 2211 520 2252 vel
566 2217 788 2276 argenteus
832 2212 1005 2252 dubium
1043 2217 1113 2251 est.
1173 2210 1294 2264 plura
1325 2208 1375 2248 de
1400 2209 1478 2248 illis

0 2270 76 2325 qui
109 2270 161 2310 de
186 2268 447 2324 ponderibus
474 2275 516 2309 et
544 2267 764 2309 mensuris.
794 2267 899 2308 haec
927 2268 979 2307 ad
1008 2266 1272 2320 Theophanis
1301 2271 1343 2305 et
1363 2267 1474 2304 Ana-

2 2326 111 2366 stasii
142 2332 323 2366 mentem
361 2324 560 2365 delibasse
607 2326 714 2366 satis.
781 2325 869 2380 lege
895 2324 1054 2364 Petavii
1097 2321 1394 2362 commentaria
1429 2321 1471 2359 in

2 2381 299 2436 Epiphanium.
356 2380 570 2422 Cedrenus
598 2381 840 2436 exscripsit,
869 2394 930 2428 εις
971 2378 1126 2419 κανόνα
1155 2375 1258 2418 κατὰ
1287 2373 1476 2428 νόμισμα

0 2437 311 2516 ‘giltam'mov‘’
289 2453 346 2479 εν.

0 2503 28 2506 ”
115 2505 224 2546 Ibid.
253 2502 294 2544 4.
350 2507 439 2552 τοῖς
471 2502 720 2556 διοικηταῖς]
759 2503 1013 2544 dioecesanos
1044 2501 1140 2541 alibi
1171 2498 1353 2553 exposui,
1382 2497 1473 2538 εἰσ-

2 2558 244 2617 npdxropag
258 2561 327 2601 hic
356 2561 632 2613 interpretor,
663 2566 705 2600 et
733 2561 960 2600 collectores
986 2558 1233 2605 tributorum,
1264 2569 1314 2595 ac
1346 2555 1473 2594 vecti-

0 2607 166 2682 fllium.
198 2619 284 2658 Leo
325 2617 486 2656 novella
514 2614 587 2656 61.
659 2613 761 2662 τούς
803 2615 878 2655 ἐπι
913 2610 1131 2677 συλλογήν
1147 2611 1231 2650 τῶν
1258 2607 1476 2677 δημοσίων

67 2687 153 2725 ρων
182 2672 546 2722 καθισταμένους·
607 2669 821 2724 διοικητὰς
850 2670 898 2710 δὲ
919 2667 1077 2714 αὐτούς
1108 2663 1131 2719 ἧ
1163 2662 1350 2719 συνήθης
1376 2661 1476 2715 ὅμι-

0 2669 76 2778 a
105 2731 248 2773 καλεῖν
277 2724 376 2770 ouis.
418 2729 694 2794 publicorum
722 2727 973 2792 vectigalizmz
1014 2724 1241 2765 collectioni
1257 2723 1476 2777 praeposi-

0 2791 83 2837 m,
110 2800 211 2842 quos
242 2781 456 2839 διοικητὰς
498 2797 649 2825 vocare
681 2783 904 2824 communis
946 2796 1034 2822 usus
1061 2779 1188 2820 novit.
1247 2776 1362 2818 addit
1391 2779 1474 2818 Ce-

151 2868 393 2914 Theophanes
417 2869 464 2903 11
1163 2859 1208 2895 34
