1728 3184
266 147 363 200 564
763 155 819 198 IN
857 153 1233 197 THEOPHANEM

262 270 387 312 tionis
416 267 537 310 huius
566 268 757 311 meminit
784 269 848 325 Eg
853 269 920 311 mh
925 269 1048 310 trdus
1085 268 1138 308 ad
1168 282 1324 308 annum
1351 266 1449 319 812,
1479 270 1552 324 qui
1583 269 1624 310 in
1654 285 1728 311 an—

262 343 362 368 num
386 325 700 378 succedentem,
741 326 796 367 ob
825 286 1096 381 Theophanis
1128 324 1308 366 calculos
1338 325 1556 379 septennio
1590 327 1728 367 mino-

260 399 341 432 res,
368 382 526 424 incidit.
587 382 791 424 “Michael
821 398 950 438 gener
968 380 1196 436 Nicephori
1229 382 1463 435 imperator
1491 381 1635 434 factus,
1669 383 1728 424 le-

260 445 378 495 gatos
408 439 673 505 imperatoris
719 439 860 481 Caroli
900 440 974 495 qui
1014 438 1066 479 ad
1094 437 1382 492 Nicephorum
1412 437 1519 478 missi
1546 439 1728 491 suerunt,

261 498 303 536 in
332 497 413 537 (ΣΡ.
443 497 637 551 suscepit,
670 503 711 538 et
741 496 936 536 absolvit:
967 510 1061 536 cum
1096 494 1245 550 quibus
1274 501 1317 536 et
1342 508 1437 535 suos
1471 495 1627 548 legatos
1659 496 1728 536 di-

260 554 385 601 rexit,
419 553 664 593 Michaelem
690 554 774 607 epis
779 567 945 608 eopum,
988 557 1030 592 et
1061 550 1333 606 Arsaphium,
1362 557 1488 606 atque
1515 552 1728 608 Theogni-

258 614 367 650 stum
396 609 816 664 Protospatharium.
862 613 903 650 et
942 624 1020 664 pcr
1052 623 1121 650 eos
1168 622 1313 664 pacem
1341 623 1365 649 a
1394 583 1660 665 Nicephoro”
1665 610 1728 650 in-

261 675 426 722 ceptam
455 667 736 716 confirmavit,
764 668 867 706 etc.'’

370 729 643 785 774,1.ει’ς
671 729 926 786 'Aqmvm'ml
960 732 1130 773 insulam
1151 731 1466 787 Propontidos3
1496 733 1728 788 Ophiusam

259 791 490 831 correctius
519 790 688 840 dixeris,
718 788 769 828 ad
811 804 933 844 quam
969 789 1116 844 loseph
1143 789 1541 843 Thessalonicensis,
1571 797 1614 832 et
1644 790 1728 832 eius

258 849 393 889 frater
423 847 674 887 Theodorus
702 844 856 886 studita
889 846 1124 886 exularunt.

368 914 479 956 Ibid.
516 913 578 954 18.
656 910 716 961 εἷς
763 909 808 954 τὸ
846 908 1014 965 Βαγδά]
1059 913 1116 954 ita
1163 913 1316 954 Graeci
1365 913 1529 955 codices
1571 914 1726 955 cuncti.

258 971 489 1012 Anastasius
523 976 566 1011 et
609 969 785 1010 miscella
819 969 975 1023 Bagda.
1046 971 1302 1010 recentiores
1331 969 1494 1024 Bagdat
1534 984 1728 1025 pronun..

255 1027 374 1068 tiant.
431 1027 643 1067 Abraham
687 1026 962 1066 Ecchellensis
1005 1025 1046 1065 in
1087 1026 1261 1067 historia
1291 1027 1539 1068 saracenica
1583 1028 1728 1068 “Abu-

255 1084 387 1138 giafar
415 1083 608 1124 Abd-alla
639 1083 819 1133 (ultimus
847 1090 906 1123 est
926 1082 1044 1123 huius
1075 1083 1251 1123 nominis
1281 1098 1303 1122 a
1332 1083 1589 1139 Theophane
1620 1085 1728 1124 inter

255 1141 442 1181 Arabum
474 1139 684 1195 principes
706 1140 789 1180 sive
809 1139 1001 1193 Caliphas
1032 1140 1269 1191 recensitus)
1301 1140 1537 1180 construxit
1565 1140 1728 1195 Bagda-

257 1196 371 1245 dum,
402 1196 486 1238 sive
516 1196 795 1252 Babylonem,
826 1202 867 1237 et
895 1196 1073 1237 incoluit
1105 1212 1196 1237 eam
1226 1211 1335 1236 anno
1364 1196 1590 1238 centesimo
1622 1213 1728 1254 qua-

254 1253 488 1309 dingesimo
521 1253 710 1309 quintol’

364 1317 698 1373 775,1Q.‹51a'
743 1320 974 1374 σιγιλλίων]
1021 1321 1132 1362 haud
1168 1321 1344 1375 sigillum
1384 1321 1536 1371 modo,
1572 1320 1640 1362 sed
1686 1327 1728 1362 et

252 1378 450 1434 diploma,
479 1393 548 1419 cui
565 1378 670 1418 solet
695 1378 866 1433 apponi,
900 1375 946 1419 τὸ
979 1376 1182 1431 σιγίλλιον
1214 1378 1359 1417 rescit.
1388 1376 1577 1434 σιγιλλιίο
1612 1393 1728 1418 ιιιιιιι-

252 1450 347 1491 que,
378 1430 564 1491 σφράγις
592 1436 786 1489 sigillum,
819 1441 861 1476 et
892 1435 1094 1489 principis
1121 1433 1339 1474 character
1367 1417 1621 1489 adiungitiir.
1649 1435 1728 1489 ipsi

250 1498 382 1533 textus
414 1508 435 1532 a
468 1491 652 1532 Meursio
694 1492 734 1532 in
777 1490 960 1532 medium
991 1491 1162 1532 adducti
1201 1490 1244 1530 id
1274 1491 1726 1531 convincunt.1sacii

249 1549 451 1588 comneni
480 1549 620 1588 Const.
658 1544 806 1595 καθώς
843 1562 914 1588 και
959 1547 1004 1588 ἐν
1035 1551 1123 1596 τοῖς
1154 1548 1375 1600 σιγιλλιόις
1412 1546 1495 1587 τῶν
1524 1548 1727 1588 παλαιῶν

248 1600 603 1659 α’ναγράφονται·
623 1614 745 1658 prout
773 1607 818 1646 ἰη
843 1612 1023 1644 veteram
1055 1603 1348 1672 diplomatibus
1367 1605 1552 1672 rcfirtur.
1609 1604 1726 1644 Con-

245 1661 415 1701 stantini
445 1661 495 1702 de
525 1660 756 1704 administr.
790 1662 889 1716 imp.
911 1659 1108 1708 δεδωκώς
1134 1674 1231 1713 περι
1251 1658 1397 1699 αυτῶν
1419 1675 1487 1700 και
1521 1661 1725 1711 σιγίλλιον

247 1717 293 1756 ἑν
320 1717 373 1771 τῇ
403 1716 512 1772 αὐτῇ
534 1714 824 1771 μητροπόλει·
900 1715 995 1757 dato
1038 1717 1082 1757 in
1111 1718 1200 1781 ipsa
1239 1716 1452 1781 metropoli
1483 1716 1724 1758 d1l0mate.

247 1773 451 1813 Methodii
484 1774 526 1813 in
556 1774 674 1827 epist.
718 1774 769 1814 ad
792 1774 1084 1842 'Zygomalam.
1141 1768 1193 1812 τὰ
1234 1769 1316 1825 γάρ
1346 1770 1477 1812 πάλαι
1538 1769 1583 1813 ici
1613 1788 1726 1825 χρυ-

246 1827 490 1880 σοβούλλων
530 1844 599 1870 και
639 1829 854 1882 σιγιλλίων
893 1828 1194 1881 διακριθέντα·
1273 1842 1376 1883 quae
1419 1830 1621 1885 quondam
1646 1842 1725 1885 per

245 1899 391 1926 aureas
422 1885 570 1936 bullas,
601 1895 639 1926 et
668 1884 901 1941 diplomata
931 1885 1180 1925 diiudicata.

357 1950 454 2000 776,
488 1950 527 1992 4.
588 1947 617 1992 ἃ
646 1953 696 2007 τῇ
723 1949 938 2018 προφάσει
975 1952 1049 1992 τοῦ
1079 1947 1331 2007 Νικηφόρου
1373 1950 1450 1992 τοῦ
1479 1949 1723 1992 καταλύτου

246 2008 332 2049 τῶν
354 2008 629 2061 Χριστιανων
657 1997 919 2063 μεμάθηκεν]
948 2008 1002 2049 ad
1034 2023 1190 2049 annum
1220 2007 1449 2063 Nicephori
1476 2007 1501 2049 7
1532 2022 1625 2063 pag.
1640 2004 1722 2048 410

251 2065 303 2106 de
333 2064 403 2105 illo
431 2066 620 2119 superius
653 2065 807 2120 agitur.

357 2131 454 2180 779,
505 2131 542 2172 2.
600 2132 679 2172 τοῦ
715 2127 839 2185 ἁγίου
880 2131 1152 2187 Χαρίτωνος]
1200 2131 1303 2173 haec
1349 2132 1402 2172 ad
1431 2130 1644 2172 Bethleem
1681 2136 1723 2171 et

246 2187 435 2229 Rachelis
465 2189 731 2243 sepulchrum
763 2195 985 2239 exstructa,
1017 2204 1140 2243 quam
1159 2189 1305 2230 vidisse
1332 2203 1374 2229 se
1389 2188 1594 2243 Georgius
1611 2187 1722 2243 Syn-

247 2245 374 2284 cellus
397 2250 573 2286 testatur
602 2260 696 2300 pag.
709 2244 776 2286 57.
805 2245 921 2286 laura
942 2260 1077 2299 pomo
1099 2246 1229 2286 maius
1255 2244 1555 2286 monasterium
1588 2251 1660 2294 est,
1679 2251 1723 2285 et

246 2301 445 2342 cellarum
476 2302 527 2342 ab
559 2301 735 2342 invicem
765 2301 927 2343 dissitm
932 2317 1000 2342 um
1029 2309 1071 2342 et
1099 2317 1178 2357 per
1211 2318 1342 2358 aequa
1372 2301 1503 2356 spatia
1521 2301 1720 2341 distribu-

247 2362 386 2398 tarum
417 2359 612 2399 ordinata
639 2358 856 2400 collectio:
898 2358 1030 2414 qualis
1061 2358 1437 2400 camaldulensium
1467 2357 1532 2398 vel
1563 2358 1719 2397 Cartu-

246 2414 474 2455 sianorum.
533 2415 711 2470 Cyrillus
740 2415 782 2454 in
815 2416 857 2457 S.
876 2415 1009 2456 Sabae
1027 2416 1135 2458 vita:
1169 2430 1243 2455 nos
1273 2429 1446 2472 quoque
1474 2413 1528 2454 ad
1557 2427 1719 2454 memo..

246 2478 387 2512 ratum
413 2464 594 2528 Syncelli
622 2472 787 2526 locum,
817 2478 860 2512 et
894 2471 946 2512 ad
974 2487 1066 2527 pag.
1085 2471 1179 2513 239.

356 2543 452 2595 783,
484 2544 525 2585 8.
582 2559 641 2593 ως
667 2543 847 2597 εὐσεβεῖ,
874 2558 919 2584 τε
948 2560 1017 2586 και
1046 2541 1351 2601 ἀνδρειοτάτῳ]
1384 2560 1434 2585 an
1467 2559 1551 2586 non
1582 2545 1719 2587 eccle-

245 2599 328 2640 siae
358 2600 526 2642 demum
554 2607 804 2656 persecutor
833 2601 979 2652 factus,
996 2601 1148 2642 Christi
1180 2615 1321 2643 servos
1352 2601 1582 2643 crudeliter
1611 2602 1719 2644 affii-

245 2657 332 2697 xit?
399 2658 485 2699 eius
521 2657 736 2712 impietate
782 2657 967 2697 nondum
995 2659 1230 2724 patefacta,
1270 2657 1572 2713 Theophanem
1615 2659 1718 2699 haec

246 2712 454 2766 scripsisse
483 2715 754 2756 credendum.
787 2714 874 2770 ipse
903 2729 1029 2769 quam
1055 2711 1215 2769 α’σεβὴς
1245 2727 1318 2755 και
1344 2714 1561 2769 θηριώδης
1576 2715 1715 2769 Λέων,

246 2769 515 2823 postmodum
543 2771 821 2827 Theophanes
853 2776 1046 2830 expertus
1080 2778 1152 2812 est.
1184 2771 1278 2813 vide
1307 2785 1400 2827 pag.
1430 2769 1527 2811 431.
