1794 3250
268 165 366 224 256
466 182 750 225 ANAs‘msu
795 180 1055 224 HisTomA
1095 179 1515 226 EchEfflAs'rlca

266 299 464 341 serenitas
503 313 572 339 eos
603 298 791 354 cepisset,
821 298 1229 339 circumferebantur
1267 296 1308 336 in
1339 297 1499 353 pelago.
1558 312 1739 355 cumque

267 363 407 397 terrae
435 355 618 410 proximi
659 360 928 406 tenerentur,
978 354 1176 395 viderunt
1214 368 1283 394 eos
1311 359 1543 407 praetores,
1577 361 1619 396 et
1649 357 1738 398 acie

266 413 427 453 directa
459 412 703 467 praeparati
746 417 843 452 sunt
890 411 940 451 ad
969 411 1220 452 bellandum.
1293 409 1553 465 Theophilus
1597 418 1738 453 autem

268 469 624 524 Cibyraeotorum
653 474 853 522 praetor,
891 482 986 507 cum
1025 468 1091 507 vir
1130 472 1232 507 esset
1265 466 1460 507 robustus
1489 475 1615 524 atque
1643 469 1737 508 for.

267 525 458 576 tissimus,
491 525 584 564 fisus
614 531 656 565 et
682 531 779 564 ante
813 538 954 565 omnes
984 537 1164 577 egressus
1213 527 1350 562 tentus
1380 530 1440 564 est
1469 524 1519 565 ab
1550 525 1635 576 eis;
1665 525 1737 580 qui

266 596 362 622 cum
391 581 538 622 ductus
570 580 621 621 ad
653 583 794 621 Aaron
825 581 966 621 fuisset
995 581 1046 620 ab
1077 593 1126 621 eo
1157 578 1372 629 videndus,
1402 579 1646 622 adhortatus
1677 588 1737 622 est

266 645 316 679 ut
345 638 544 693 proditor
574 638 695 678 fieret
739 645 781 678 et
810 636 1058 691 temporalia
1101 635 1211 675 dona
1239 635 1482 689 susciperet.
1541 638 1613 692 qui
1643 653 1738 678 cum

265 695 350 736 hoc
380 695 610 735 nullatenus
630 693 868 744 admisisset,
898 708 976 747 per
997 693 1256 748 ampliusque
1286 698 1454 732 coactus
1472 707 1738 749 nequaquam

268 751 474 802 cessisset,
520 749 646 806 gladii
675 750 1075 791 animadversionem
1119 749 1321 790 sustinens
1360 755 1525 805 martyr
1556 751 1738 806 optimus

269 815 330 849 est
357 815 553 849 ostensus.

377 874 524 916 Mundi
555 888 664 915 anno
685 873 809 924 6283,
843 874 1007 915 divinae
1031 872 1331 914 incarnationis
1361 887 1470 913 anno
1502 871 1598 923 783,
1628 887 1737 914 anno

266 945 370 972 vero
402 931 569 985 imperii
597 932 857 972 Constantini
887 931 1028 985 primo
1059 943 1198 970 mense
1227 929 1509 983 Septembrio,
1540 929 1741 970 indictio..

267 988 328 1028 nis
358 988 542 1028 decimae
573 995 774 1043 quartae,
805 994 1011 1028 venerunt
1052 986 1126 1041 qui
1156 985 1406 1027 adiurabant
1437 985 1490 1026 ad
1519 987 1740 1027 Armenia-

267 1059 418 1085 corum
447 1045 614 1096 tliema3
662 1044 734 1099 qui
764 1044 906 1084 iurare
942 1042 1111 1083 minime
1148 1048 1472 1089 consenserunt,
1513 1043 1611 1098 quia
1655 1058 1739 1083 non

266 1101 569 1156 imperabimur
613 1115 636 1140 a
666 1101 751 1140 filio
799 1107 873 1141 tuo
907 1100 946 1139 iu
979 1100 1063 1139 vita
1095 1106 1179 1149 tua,
1223 1100 1293 1138 sed
1325 1114 1401 1138 nec
1429 1098 1740 1154 praeponimus,

267 1158 476 1213 inquiunt,
507 1171 657 1197 nomen
687 1157 891 1197 Heirenae
921 1162 1016 1195 ante
1040 1154 1303 1195 Constantini
1332 1169 1496 1206 nornen,
1523 1151 1594 1197 sed
1625 1156 1739 1196 Con..

266 1214 437 1256 stantini
467 1220 509 1253 et
539 1214 768 1263 Heirenae,
813 1219 860 1252 ut
889 1212 941 1252 ab
972 1211 1093 1252 initio
1125 1211 1389 1264 suscepimus.
1461 1212 1570 1252 misit
1601 1219 1741 1253 autem

268 1271 422 1311 iterum
455 1270 506 1310 ad
537 1269 834 1310 inflectendum
864 1283 930 1309 eos
977 1268 1162 1308 Alexium
1190 1267 1447 1321 spatharium
1477 1274 1520 1308 et
1553 1268 1740 1323 drunga-

135 1349 172 1386 Ρ,
187 1337 256 1374 723
269 1328 379 1367 rium
403 1327 578 1383 vigiliae.
637 1333 680 1366 at
709 1326 767 1366 illi
796 1331 981 1367 tenentes
1008 1340 1116 1371 eum,
1148 1329 1194 1364 ut
1221 1323 1300 1364 sibi
1329 1332 1551 1378 praeesset,
1586 1338 1741 1379 prove..

266 1390 427 1425 xerunt.
485 1382 770 1437 Nicephorum
799 1396 901 1422 vero
922 1382 1145 1435 patricium
1177 1388 1219 1421 et
1239 1388 1483 1435 praetorem
1512 1396 1632 1422 suum
1664 1396 1741 1422 cu·

266 1440 424 1481 stodiae
459 1440 772 1494 manciparunt,
802 1439 1206 1493 Constantinumque
1251 1437 1385 1477 solum
1425 1438 1657 1493 principem
1699 1443 1741 1478 et

267 1497 568 1552 imperatorem
599 1496 879 1536 laudaverunt
916 1502 959 1535 et
1001 1495 1347 1534 acclamaverunt.
1407 1494 1488 1535 hoc
1517 1500 1740 1548 comperto

267 1554 530 1609 reliquorum
560 1553 707 1606 populi
735 1552 979 1601 thematum,
1007 1551 1278 1605 praetoribus
1307 1549 1387 1591 suis
1418 1551 1591 1605 expulsis
1624 1552 1740 1592 Con..

265 1610 493 1650 stantinum
522 1614 686 1649 tantum
717 1608 1017 1663 imperatorem
1040 1615 1082 1648 et
1113 1607 1188 1662 ipsi
1219 1606 1533 1660 praedicabant.
1593 1621 1618 1646 o
1650 1622 1740 1647 ma-

266 1666 367 1722 ligni
398 1665 553 1706 diaboli
574 1665 788 1714 versatim,
821 1664 1036 1719 quomodo
1068 1679 1147 1718 per
1179 1664 1309 1703 multa
1332 1664 1740 1719 studet-argumenta

266 1737 394 1777 genus
424 1723 644 1762 hominum
682 1721 891 1777 perdere!
973 1720 1046 1776 qui
1078 1722 1189 1761 enim
1217 1727 1314 1760 ante
1346 1719 1584 1775 quindecim
1615 1735 1743 1760 annos

267 1779 449 1820 terribili
489 1777 762 1818 iureiurando
817 1777 1064 1818 iuraverunt
1109 1784 1151 1818 et
1205 1778 1313 1816 facta
1356 1777 1560 1830 propriae
1598 1791 1741 1817 manus

266 1836 423 1890 scripta
470 1835 511 1874 in
559 1839 703 1874 sancto
746 1833 946 1874 tribunali
977 1833 1332 1882 recondiderunt,
1362 1834 1517 1873 iterum
1547 1833 1745 1873 iurabant

267 1906 311 1932 se
342 1907 364 1931 a
390 1891 476 1931 filio
508 1891 594 1931 eius
636 1905 719 1930 non
761 1890 1028 1945 imperandos
1066 1889 1106 1929 in
1135 1890 1221 1930 vita
1253 1888 1391 1943 ipsius,
1422 1895 1464 1929 et
1494 1904 1636 1930 rursus
1663 1889 1744 1929 hoc

270 1948 475 1988 oblivioni
504 1946 713 1987 tradentes
755 1947 1074 1987 Constantinum
1114 1945 1415 2000 imperatorem
1444 1946 1580 1987 bonae
1610 1946 1744 1986 famae

268 2004 460 2044 laudibus
491 2004 728 2054 efferebant,
757 2018 840 2043 non
866 2002 1169 2058 perpendentes
1190 2002 1330 2042 miseri
1358 2001 1473 2057 quod
1491 2016 1576 2042 non
1610 2016 1741 2056 opor-

269 2067 358 2101 teat
391 2061 657 2114 reciproeum
695 2059 786 2099 fieri
830 2059 1122 2100 iuramentum.
1191 2058 1405 2099 necessitas
1435 2059 1546 2099 enim
1578 2059 1744 2098 incum-

269 2117 335 2158 bit
363 2123 411 2158 ut
440 2131 606 2157 omnem
651 2116 914 2169 reciprocam
960 2115 1214 2156 iurationem
1252 2115 1488 2168 periurium
1519 2115 1745 2170 subsequa-

271 2179 356 2216 tur.
414 2173 649 2228 periurium
685 2180 823 2212 autem
867 2178 926 2213 est
970 2171 1191 2226 abnegatio
1235 2171 1314 2211 dei.
1394 2171 1560 2212 collecti
1604 2179 1744 2211 autem

273 2229 484 2271 octobrio
506 2243 644 2270 mense
661 2228 846 2269 decimae
861 2235 1035 2284 quartae
1055 2228 1294 2268 indictionis
1312 2227 1354 2267 hi
1376 2229 1446 2283 qui
1469 2242 1516 2268 ex
1546 2227 1746 2267 themati-4

270 2287 347 2327 bus
378 2292 498 2327 eraut
528 2286 642 2340 apud
671 2286 858 2335 Atroam,
903 2285 1188 2341 exquisierunt
1219 2299 1360 2325 omnes
1391 2284 1603 2324 communi
1638 2300 1745 2324 con-

271 2343 364 2384 silio
385 2342 702 2383 Constantinum
731 2341 1051 2396 imperatorem,
1082 2340 1325 2381 vicesimum
1356 2347 1546 2395 agentem
1576 2355 1743 2380 annum.

274 2400 423 2440 timens
453 2405 593 2439 autem
621 2397 803 2438 Heirene
831 2398 1032 2451 impetum
1061 2398 1209 2452 populi
1231 2398 1411 2438 absolvit
1441 2412 1552 2437 eum.
1600 2402 1655 2436 at
1685 2396 1744 2436 illi

271 2455 385 2497 hunc
414 2454 583 2511 quidem
612 2455 914 2509 imperatorem
947 2454 1282 2505 affirmaverunt,
1330 2453 1452 2494 huius
1486 2458 1623 2493 autem
1652 2468 1744 2493 ma.-

141 2518 384 2574 p,724trem
415 2517 678 2567 respuerunt.
736 2517 957 2564 praeterea
991 2511 1142 2552 direxit
1170 2511 1366 2564 protinus
1397 2510 1630 2564 imperator
1661 2510 1744 2549 Mi..

275 2569 460 2609 chaelem
497 2567 925 2609 Lachanodraconem
964 2573 1005 2607 et
1049 2569 1248 2607 Ioannem
1297 2566 1483 2607 baiulum
1524 2580 1643 2606 suum
1694 2579 1745 2604 ac

273 2625 688 2680 protospatharium,
719 2631 760 2663 et
790 2623 1031 2664 iuramentis
1065 2623 1347 2663 submiserunt
1379 2623 1659 2672 Armeniacos,
1694 2635 1745 2661 ne

272 2682 530 2736 susciperent
562 2681 785 2722 Heirenem
817 2685 995 2720 matrem
1035 2694 1150 2719 suam
1177 2680 1500 2734 imperatricem.
1558 2678 1745 2718 Alexium

272 2753 376 2778 vero
407 2738 671 2778 confirmavit
700 2737 740 2776 in
774 2742 1014 2791 praetorem
1055 2751 1189 2776 suum.
1248 2743 1291 2776 et
1323 2751 1420 2776 cum
1450 2734 1637 2775 rediisset
1663 2734 1746 2773 im-

272 2800 449 2850 perator
478 2795 517 2835 in
549 2795 696 2835 urbem
722 2807 861 2835 mense
884 2790 1148 2843 Decembrio‚
1178 2806 1342 2834 caesum
1371 2799 1413 2834 et
1440 2798 1607 2834 tonsum
1621 2791 1744 2833 Stau-
